2898 4836
400 507 514 562 Joauuis
532 508 573 562 IX
592 507 777 562 Pontificatus.
1116 507 1152 560 33

51 647 235 714 l'lodoardus
259 650 348 714 idem
373 653 407 713 in
432 671 490 714 suo
516 649 682 714 Theodori
706 649 811 732 slogio
837 647 984 712 indicare
1011 649 1150 714 videtur.

48 747 125 810 Haec
147 747 247 812 babet
269 750 339 832 ipse
364 748 405 812 de
428 749 577 811 Romano
601 771 639 811 ac
665 747 706 810 de
722 746 895 810 Theodoro
915 746 1149 812 Pontificibus:

123 871 218 946 „Post
241 870 331 936 hunc
354 872 428 936 lucc
452 871 547 935 brevi
571 871 711 935 Romani
736 873 885 954 regmina
909 883 1060 956 snrgunt3

121 970 271 1050 Quatuor
293 970 382 1034 haud
406 970 520 1056 plenos
543 978 689 1033 tractans
713 971 740 1033 is
764 969 909 1033 culmine
933 991 1071 1034 menses.

120 1068 192 1148 Quo
216 1079 311 1152 rapto
335 1067 488 1132 breviore
512 1066 602 1131 subit
624 1068 757 1152 fastigia
781 1078 866 1130 sorte

121 1164 269 1230 Dilectus
291 1165 377 1230 clero
402 1164 606 1245 Theodorus,
631 1167 723 1250 pacis
747 1167 884 1229 amicus.

118 1264 174 1327 Bis
198 1263 301 1328 denos
324 1263 473 1327 Romana
497 1263 568 1327 dics
592 1265 648 1349 qui
667 1264 746 1349 jura
768 1261 967 1346 gubernans,

117 1359 254 1424 Sobrius
278 1371 311 1424 et
333 1370 442 1424 castus
464 1363 572 1446 patria
595 1360 741 1424 bonitate
765 1359 914 1440 refertur,

117 1459 214 1522 Vixit
236 1459 438 1545 pauperibus
462 1459 603 1523 diffusus
626 1468 753 1522 amator
776 1467 808 1520 et
831 1457 923 1523 altor.

117 1555 182 1620 Hic
206 1556 364 1644 populum
389 1556 504 1620 docuit
527 1566 721 1620 connectere
746 1555 881 1620 vincula
905 1558 1007 1641 pacis,

116 1657 229 1740 Atque
252 1655 438 1718 sacerdotes
462 1654 617 1718 concordi
642 1655 699 1718 ubi
719 1655 836 1740 junxit
858 1653 990 1734 honore,

114 1753 203 1816 Dum
229 1755 371 1839 propriis
394 1763 531 1816 revocat
553 1753 711 1816 dissectos
735 1752 879 1831 sedibus,
904 1753 975 1837 ipse

117 1847 345 1936 Complacitus
369 1853 497 1935 rapitur
521 1850 653 1914 decreta
678 1850 754 1913 sede
778 1849 1002 1931 locandus“¹)

38 1965 245 2051 Suspicantur
279 1964 381 2050 aliqui
416 1974 583 2049 auctores,
620 1974 690 2028 tum
723 1965 909 2029 Romanum
945 1973 1014 2027 tum
1047 1965 1150 2030 Theo-

38 2062 143 2127 dorum
168 2063 350 2128 factionum
377 2063 507 2126 insidiis
530 2086 571 2126 ac
595 2065 629 2127 vi
659 2063 809 2126 emedio
835 2060 980 2126 sublatos
1003 2062 1151 2142 fuisse32)

37 2159 64 2222 id
92 2171 203 2225 tamen
235 2183 276 2224 ex
311 2163 442 2224 coaevis
466 2160 682 2248 scriptoribus
706 2160 796 2226 haud
821 2162 961 2243 eruitur,
995 2183 1057 2224 nec
1080 2183 1150 2246 pro-

36 2257 112 2320 lecto
154 2279 197 2320 ex
230 2259 392 2344 ejusmodi
425 2258 512 2323 facto
546 2257 674 2346 aliquid
708 2268 821 2323 contra
855 2259 943 2343 ipsos
974 2257 1152 2322 Pontifices

36 2355 136 2440 colligi
161 2366 280 2441 posset.
312 2355 528 2421 Pontificatus
552 2356 663 2420 brevis
679 2357 878 2422 Pontificum
903 2355 1047 2441 plurium
1065 2355 1152 2420 illius

35 2456 184 2540 temporis
207 2454 285 2518 inde
310 2456 418 2540 potius
442 2455 641 2539 repetendus
664 2454 806 2536 videtur,
841 2455 929 2540 quod
954 2464 1062 2517 essent
1079 2453 1152 2540 jam

35 2559 196 2615 senectute
219 2553 379 2637 provecti.
410 2552 450 2615 In
474 2550 556 2616 tales
580 2553 668 2616 enirn
694 2554 781 2615 viros
805 2550 936 2616 facilius
951 2551 1062 2638 aliqua
1077 2574 1151 2615 con·

34 2647 141 2713 cordia
170 2659 322 2714 votorum
354 2649 486 2713 turbata
509 2672 548 2713 ea
572 2659 679 2713 aetate
703 2649 844 2715 obtineri
868 2657 1012 2735 poterat,
1050 2671 1149 2734 quam

33 2745 62 2810 11
84 2745 189 2836 :viros
218 2747 396 2832 juventute
431 2745 597 2828 valentes,
634 2769 773 2833 quorum
808 2749 956 2831 vigorem
991 2747 1151 2812 factiones

33 2845 133 2929 magis
157 2844 429 2910 reformidabant.

1200 435 1213 479 l

116 2943 171 3007 32.
193 2943 273 3008 Post
288 2942 453 3008 Theodori
478 2955 617 3006 mortem
643 2945 676 3006 11
701 2945 867 3007 creatione
884 2945 963 3007 novi
980 2943 1150 3008 Pontificio
1169 2951 1312 3015 11111111·

32 3037 194 3104 discordia
218 3043 337 3104 iterum
362 3053 432 3104 orta
456 3053 514 3104 est.
554 3040 631 3105 Jam
655 3063 707 3104 res
731 3042 765 3104 in
789 3063 827 3104 eo
853 3049 931 3120 erat,
957 3051 993 3104 ut
1016 3041 1150 3126 Sergius

30 3137 197 3202 Romanae
209 3138 368 3203 ecclesiae
380 3137 566 3202 Cardinalis
579 3137 752 3222 presbyter
763 3137 830 3224 (vel
844 3137 1017 3219 diaconus)
1030 3138 1150 3204 Sedem

32 3235 253 3320 Apostolicam
283 3235 459 3316 obtineret,
489 3245 648 3321 quantum
679 3236 812 3300 videtur
840 3236 970 3301 influxu
997 3236 1151 3301 factionis

30 3332 139 3398 Italae.
173 3333 238 3398 Sed
256 3345 434 3420 antequam
452 3333 670 3417 ordinaretur,
695 3357 737 3398 ex
754 3334 835 3399 urbe
850 3333 963 3420 pulsus
980 3343 1044 3416 est3
1068 3335 1150 3400 sorte

30 3435 81 3517 qui
96 3434 236 3497 factioni
253 3431 474 3497 Germanicae
488 3432 614 3496 addicti
630 3443 733 3514 erant,
755 3434 819 3496 viri
832 3433 981 3516 vigorem
997 3431 1150 3496 formida·

30 3529 117 3594 bant.
132 3530 268 3594 Electus
282 3540 331 3594 est
342 3551 455 3594 mense
463 3530 484 3595 J
487 3532 565 3594 unio
577 3554 606 3596 a.
617 3531 681 3595 898
695 3529 933 3594 inPontilicem
941 3531 1085 3594 Joauass
1094 3531 1150 3611 IX,

30 3627 233 3710 Tiburtinus
259 3627 395 3694 Ordinis
412 3628 620 3692 Benedictini
645 3627 837 3710 monachus,
863 3628 1021 3692 diaeonus
1038 3625 1150 3691 Cardi-

29 3725 121 3805 nalis,
146 3748 245 3812 quem
269 3749 289 3789 a
313 3725 463 3811 partibus
486 3726 630 3812 politicis
655 3725 800 3790 alienum
824 3727 925 3789 fuisse
941 3724 1149 3793 crediderim.

29 3823 234 3908 Dignissima
257 3826 384 3888 ratione
409 3823 462 3888 hic
486 3825 642 3888 Pontifex
663 3822 849 3887 Ecclesiam
877 3822 1086 3906 gubernavit,
1111 3845 1150 3887 ac

29 3921 164 4003 synodis
188 3921 318 3986 duabus
342 3921 476 4003 Romae,
501 3921 567 3985 alia
592 3921 771 3985 Ravennae
796 3920 929 4002 habitis,
955 3920 1150 4006 disciplinae

29 4021 184 4102 providit,
210 4019 458 4106 discordiasque
482 4021 615 4106 sopivit.
652 4017 746 4099 Quae
770 4020 805 4083 in
829 4041 929 4084 eausa
943 4019 971 4083 F
973 4021 1093 4083 ormosi
1118 4031 1151 4083 et

29 4117 273 4183 ordinationum
298 4118 370 4202 ejus
393 4129 468 4182 acta
492 4121 566 4200 sint,
592 4119 744 4203 superius
762 4119 834 4203 jam
859 4116 1014 4180 vidimus.

30 4241 360 4356 ’1111111111
379 4286 397 4342 1.
418 4303 438 4340 0.
458 4303 484 4356 p.
503 4288 547 4343 31.
639 4285 816 4354 11111111,
836 4288 863 4341 o.
884 4285 1032 4352 c.,n1v.
1052 4291 1075 4357 5.
1089 4289 1149 4340 511.

54 4387 195 4436 dangmarus,
212 4387 396 4426 Dissertationum.
412 4387 477 4426 Tem.
493 4387 533 4427 1v.
1024 4379 1041 4430 3
