2932 4836
153 627 236 672 munt
249 631 294 682 epi-

190 692 257 741 scopi.

315 482 370 536 342
632 481 721 538 XVII.
759 481 800 536 De
818 481 962 538 schismate
979 481 1122 536 Photiano.

405 624 458 690 30.
494 625 601 710 Major
633 645 709 710 pars
745 623 935 710 praesulum
968 627 1090 710 ignavo
1124 626 1223 691 corde
1261 627 1296 692 in
1329 627 1424 692 Photii

313 723 556 787 ordinationem
581 732 806 805 consenserat,
839 722 1021 788 sedetiam
1045 723 1092 788 illi
1125 725 1182 810 qui
1205 723 1337 808 Ignatio
1360 725 1423 790 fide·

311 820 439 886 litatem
463 830 644 902 servarant,
669 819 798 906 decepti
822 830 899 886 suut
920 843 942 885 a
965 821 1103 903 Photio,
1128 824 1186 906 qui
1209 825 1343 908 scriptis
1364 846 1423 908 pro·

312 919 416 1000 misit,
441 941 476 983 se
491 919 659 1004 Ignatium
683 918 875 986 habiturum
899 941 968 982 esse
991 930 1028 983 ut
1042 929 1179 1004 patrem,
1205 931 1238 983 et
1253 923 1424 986 secuudum

313 1016 384 1102 ejus
409 1016 546 1082 consilia
571 1038 691 1080 munus
715 1039 810 1082 suum
844 1016 1164 1082 administraturum.
1210 1017 1287 1083 Hac
1311 1021 1426 1084 ratione

312 1115 490 1180 videbatur
522 1137 556 1178 se
579 1113 738 1179 exhibere
768 1125 804 1179 ut
826 1115 948 1200 Ignatii
978 1115 1222 1200 coadjutorem,
1258 1126 1291 1180 et
1314 1140 1334 1180 a
1357 1116 1423 1180 Gre-

310 1215 394 1298 gorii
412 1213 573 1278 Asbestae
597 1212 799 1278 schismatici
823 1215 972 1278 amicitia
993 1212 1158 1280 recedere.
1197 1213 1297 1278 Unde
1312 1215 1424 1278 factum

310 1321 378 1394 est,
421 1322 458 1374 ut
490 1332 605 1374 omnes
637 1312 732 1375 initio
770 1313 1018 1397 acquiescerent
1050 1310 1160 1376 Photii
1193 1312 1425 1397 promotioni.¹l

310 1409 376 1476 Sed
399 1409 494 1474 brevi
519 1419 601 1494 post,
626 1431 737 1474 mense
758 1408 939 1472 Februario
964 1409 1039 1489 858,
1063 1408 1202 1474 Photius
1225 1409 1356 1474 larvam
1379 1411 1424 1474 ab·

303 1509 398 1594 jecit,
423 1519 456 1570 et
479 1516 652 1594 postquam
678 1507 913 1572 documentum
930 1509 1090 1593 scriptum
1113 1509 1267 1592 promissi
1292 1509 1344 1572 sui
1360 1507 1425 1572 dolo

309 1607 535 1691 recuperavit,
560 1604 759 1686 declaravit,
789 1627 908 1670 senec
932 1606 1100 1690 Ignatium
1124 1628 1186 1670 nec
1210 1605 1426 1691 metropolitas

309 1706 341 1768 ei
365 1703 584 1768 adhaerentes
604 1713 641 1767 ut
656 1705 828 1788 episcopos
842 1725 1030 1788 agnoscere,
1055 1702 1199 1790 indeque
1214 1704 1325 1790 coepit
1339 1705 1424 1788 Igna-

308 1803 393 1866 tinm
418 1802 554 1887 ejusque
578 1811 705 1886 partem
722 1800 952 1865 vehementius
973 1804 1137 1886 persequi.
1176 1801 1272 1866 Tunc
1287 1803 1424 1888 episcopi

309 1899 438 1984 ignatio
463 1899 595 1982 fideles,
628 1900 792 1984 perterriti
818 1900 881 1962 viri
905 1900 1047 1963 audacia
1074 1899 1204 1982 dolosa,
1228 1901 1342 1964 animo
1361 1901 1423 1986 jam

309 1999 473 2062 constanti
507 1998 692 2083 usurpatori
726 2019 760 2060 se
792 2019 958 2083 opponere
991 1999 1101 2062 conati
1128 2009 1215 2063 sunt
1263 1996 1425 2062 Converte

308 2105 387 2160 runt
411 2096 512 2178 igitur
535 2117 593 2180 per
617 2095 838 2180 quadraginta
862 2094 932 2158 dies
961 2097 995 2160 in
1019 2095 1159 2160 ecclesia
1182 2117 1208 2160 s.
1232 2095 1362 2176 irenes,
1391 2118 1424 2159 ac

308 2203 473 2279 postremo
488 2193 645 2258 Photium
669 2192 880 2258 declararunt
902 2193 1087 2278 depositum
1111 2203 1144 2258 et
1167 2215 1242 2258 cum
1263 2196 1333 2258 suis
1349 2217 1425 2258 asse-

308 2291 369 2356 clis
392 2292 727 2356 excommunicatum.
774 2291 940 2356 Videntur
962 2300 1072 2356 autem
1097 2301 1167 2356 tum
1191 2293 1255 2378 ipsi
1279 2303 1352 2356 tum
1375 2290 1425 2355 alii

308 2390 493 2476 presbyteri
517 2400 549 2454 et
571 2388 648 2453 laici
680 2391 921 2454 restitutionem
944 2389 1067 2474 Ignatii
1091 2412 1112 2455 a
1133 2390 1296 2476 gubernio
1321 2401 1425 2477 postu-

308 2488 401 2554 lasse.
452 2486 626 2574 Coepcrunt
648 2486 812 2564 nonnulli,
837 2487 953 2552 scribit
975 2487 1172 2553 Anastasius
1195 2487 1216 2553 l.
1241 2511 1288 2570 c.,
1322 2499 1424 2552 metro·
1461 2479 1462 2490 ¹

301 2585 462 2673 politcni,
486 2587 654 2664 antistites,
680 2611 717 2650 oc
739 2587 906 2672 inferioris
928 2586 1117 2664 sacerdotii,
1140 2585 1190 2650 vel
1213 2586 1307 2666 laici,
1325 2587 1428 2674 ponti-

296 2683 374 2768 jieis
397 2686 447 2748 eui
471 2686 633 2749 tormentis
648 2686 870 2769 compatientes
895 2684 1153 2773 dejectionemque
1175 2683 1317 2749 dolentes
1333 2693 1425 2748 recto-

305 2803 370 2844 rem
394 2781 456 2845 eidi
473 2783 643 2868 proprium
664 2781 759 2846 reddi
780 2804 967 2868 magnopere
991 2782 1163 2846 clamitare.
1189 2821 1232 2830 -
1256 2781 1322 2847 Sed
1347 2781 1426 2846 Pho·

292 2880 372 2944 tius
402 2881 437 2944 in
462 2881 630 2966 impietate
654 2902 713 2944 sua
731 2880 803 2966 jam
830 2879 967 2944 ulterius
990 2901 1199 2964 progressus,
1230 2904 1270 2946 ao
1294 2903 1427 2966 usurpa-

305 2979 429 3042 tionem
454 2999 548 3042 suam
566 2977 753 3058 vindicans,
778 2979 812 3042 in
837 2976 976 3042 ecclesia
992 2999 1032 3044 ss.
1048 2977 1281 3064 Apostolorum
1305 3001 1427 3064 conpre-

307 3079 394 3163 9aoit
417 3076 592 3155 concilium,
617 3086 646 3138 ct
663 3099 730 3140 nna
745 3099 812 3139 cnm
836 3075 1019 3161 aequoribus
1038 3079 1104 3142 suit
1125 3075 1278 3163 depositis
1298 3089 1328 3142 et
1343 3079 1427 3141 dom-

304 3175 402 3254 notie,
427 3175 702 3238 eaecommunicatis
725 3185 754 3238 et
768 3175 1044 3238 anathematizatis
1067 3184 1096 3238 et
1111 3174 1187 3238 aliie
1209 3177 1276 3240 sine
1291 3177 1428 3250 sedidem,

305 3281 398 3358 utque
421 3297 490 3336 curn
511 3273 576 3351 leis,
600 3296 622 3336 a
644 3272 755 3356 quidus
777 3271 827 3336 oei
849 3271 904 3336 ille
928 3271 1147 3358 irregulariter
1170 3283 1200 3336 et
1220 3271 1333 3338 illicite
1351 3296 1426 3361 pro·

300 3380 409 3434 nectus
431 3369 563 3456 fucrot,
596 3370 646 3434 cel
668 3393 743 3456 qnos
767 3372 835 3456 ipae
866 3380 978 3436 temere
1001 3396 1039 3435 oe
1061 3371 1199 3436 indebite
1222 3383 1427 3458 provenerat,

306 3549 516 3557 ——-——

380 3661 401 3732 ¹)
420 3661 554 3730 Ignatius,
574 3663 696 3728 quamvis
716 3669 890 3717 recusaverat
907 3662 1112 3728 abdicationem,
1133 3663 1245 3719 videtur
1262 3671 1356 3721 tamen
1375 3667 1428 3735 epi·

304 3739 392 3807 scopis
417 3740 538 3795 fidelibus
563 3742 737 3808 concessisse,
761 3749 794 3796 ut
818 3743 962 3797 successori
988 3759 1021 3798 ex
1046 3749 1125 3814 parte
1150 3745 1296 3800 amicorum
1319 3761 1428 3801 suornm

304 3820 391 3876 electo
416 3821 561 3876 adhaerere
585 3828 702 3891 possent.
740 3821 931 3893 Metrophanes
955 3824 1125 3891 smyrnensis
1150 3825 1289 3893 episcopus
1318 3833 1349 3880 et
1374 3827 1427 3880 dur

303 3899 514 3968 Ignatianorum
532 3902 641 3967 scribit,
659 3919 720 3958 enm
740 3903 949 3968 commendasse,
968 3911 1000 3958 ut
1018 3919 1155 3959 successor
1173 3921 1206 3960 ex
1224 3906 1259 3960 iis
1278 3907 1429 3975 eligeretur

303 3980 349 4047 qui
375 3997 434 4036 cum
458 3981 517 4050 ipso
544 3983 784 4048 communicarent,
812 3989 894 4050 atque
918 3984 960 4039 ita
984 3999 1012 4038 se
1038 3991 1151 4053 putasse
1175 3985 1269 4054 initio,
1296 4003 1325 4041 se
1351 4003 1428 4056 posse

303 4059 430 4114 Photium
455 4077 611 4130 agnoscere.
647 4063 696 4116 Ἠν
721 4082 773 4136 γαρ
798 4063 1119 4135 (trihemitonium,
1144 4065 1172 4118 ἐκ
1196 4070 1243 4132 τῆς
1265 4067 1294 4122 lv
1314 4071 1428 4140 Χριστῷ

301 4139 370 4274 {agi
385 4139 456 4276 q‘ppg
474 4143 611 4209 instinctor
628 4147 807 4216 ψηφίσασθαι
826 4143 1006 4217 πατριάρχην.
1044 4143 1095 4214 Ep.
1113 4145 1248 4214 Metroph.
1275 4163 1316 4216 ap.
1338 4149 1426 4204 blansi
