2922 4832
302 447 357 500 184
541 445 601 502 XX.
621 445 661 500 De
679 452 755 500 stetu
773 445 844 501 Eeel.
864 445 951 500 medio
968 461 1038 500 seen
1057 447 1205 502 undecimo.

297 600 407 672 vento,
433 609 519 654 novo
544 599 643 676 atque
668 591 809 654 infausto
833 588 934 674 hujus
958 592 1112 677 aucupio,
1143 589 1226 656 haee
1250 593 1284 657 in
1306 593 1400 658 Ecele

295 690 378 754 siam
402 687 591 752 introducta
615 696 664 751 est
687 687 901 767 consuetude,
926 697 962 752 ut
985 687 1141 753 abbatiae
1164 688 1297 774 publice
1320 711 1400 754 vena·

295 785 342 850 les
365 787 604 872 prostituantur
634 787 669 850 in
693 785 833 871 palatio,
867 807 928 850 nec
960 787 1136 873 quisquam
1171 789 1256 852 tanti
1286 787 1401 852 venales

295 905 478 970 proponere
502 892 620 968 queat,
653 885 733 969 quin
758 885 909 970 protinus
942 893 1124 970 emptorem
1156 885 1320 968 inveniat,
1349 907 1401 950 mo

295 980 412 1046 naohis
443 983 529 1046 inter
559 1003 593 1045 se
623 1003 690 1046 non
722 982 764 1047 de
797 982 1028 1047 observantiae
1066 982 1181 1068 regula
1222 984 1293 1050 zelo
1321 983 1401 1052 bono.

296 1081 353 1144 sed
379 1080 420 1144 de
451 1077 645 1166 quaestibus
680 1091 713 1142 et
744 1081 853 1144 usuris
888 1079 957 1144 zelo
993 1103 1094 1145 avaro
1130 1082 1402 1148 contendentibus.

298 1177 364 1242 Sed
388 1177 470 1242 haec
494 1187 531 1240 ut
561 1177 660 1262 digne
685 1177 799 1241 defleri
833 1180 960 1263 possint
991 1201 1050 1264 pro
1083 1180 1317 1264 magnitudine
1347 1203 1402 1260 sua,
1447 1199 1448 1202 ’

298 1286 330 1340 et
352 1277 485 1363 proprio
503 1274 682 1360 volumine,
705 1286 736 1339 et
752 1275 930 1361 prolixiore
948 1298 1030 1362 opus
1046 1275 1171 1342 habent
1185 1277 1402 1362 tragoedia.“¹)

133 1391 275 1474 ‘immine
386 1393 440 1456 32.
487 1391 601 1477 Usque
632 1391 714 1456 adeo
748 1401 859 1456 autem
894 1401 967 1477 post
991 1393 1137 1457 medium
1170 1394 1338 1459 saeculum
1360 1417 1403 1457 un·

146 1465 265 1506 neuntio.
297 1490 464 1555 decimum
499 1499 682 1575 pervagata
716 1489 780 1553 fuit
814 1489 1053 1576 episcopalium
1083 1492 1316 1556 cathedrarum
1342 1491 1404 1555 alio
1447 1517 1448 1542 r

296 1611 436 1674 rumque
472 1587 708 1652 beneficiorum
732 1588 949 1672 nundinatio,
987 1598 1024 1652 ut
1055 1591 1155 1654 etiam
1187 1601 1341 1676 patronos
1361 1588 1404 1652 ha·
1447 1611 1448 1672 t

297 1688 407 1753 buerit
440 1687 549 1750 varios
582 1687 638 1771 qui
670 1685 935 1768 contendebant,
967 1687 1162 1772 temporalia
1194 1698 1324 1752 tantum
1352 1691 1403 1751 emi

298 1784 471 1865 beneficia,
496 1782 700 1868 spiritualem
724 1793 921 1870 potestatem
945 1793 978 1848 et
1001 1785 1151 1850 ordinem
1165 1788 1270 1871 gratis
1294 1787 1404 1850 donari.

299 1885 397 1948 Hane
421 1883 741 1967 argumentationem
765 1881 902 1946 exhibet
926 1892 958 1946 et
981 1883 1103 1948 refutat
1126 1907 1150 1951 s.
1176 1883 1294 1948 Petrus
1310 1883 1405 1948 Dani·
1447 1891 1448 1978 t

299 2005 384 2048 anus
407 1981 442 2044 in
466 1980 604 2066 epistola
638 1979 720 2067 (13.)
750 1979 792 2044 ad
808 1979 1040 2044 Alexandrum
1063 1981 1108 2062 Π,
1132 1984 1167 2046 in
1192 1980 1316 2067 quade
1332 2003 1404 2045 nera
1447 1979 1448 2010 ³

301 2081 483 2145 simoniaca
514 2077 641 2142 haeresi
675 2080 753 2163 agit.
802 2077 976 2158 Nonnulli,
1011 2078 1145 2160 scribit,
1173 2078 1273 2166 plane
1296 2079 1405 2143 clerici
1447 2089 1448 2151 ξ

295 2201 366 2243 rum
388 2179 486 2256 uitam
510 2201 572 2263 per
602 2179 769 2242 exterioiia
791 2177 917 2241 babitus
941 2179 1076 2263 speciem
1101 2179 1300 2256 mentientes,
1327 2199 1405 2264 pror-
1447 2159 1448 2236 i

296 2300 350 2341 aaa
371 2277 437 2340 Dei
450 2275 587 2361 friqidi,
612 2275 795 2340 ambitionia
818 2274 1049 2340 ecclesiastieae
1065 2275 1200 2362 facibus
1222 2275 1404 2364 infiammati.

295 2376 350 2438 boc
367 2375 579 2461 pertinaciter
602 2375 835 2460 doqmatizant:
873 2375 949 2438 Non
972 2373 1017 2438 ad
1041 2376 1247 2438 simoniacam
1269 2375 1406 2438 haeresin

292 2476 462 2559 pertinere,
487 2476 516 2536 ai
538 2474 609 2558 quis
632 2474 834 2559 episcopatus
849 2497 870 2535 a
883 2495 954 2559 repe
977 2471 1027 2536 ael
1050 2473 1188 2558 quolibet
1210 2473 1321 2537 nandi
1330 2473 1404 2558 prin·

293 2575 363 2660 cipe
379 2595 443 2658 par
466 2573 673 2635 interventum
696 2572 901 2658 cotmptionia
924 2573 1087 2656 acquirat,
1118 2573 1147 2635 ai
1170 2581 1293 2635 tannim
1315 2593 1405 2634 eona·

295 2673 466 2736 menonem
487 2671 589 2756 qratia
619 2670 767 2755 accipiat.
818 2669 909 2733 Unde
939 2693 1006 2733 cam
1028 2693 1132 2756 nuper
1161 2672 1197 2734 in
1226 2669 1404 2734 eaeaeiientie·

295 2771 368 2834 eimi
402 2769 491 2832 dacia
520 2765 697 2854 Godejiedi
719 2789 915 2831 versaremur
938 2767 1097 2853 alloquio,
1130 2768 1192 2832 duo
1226 2768 1354 2853 quida-m
1374 2787 1405 2828 aa

296 2867 473 2954 capellania
506 2869 588 2955 ejice,
622 2889 704 2930 unae
733 2877 769 2930 ut
801 2876 870 2929 erat
894 2865 1065 2946 barbarus,
1100 2867 1268 2930 barbarico
1298 2865 1404 2928 nomine

301 2967 520 3048 Tudetebinua,
553 2962 636 3028 alter
658 2987 730 3028 uero
753 2966 883 3028 natione
913 2963 1045 3028 Venatus
1069 2965 1216 3028 Joannea
1238 2963 1403 3028 vocabatur.

297 3066 345 3130 Hi
375 3065 524 3128 nimitum
559 3073 710 3148 tanquam
734 3062 943 3148 Hermoqenea
973 3074 1004 3126 et
1026 3063 1169 3127 Philetus
1197 3065 1232 3126 in
1250 3061 1403 3149 praedica-

297 3166 381 3227 tione
404 3161 525 3226 Pauli.
545 3211 552 3225 .
572 3211 578 3226 .
602 3162 782 3225 reoiatentea
804 3161 933 3224 veritati
955 3161 1034 3225 bane
1057 3183 1122 3225 non
1144 3160 1310 3225 cessabant
1331 3157 1403 3224 aend-

295 3283 374 3325 nnre
398 3261 575 3323 docuinam
606 3258 799 3337 bominibus,
834 3256 1077 3344 catholicamque
1111 3269 1203 3344 atque
1236 3259 1403 3322 canonican

288 3358 481 3446 fatebantur
505 3379 570 3421 eoae
594 3359 797 3421 sententiam:
825 3353 970 3420 uidelicet
993 3366 1028 3420 ut
1043 3359 1119 3442 jare
1143 3358 1333 3421 simoniacus
1352 3375 1403 3415 tion

298 3457 434 3536 dicatam,
457 3457 599 3542 quiaquia
612 3455 726 3542 absque
749 3478 863 3519 manua
877 3457 1079 3541 impunitione
1103 3457 1318 3542 episcopatum
1340 3473 1403 3516 com·

290 3577 430 3643 paratae
454 3556 657 3619 conabatur.
704 3553 862 3618 Dicebant
883 3555 974 3632 enim,
998 3553 1074 3638 quia
1097 3577 1190 3639 qaam
1211 3553 1268 3616 boc
1282 3553 1331 3637 fit,
1352 3571 1402 3612 tion

298 3654 488 3720 detrahitur
517 3651 665 3732 ecelesia,
701 3651 758 3715 aed
780 3651 929 3737 feneitas
934 3701 944 3730 ,
976 3675 1032 3714 nee
1060 3653 1172 3715 emitur
1201 3651 1401 3720 sacerdotium,

296 3753 354 3817 aad
372 3753 530 3838 posaeoaio
550 3749 769 3837 praediorum.
818 3749 882 3814 sut
905 3752 963 3813 liae
986 3751 1069 3812 enim
1086 3751 1308 3836 praestatione
1323 3769 1401 3834 peca-

296 3852 390 3930 niae,
424 3872 499 3937 oper
523 3859 661 3928 tantum,
691 3871 756 3912 non
788 3849 915 3912 bonoria
938 3847 987 3912 uei
1011 3847 1158 3912 ecciesiae
1181 3847 1344 3910 redimitur
1362 3865 1400 3904 aa·

300 3957 501 4012 momentum.
557 3945 692 4011 Venatio
716 3947 869 4034 siquidem
893 3957 977 4025 aunt,
1002 3947 1086 4010 sicut
1109 3947 1212 4024 aiant,
1244 3943 1323 4009 unde
1351 3943 1401 4005 sint

297 4045 423 4125 divites,
446 4047 548 4132 qratia
573 4047 744 4134 accipiunt,
768 4045 853 4110 unde
871 4045 946 4129 fieri
969 4045 1103 4109 debeant
1126 4043 1313 4108 eacerdotea

372 4241 394 4307 ¹)
414 4239 510 4298 Chron.
532 4241 566 4294 ed
585 4257 609 4296 a.
630 4241 714 4307 1071;
733 4239 766 4295 V.
785 4239 883 4294 Boron.
904 4257 927 4294 a.
949 4240 1026 4294 1072.
1045 4255 1072 4292 n.
1091 4239 1116 4292 2.
