2898 4836
391 494 506 550 Joennis
526 494 581 548 ΧΠ
599 495 784 556 Pontifiestns.
1111 501 1146 553 81

42 638 130 701 exuit
169 636 297 716 Quodsi
321 647 440 700 cuncta
457 647 598 716 taceant,
623 638 847 703 Lateranense
871 638 1031 724 palatium
1046 638 1147 706 Sane·

44 746 134 798 torum
156 733 326 820 quondam
350 733 542 820 hospitium,
567 757 657 800 nunc
681 735 900 822 prostibulum
924 739 1145 816 meretricum,

44 853 97 895 non
117 831 225 896 silebit
248 833 384 896 amitam
414 833 469 920 (al.
494 833 641 920 amicam)
671 835 847 920 conjugem
875 833 1075 922 Stephaniae
1102 836 1147 901 al-

44 931 128 993 terius
149 929 205 1012 (al.
223 931 345 1016 patris)
370 930 575 996 concubinae
591 953 745 999 sororem.
775 932 884 997 Testis
906 935 1055 998 omnium
1069 955 1146 1018 gen·

41 1029 110 1090 tium
132 1036 263 1113 praeter
285 1051 386 1114 quarn
402 1029 652 1111 Romanorum,
686 1030 837 1094 absentia
861 1029 1035 1096 mulierum
1060 1053 1146 1117 quae

42 1135 213 1190 unctorum
231 1126 462 1211 Apostolorum
485 1126 601 1192 limina
625 1127 741 1192 orandi
764 1129 871 1212 gratia
893 1129 1012 1192 timent
1027 1130 1144 1203 visere,

39 1243 129 1307 ‹lnum
150 1223 326 1288 nonnullas
349 1233 426 1288 ante
449 1223 520 1289 dies
542 1246 667 1312 paucos
689 1224 779 1289 huno
802 1225 969 1290 audierint
991 1227 1146 1312 conjuga·

38 1333 90 1400 tas,
112 1320 246 1404 viduas,
279 1323 426 1406 virgines
449 1323 483 1385 vi
508 1325 718 1409 oppressisse.
765 1323 880 1387 Testes
912 1332 990 1388 sunt
1011 1335 1145 1389 musmo

38 1419 258 1503 Apostolorum
272 1419 441 1503 eeclesiae,
465 1443 550 1506 quae
573 1442 641 1486 non
664 1420 812 1486 stillatim
835 1421 994 1506 pluviam,
1019 1422 1076 1486 sed
1099 1431 1145 1486 to·

38 1530 100 1580 tum
120 1518 317 1582 intrinsecus
349 1540 449 1604 supra
472 1521 544 1604 ipsa
576 1521 676 1582 etiam
700 1531 909 1584 sacrosancta
942 1519 1058 1584 altaria
1086 1522 1145 1584 im-

38 1613 118 1678 brem
141 1613 331 1680 admittunt.
378 1615 511 1696 Quanto
534 1639 594 1682 nos
615 1627 738 1681 terrore
760 1619 853 1702 tigna
876 1617 1043 1699 afliciunt,
1068 1639 1144 1682 oum

35 1711 175 1779 divinam
198 1734 293 1798 opem
319 1713 434 1778 eodem
459 1714 683 1800 deposcimus!
730 1715 819 1780 Mors
843 1717 877 1779 in
901 1717 995 1780 tectis
1018 1727 1144 1800 regnat,

34 1831 111 1894 quae
125 1831 183 1874 noe
207 1832 300 1876 orare
325 1812 428 1876 multe
452 1811 599 1876 volentes
624 1811 772 1898 impedit,
797 1823 896 1898 atque
920 1812 1055 1878 domum
1079 1813 1145 1878 Do-

35 1909 107 1970 mini
132 1929 209 1974 mox
231 1907 381 1994 linquere
405 1911 502 1995 cogit.
548 1911 662 1974 Testes
695 1921 773 1974 sunt
796 1932 863 1975 non
896 1911 1002 1976 solum
1030 1913 1145 2000 junce-

32 2027 118 2069 arum
150 2017 337 2088 curaturae,
377 2007 436 2072 sed
474 2018 507 2072 et
541 2008 808 2094 quotidianarum
850 2009 1030 2074 formarum
1076 2031 1145 2073 mu-

34 2101 130 2168 lieres.
173 2103 240 2178 ,cui
269 2104 403 2170 eaedem
432 2116 525 2188 sunt,
558 2116 591 2170 et
617 2105 754 2188 ,silicem
787 2106 929 2191 pedibus
962 2129 1047 2192 quae
1071 2129 1145 2172 con·

32 2213 136 2265 terunt
153 2206 275 2266 atrum‘
299 2202 471 2290 (Juvenal.
494 2203 562 2289 Sat.
588 2203 750 2290 v1350),
776 2213 808 2268 et
831 2227 916 2291 quae
949 2226 1144 2289 magnorum

28 2297 253 2364 subvehuntur
275 2300 439 2386 adjutorio
449 2302 708 2386 jumentorum.“
742 2301 783 2366 In
796 2301 922 2386 synodo
937 2324 1015 2366 vero
1040 2325 1139 2389 qnam

29 2393 99 2460 otto
123 2395 169 2462 M.
193 2398 318 2462 Romae
342 2398 475 2482 habuit,
508 2399 644 2463 eaedem
668 2408 767 2485 atque
795 2399 880 2463 aliae
903 2401 1143 2480 accusationes,

29 2493 205 2559 secundum
234 2495 435 2581 Luitprandi
471 2497 711 2581 narrationem,
744 2496 862 2562 allatae
894 2507 981 2560 sunt.
1039 2497 1143 2580 ,Con-

28 2611 169 2674 surgens,
203 2593 329 2676 scribit,
361 2594 480 2660 Petrus
515 2593 701 2661 Cardinalis
732 2593 920 2681 presbyter,
954 2616 988 2656 se
1019 2593 1143 2658 vidisse

28 2685 113 2752 illum
144 2689 281 2756 Missam
315 2691 498 2758 celebrasse
532 2701 565 2756 et
595 2715 661 2758 non
694 2694 972 2773 communicasse,
1005 2701 1143 2756 testatus

26 2797 79 2848 est.
125 2788 275 2854 ioannes
307 2791 481 2876 episcopus
503 2791 700 2856 Narniensis
728 2799 761 2854 et
782 2791 930 2856 Joannes
955 2788 1143 2853 Cardinalis

26 2881 192 2968 diaeonus,
216 2909 251 2952 se
275 2887 398 2954 vidisse
414 2888 507 2953 illum
533 2889 710 2954 diaconum
734 2887 904 2952 ordinasse
927 2889 961 2952 in
983 2908 1143 2973 equorum

26 2981 149 3048 stabulo
173 3007 240 3050 non
265 2989 362 3052 certis
386 2987 591 3073 temporibus
615 2996 692 3050 sunt
715 2987 864 3071 professi.
904 2986 1105 3052 Benedictus
1117 2985 1146 3072 ¹)

27 3101 96 3144 cum
114 3085 254 3148 caeteris
269 3083 482 3149 condiaconis
499 3094 531 3148 et
550 3083 750 3169 presbyteris
774 3083 861 3148 dixit
884 3107 918 3148 se
935 3086 1029 3165 scire,
1054 3085 1142 3170 quod

23 3177 246 3246 ordinationes
269 3183 499 3269 episcoporum
525 3184 631 3268 pretio
655 3182 787 3260 faceret,
812 3191 845 3245 et
868 3181 958 3267 quod
980 3203 1142 3246 annorum

27 3273 136 3342 decem
174 3281 365 3366 episcopum
401 3283 436 3345 in
468 3281 653 3344 Tudertina
688 3282 824 3344 civitate
856 3280 1034 3345 ordinaret.
1090 3281 1144 3343 De

23 3374 194 3461 sacrilegio
218 3399 285 3442 non
310 3399 382 3442 esse
405 3399 538 3444 necesse
561 3379 747 3465 percontari
777 3377 873 3459 dixit,
897 3379 976 3462 quia
998 3376 1073 3463 plus
1096 3379 1144 3440 vi·

23 3469 130 3538 dendo
165 3497 264 3560 quam
297 3475 463 3542 audiendo
496 3477 580 3542 scire
613 3477 843 3561 potuissemus.
897 3475 949 3539 Do
981 3474 1143 3540 adulterio

23 3567 189 3654 dixenmt,
214 3573 302 3659 quod
328 3573 432 3638 oculis
455 3597 521 3640 non
538 3574 701 3650 viderant,
726 3573 784 3638 sed
808 3595 866 3659 pro
897 3583 986 3637 certo
1010 3575 1142 3654 scirent,

24 3667 159 3734 viduam
172 3670 319 3736 Rainerii
335 3682 367 3736 et
382 3671 585 3758 Stephanum
598 3673 701 3757 patris
714 3671 945 3754 concubinam,
961 3679 994 3734 et
1008 3669 1142 3736 Annam

23 3767 160 3834 viduam
183 3791 259 3834 eum
283 3780 383 3855 nepte
406 3793 466 3834 sua
488 3771 630 3836 abusum
654 3793 734 3853 esse,
759 3780 791 3835 et
806 3778 958 3834 sanctum
982 3767 1143 3853 palatium

23 3863 162 3952 lupanar
184 3875 217 3931 et
239 3867 456 3953 prostibulum
481 3869 614 3950 fecisse;
646 3870 856 3932 venationem
882 3866 1038 3930 dixerunt
1062 3864 1142 3950 pub·

24 3963 81 4028 lice
104 3967 309 4048 exercuisse3
343 3965 559 4032 Benedictum
592 3965 795 4051 spiritualem
825 3974 952 4050 patrem
976 3985 1071 4028 suum
1096 3962 1142 4026 lu·

93 4117 114 4184 ¹)
134 4117 191 4170 [ste
209 4115 371 4171 Benedictus
396 4121 456 4170 erat
475 4115 679 4170 archidiaconus
703 4120 732 4168 et
749 4113 922 4190 advemsrins
941 4127 1003 4166 scer
1020 4113 1142 4172 Joannis.

23 4211 52 4247 ac
69 4196 203 4265 distingui
222 4196 303 4251 debet
322 4195 355 4250 ab
375 4195 429 4250 elio
448 4195 595 4250 Benedicta
614 4193 752 4249 cardinali
770 4194 883 4249 diacono
902 4193 948 4260 qui
966 4193 1067 4247 Joanni
1087 4193 1142 4246 xii

23 4277 157 4332 mmesmt

49 4377 188 4424 innaunnnn,
203 4379 390 4416 trinacriam-»non
405 4378 470 4416 Tem.
486 4377 525 4414 lv.
1018 4365 1035 4414 8
