2932 4836
331 490 434 545 Causae
452 490 549 559 quibus
567 491 681 548 schisma
699 498 898 561 praeparatum.
1121 495 1174 548 327
1199 503 1201 508 ’

70 635 145 698 tinos
167 633 262 698 valde
283 631 432 718 vulgaris
454 631 533 716 fuitq
558 632 635 698 inde
659 657 678 698 a
702 632 833 698 saeculo
858 645 973 722 quarto
989 637 1023 700 in
1039 635 1174 701 Oriente

68 731 155 796 simul
177 753 251 796 cnm
272 730 388 816 lingna
402 753 522 816 graeca
541 734 640 796 etiam
654 731 758 797 letina
779 731 957 817 colebatur,
980 734 1174 818 praesertim

71 830 157 893 iniis
182 828 296 910 rebus,
333 850 418 915 quae
440 829 644 915 reipublicae
667 829 719 894 vel
744 830 896 915 justitiae
920 831 1173 896 administratio-

68 947 133 991 nem
164 926 367 1013 spectabant.
414 927 597 992 Justiniani
624 927 837 1014 Imperatoris
860 927 948 1012 leges
977 938 1010 992 et
1043 927 1174 992 codices

68 1024 169 1108 lingua
198 1025 303 1090 latina
326 1024 476 1089 confecta
500 1036 578 1090 sunt
609 1027 771 1111 (exceptis
794 1025 973 1110 Novellis),
1007 1036 1039 1090 et
1062 1047 1100 1091 ca
1123 1049 1173 1090 ac·

66 1131 124 1186 tate
144 1121 323 1188 tribunalia
345 1144 422 1187 suas
446 1125 626 1187 sententias
649 1122 763 1208 lingua
783 1123 885 1188 latina
901 1124 998 1188 edere
1014 1123 1173 1188 solebant.

68 1221 165 1306 Atque
187 1241 292 1306 usque
316 1220 359 1285 sd
382 1243 422 1285 ea
445 1230 594 1306 tempora
617 1220 664 1285 illi
689 1221 883 1304 orientales,
908 1223 965 1308 qui
991 1220 1175 1306 disciplinis

67 1316 300 1383 liberalioribus
323 1319 447 1383 exculti
472 1329 574 1402 erant,
599 1318 793 1405 plerumque
816 1320 984 1384 idiomatis
1007 1319 1100 1383 latini
1121 1341 1174 1404 pe·

65 1417 112 1478 riti
134 1414 400 1482 inveniebantur.
446 1415 511 1481 Sed
536 1415 630 1480 brevi
654 1427 728 1502 post
746 1417 974 1482 Justinianum
990 1417 1175 1483 Orientalea

66 1535 150 1577 usum
173 1513 307 1598 linguae
330 1513 453 1579 latinae
473 1514 691 1600 neglexerunt
713 1525 746 1578 et
765 1515 832 1578 fere
850 1514 1051 1600 abjecerunt,
1076 1524 1174 1602 atque

60 1612 123 1696 jam
144 1633 169 1676 s.
193 1610 374 1696 Gregorius
397 1612 442 1677 M.
466 1611 583 1676 scribit
605 1612 648 1676 ad
669 1613 858 1678 Nemetem:
881 1613 966 1677 Bone
990 1614 1049 1678 ecit
1070 1624 1175 1677 oceno

66 1710 253 1794 medardo,
277 1713 353 1796 quia
375 1709 468 1774 bodie
490 1713 526 1774 ia
552 1709 679 1796 Optabo
701 1712 827 1774 civitate
833 1761 843 1790 ‚
876 1713 931 1797 qui
951 1709 991 1774 'de
1015 1711 1117 1776 latino
1140 1712 1174 1774 in

63 1829 196 1891 peccam
218 1807 342 1872 dictata
364 1807 440 1872 dene
461 1807 669 1894 caasser-unt,
693 1830 757 1872 nora
780 1819 870 1886 artua·
892 1809 967 1872 dum
985 1810 1067 1874 araim
1080 1807 1176 1872 verba

66 1905 234 1970 custodiunt
265 1917 296 1970 et
322 1927 430 1970 rmus
457 1907 583 1969 minime
611 1905 793 1984 madunt,
828 1929 883 1970 nac
917 1905 1013 1969 verbu
1038 1901 1177 1991 intelligi

58 2003 178 2085 ‘fodant
204 2015 235 2067 at
262 2026 372 2068 aarum
396 2001 593 2089 fraequnt.¹)
640 2003 750 2066 Etiam
780 2003 886 2068 clerus
914 2002 1082 2067 orientalis
1110 2023 1174 2066 ma·

66 2101 144 2164 xime
171 2099 390 2186 promovebat
417 2122 514 2164 usum
548 2099 683 2184 linguae
710 2121 865 2185 graecae,
901 2101 1067 2187 hujusque
1095 2093 1176 2166 idio·

65 2199 151 2261 matis
184 2219 263 2284 prae
297 2198 400 2263 latino
437 2196 667 2262 excellentiam
703 2197 876 2266 evehebat.
928 2197 1174 2281 (donabantur,

67 2293 169 2379 lingua
191 2319 252 2360 sua
273 2296 376 2361 libros
399 2317 509 2360 sacros
529 2295 570 2361 N.
586 2296 624 2360 T.
648 2317 719 2360 esse
742 2298 954 2382 conscriptos,
980 2301 1084 2382 eaque
1101 2319 1177 2362 usos

68 2390 226 2479 plerosque
251 2405 382 2460 sanctos
406 2394 537 2476 Patres3
567 2393 715 2478 linguam
738 2415 817 2458 vero
841 2393 978 2459 latinam
1002 2392 1105 2458 veluti
1130 2396 1175 2458 in-

66 2491 253 2556 concinnam
278 2503 311 2556 et
333 2491 445 2556 verbis
469 2493 601 2577 inopem
618 2491 857 2576 despiciebant.
874 2529 917 2540 --
939 2492 981 2557 In
995 2491 1177 2558 Occidente

66 2597 166 2651 summ
188 2591 314 2674 pariter
336 2591 453 2655 notitia
476 2589 611 2674 linguae
633 2609 771 2674 graecae
799 2592 905 2674 magis
928 2591 1101 2676 magisque
1125 2591 1177 2654 de·

68 2683 146 2766 lecit,
170 2697 203 2750 et
225 2709 328 2773 quum
353 2687 431 2752 inde
454 2709 474 2751 a
497 2686 628 2751 saeculo
653 2697 745 2751 sexto
769 2689 906 2752 ineunte
928 2689 1110 2752 universim
1135 2688 1176 2751 ob

70 2784 208 2848 incursus
241 2784 458 2850 barbarorum
490 2783 618 2849 litterae
646 2787 756 2850 minua
788 2783 913 2850 ibidem
938 2784 1000 2849 coli
1033 2795 1177 2870 possent,

70 2901 136 2944 mox
162 2885 321 2969 perpauci
345 2893 474 2947 tantum
503 2883 638 2946 fuerunt
660 2883 789 2964 Latini,
825 2885 880 2968 qui
910 2881 1058 2968 linguam
1086 2903 1177 2966 grae·

69 2999 132 3042 cam
164 2980 338 3046 callebant.
384 2979 525 3044 Multum
560 3001 639 3044 sane
671 2983 734 3044 ista
762 2980 949 3044 differentia
982 2979 1178 3044 idiomatum

69 3077 214 3160 contulit,
248 3090 286 3142 ut
309 3079 565 3144 communicatio
596 3079 683 3142 inter
705 3077 922 3143 Occidentem
953 3087 985 3142 et
1008 3077 1178 3143 Orientem

71 3171 228 3240 difficilior
250 3188 283 3240 et
305 3179 410 3241 rarior
433 3187 533 3258 esset,
569 3185 670 3262 utque
694 3176 793 3240 etiam
817 3176 920 3240 animi
944 3175 1177 3243 alienarentur.

151 3275 200 3340 11.
224 3275 340 3360 Neque
364 3275 486 3357 exigua
510 3283 580 3337 erat
602 3273 719 3352 cultas,
748 3271 909 3359 liturgiae,
937 3275 1054 3336 mnium
1077 3273 1177 3338 diuer-

70 3369 141 3434 aas
170 3373 255 3436 inter
278 3369 510 3437 Occidentales
543 3380 576 3434 et
599 3370 794 3436 Orientales.
841 3371 891 3435 Ea
922 3369 1056 3456 quidem
1087 3370 1177 3436 haud

72 3463 226 3532 afficiebat
247 3467 418 3553 religionis
441 3478 594 3532 naturam
617 3477 650 3532 et
672 3470 859 3533 essentiam.
905 3468 977 3533 Imo
999 3469 1179 3553 exprimis

72 3565 198 3630 saeculis
230 3566 419 3630 differentia
442 3567 583 3647 exstitit,
620 3586 761 3652 suasque
793 3564 939 3630 habebat
961 3565 1106 3630 rationes
1138 3589 1179 3630 ex

74 3661 235 3728 traditione
262 3664 464 3728 veneranda.
510 3663 555 3728 Et
582 3663 742 3749 quamdiu
771 3663 948 3728 concordia
978 3672 1011 3726 et
1033 3665 1180 3727 amicitia

76 3759 203 3844 vigebat,
226 3785 269 3826 ex
293 3764 356 3827 ista
378 3761 572 3828 diversitate
598 3761 795 3827 detrimenta
817 3761 908 3826 haud
928 3761 1178 3847 proveniebant,

75 3875 200 3944 suosque
222 3863 307 3925 ritus
330 3881 440 3924 sacros
463 3861 562 3923 etiam
587 3859 699 3922 Latini
725 3860 758 3922 in
783 3857 920 3924 Oriente
944 3869 976 3924 et
1000 3856 1120 3924 Graeci
1145 3861 1179 3924 in

75 3949 240 4023 Occidente
273 3967 388 4022 mutua
419 3979 495 4022 cum
519 3959 705 4022 animorum
736 3957 969 4022 benevolentia
992 3957 1181 4024 solemniter

76 4055 271 4140 peragebant.
319 4054 384 4120 Sed
418 4053 551 4140 quando
584 4054 627 4119 ob
655 4053 720 4120 alia
748 4057 872 4119 motiva
907 4053 1072 4120 discordia
1101 4057 1180 4119 oric-

139 4265 157 4332 ¹)
174 4265 272 4322 lieren.
292 4265 389 4321 Annal.
409 4265 443 4320 cd
462 4279 505 4318 au.
524 4265 586 4320 593.
605 4279 631 4318 u.
651 4266 694 4320 οἳ.
