3002 4836
365 499 469 560 Causae
482 499 667 568 ,principatum
686 504 888 568 praeparantes.
1150 497 1187 553 96

74 641 119 706 vel
142 657 185 736 nt.
199 665 256 708 eas
279 642 513 708 submitterent
535 642 589 708 rel
604 651 641 708 ut
655 641 838 706 vindictam
863 652 1038 724 sumerent,
1063 643 1186 727 irrupe-

73 751 152 820 mnt,
175 741 412 827 stragibuaque
430 739 587 808 ,barbaris
619 761 715 824 agros
739 749 781 806 et¹
795 740 946 806 civitates
969 736 1185 826 replevere').

74 837 161 902 Unde
189 835 302 904 hostili
339 837 485 928 quadam
518 839 724 925 separatione
756 835 841 902 duae
873 839 1025 904 nationes
1057 836 1187 902 divisae

72 945 309 1018 remansenmt3
354 936 551 1005 Latinorum
581 957 659 1000 vere
696 957 738 1000 ex
771 945 863 1020 parte
893 935 1052 1021 majorem
1084 933 1186 998 fuisse

72 1037 270 1100 aversionem
296 1043 367 1100 tum
392 1055 435 1098 ex
447 1033 655 1100 documentis
672 1031 837 1098 historicis
851 1031 1025 1117 colligitur,
1049 1043 1120 1096 tum
1144 1053 1187 1094 ex

73 1154 171 1196 rernm
195 1142 328 1212 natura,
353 1152 391 1196 eo
416 1130 504 1218 quod
528 1131 561 1196 hi
578 1130 817 1216 Longebardoa
836 1141 872 1197 ut
894 1132 1063 1196 invaseres
1087 1129 1186 1194 druos

72 1243 100 1292 et
119 1229 346 1296 abhorrendos
370 1228 539 1294 haberent.
586 1230 630 1294 Et
657 1227 937 1316 quemadmodum
965 1247 1094 1293 summa
1118 1237 1188 1294 erat

73 1328 288 1401 Romanorum
312 1329 464 1392 anxietas
486 1337 519 1392 et
542 1326 743 1410 sollicitudo,
768 1349 810 1392 ne
834 1328 898 1412 ipsi
922 1327 1022 1390 etiam
1046 1323 1107 1390 sub
1132 1322 1186 1389 de·

74 1429 283 1492 minationem
319 1424 407 1490 illius
439 1426 548 1510 gentis
578 1425 699 1490 ferocis
731 1425 970 1510 redigerentur,
1003 1425 1050 1488 ita
1073 1424 1186 1508 negari

73 1527 179 1610 nequit
196 1524 257 1610 jus
280 1525 360 1610 ipsis
383 1523 495 1606 fuisse,
520 1533 557 1586 ut
571 1545 649 1588 auae
666 1521 884 1589 incolumitati
909 1533 942 1588 et
965 1519 1187 1606 independen-

72 1625 129 1686 tiae
151 1619 378 1710 providerent,
404 1632 436 1684 et
458 1619 592 1706 quande
607 1619 826 1706 Imperatores
850 1618 969 1684 Graeci
994 1642 1051 1684 suo
1076 1620 1186 1684 edicio

72 1719 211 1800 deerant,
236 1717 303 1784 alio
326 1718 467 1782 Romani
490 1739 525 1782 se
549 1727 725 1784 verterent.
843 1773 844 1778 ,

153 1817 210 1886 18.
231 1815 452 1902 Imperatores
467 1815 641 1880 orientales
665 1814 897 1900 gubernabant
918 1816 1108 1900 provincias
1124 1813 1186 1878 Ita·

71 1915 127 1980 liae
149 1915 217 1981 sibi
240 1911 408 2000 subjectas
437 1935 496 2000 per
520 1914 673 1980 sacratas
704 1914 761 2000 qui
783 1913 963 1979 Ravennae
987 1911 1185 1979 residebant.

72 2013 197 2078 Primus
219 2011 440 2078 exarcharum
464 2011 528 2077 fuit
549 2011 739 2096 Longinus,
785 2031 861 2077 uem
884 2031 972 2074 anuo
996 2008 1061 2076 568
1085 2009 1186 2074 Justi-

73 2133 127 2174 nus
150 2110 186 2176 Π
211 2110 312 2190 misit,
342 2119 378 2172 ut
406 2121 521 2174 centra
551 2105 790 2194 Longebardos
821 2104 917 2172 Italia
945 2105 1186 2172 defenderetur.

72 2207 134 2272 lllis
158 2207 315 2272 exarchis
337 2228 396 2292 pro
418 2204 536 2270 Italiae
558 2206 732 2292 provincia
755 2226 883 2270 stimma
907 2215 977 2270 erat
999 2205 1186 2286 auctoritas,

73 2320 135 2370 tum
159 2303 272 2392 quoad
295 2326 348 2368 res
371 2302 486 2368 civiles
510 2313 579 2368 tum
603 2301 712 2390 quoad
734 2324 804 2368 rem
829 2301 1014 2367 militarem.
1060 2301 1129 2388 Ipsi
1153 2302 1187 2366 in

74 2402 253 2488 Pentapoli,
277 2403 412 2483 Romae,
435 2399 573 2488 Neapoli
604 2399 743 2487 aliisque
766 2401 802 2464 in
830 2399 1022 2466 civitatibus
1044 2399 1188 2486 Impera-

73 2503 131 2564 tori
155 2499 313 2586 aubjeotis
337 2500 562 2584 magistratum
587 2519 777 2583 supremum
799 2496 860 2562 sub
884 2497 978 2562 titulo
1001 2497 1090 2562 ducis
1114 2519 1188 2561 eon-

74 2597 259 2680 stituebant,
276 2606 326 2670 ¹et
356 2598 563 2682 provinciam
598 2606 713 2662 centra
740 2594 850 2660 hostes
872 2593 1111 2682 Langobardos
1133 2615 1188 2658 ou-

75 2695 188 2760 stodire
220 2717 263 2760 ae
295 2693 473 2760 defendere
505 2695 553 2758 eis
586 2694 798 2760 commissum
833 2703 912 2758 erat.
958 2693 1116 2759 Poterant
1144 2690 1211 2756 ab⁸

77 2793 270 2880 Imperatore
292 2793 453 2874 revocari,
486 2793 583 2878 eique
607 2792 795 2879 quotannis
816 2790 1068 2854 determinatam
1092 2809 1188 2873 pecu·

76 2893 143 2955 niae
166 2910 331 2956 summam
355 2911 398 2954 ex
420 2889 536 2953 Italiae
560 2887 692 2953 tributis
716 2887 910 2970 mittebant3
942 2895 1108 2950 caeterum
1132 2885 1189 2949 ab·

77 2988 206 3054 solutam
232 2988 302 3052 fere
325 2985 494 3052 habebant
516 2989 550 3051 in
575 2977 672 3052 Italia
694 2983 970 3071 auctoritatem2).

144 3165 163 3234 ¹)
180 3165 228 3220 Ita
247 3161 349 3226 Paulus
366 3163 501 3218 Diaeenns
527 3163 561 3220 de
580 3161 733 3220 Grimoalde
760 3178 833 3232 rege,
862 3161 909 3230 qui
927 3167 960 3216 nt
979 3159 1127 3218 vindictam
1145 3175 1190 3216 an·

79 3253 153 3300 neret
169 3245 202 3300 de
215 3243 347 3300 Romania
360 3243 389 3298 in
401 3243 529 3298 ducatum
541 3243 624 3298 istum
641 3241 748 3314 irrupit,
767 3241 917 3300 etsabbate
936 3247 1029 3297 saneto
1047 3239 1189 3296 civitatem

79 3321 260 3393 Perlirnpopeli
279 3323 428 3379 destruxit:
449 3323 551 3393 „Super
569 3324 709 3380 civitatem
729 3366 757 3380 ..
777 3365 784 3382 .
804 3321 943 3393 inopinate
962 3321 1051 3386 inurit,
1071 3325 1189 3376 tantem·

78 3419 121 3470 qne
146 3406 295 3460 occisorum
320 3409 442 3472 stragem
468 3404 542 3470 fecit,
567 3409 599 3460 ut
626 3404 710 3463 etiam
740 3403 865 3460 diacones
883 3403 955 3472 ipses
974 3401 1020 3470 qui
1038 3400 1192 3456 infantulos

79 3483 246 3552 baptizabant
257 3484 354 3552 inipso
373 3500 448 3540 sacre
466 3483 543 3540 fonte
560 3485 711 3554 perimeret⁴
732 3484 827 3551 Sisque
848 3483 967 3540 eamdem
979 3481 1073 3538 urbem
1082 3481 1189 3552 deiecit,

79 3573 193 3634 utusque
212 3565 292 3620 hodie
310 3563 463 3634 paucissimi
482 3565 511 3620 in
530 3581 563 3620 ea
580 3569 765 3620 commaneant
786 3562 979 3620 habitatorea“
999 3561 1058 3619 Lib.
1069 3561 1102 3620 V.
1112 3577 1134 3618 c.
1145 3563 1188 3616 27.

142 3647 159 3710 ἰ
177 3645 255 3702 Utile
274 3643 328 3699 erit
352 3644 418 3700 baec
445 3641 587 3700 advertere
609 3661 642 3700 ex
662 3643 802 3711 Gesselin.
826 3643 1018 3700 Sonrerainete
1036 3641 1082 3700 dea
1100 3641 1191 3712 Papae

79 3723 104 3776 1.
127 3725 147 3779 l.
170 3725 210 3780 cln
242 3729 256 3782 l
278 3725 362 3796 (Edit.
386 3723 471 3782 Lens.
491 3732 511 3781 t.
532 3727 555 3780 1.
581 3741 607 3794 p.
631 3727 683 3780 201
708 3725 794 3793 notet:
827 3725 900 3780 Pour
918 3739 947 3779 ce
966 3723 1012 3792 qui
1030 3721 1145 3792 regards
1162 3721 1189 3776 la

79 3803 270 3860 teneminstien
290 3811 318 3859 ct
336 3804 364 3860 la
381 3805 499 3874 position
524 3803 727 3874 geographicae
750 3805 796 3860 des
820 3803 961 3873 provinces
979 3802 1107 3858 seumisee
1126 3803 1143 3856 t
1161 3799 1193 3856 la

77 3882 224 3950 juridiction
249 3881 427 3951 del'exarqne
444 3884 558 3952 d’Italie,
585 3886 604 3940 il
632 3892 674 3940 ost
696 3885 845 3953 importent
872 3886 1074 3950 tremarquer,
1093 3895 1145 3948 que
1163 3880 1190 3936 le

78 3970 125 4016 met
147 3965 294 4028 exardent,
324 3963 419 4032 depuis
450 3963 670 4022 l'etablisaement
695 3963 731 4020 du
758 3979 885 4032 reyaume
908 3963 955 4018 des
977 3960 1132 4027 Lombarde,
1161 3967 1190 4016 et

79 4044 186 4108 pendant
203 4049 284 4098 tonte
302 4059 334 4098 sa
352 4043 433 4099 duree
456 4060 485 4100 se
511 4045 596 4115 prend
622 4061 656 4100 en
674 4045 744 4100 deur
762 4059 823 4100 sens
842 4041 981 4098 differente
999 4042 1066 4097 dana
1084 4041 1123 4100 lea
1142 4057 1189 4098 an·

78 4121 140 4176 ciens
157 4131 276 4180 antam.
315 4123 391 4178 Dans
409 4123 434 4180 le
457 4141 518 4180 aena
542 4125 567 4181 le
585 4127 644 4194 plus
668 4123 774 4189 etendu
793 4123 813 4178 il
832 4123 944 4192 designe
962 4128 1052 4178 tontes
1071 4121 1110 4176 les
1127 4138 1188 4190 pre

79 4201 158 4258 deses
185 4202 293 4259 d'Italie
320 4203 393 4258 alors
420 4205 549 4260 resumes
577 4205 640 4260 ala
657 4203 824 4261 deminution
847 4201 993 4272 imperiale,
1013 4201 1078 4257 o'est
1096 4203 1113 4255 a
1130 4199 1188 4256 dire

79 4283 291 4354 principalement
309 4283 470 4348 iuventtis,
489 4300 542 4340 une
560 4283 649 4352 partie
668 4284 713 4340 dea
731 4287 804 4340 cotes
823 4282 857 4339 de
874 4285 901 4338 la
912 4281 1034 4352 Ligurie,
1053 4281 1081 4336 la
1099 4281 1189 4350 partie
