2904 4834
388 473 518 542 sapham
538 473 578 526 VI
597 473 785 530 Pontiiieatns.
1113 473 1148 528 28

45 620 82 682 od
109 617 308 704 apostolicam
332 617 443 682 Sedena
468 629 638 704 prouectas
668 628 730 696 est,
764 616 931 681 omnemne
961 627 991 680 et
1021 618 1147 680 omnino
1220 704 1225 716 ,

44 717 237 793 rimarum,
268 728 304 780 at
326 717 363 780 id
385 719 421 780 in
443 713 617 802 exemplam
640 713 748 780 nullus
772 725 930 792 namnet,
957 716 1149 800 praesertim

42 839 99 878 cua
125 817 209 878 socri
238 837 374 878 annones
396 816 451 878 ltoo
468 815 599 900 penitus
623 813 832 890 interdicant,
865 823 895 876 et
912 823 1150 899 praesumentes

43 923 119 975 tuta
132 913 261 998 ser-iant
284 913 414 991 rdtimtu
441 925 475 976 ut
499 914 593 976 etiam
616 915 651 976 in
673 912 733 991 fine
757 911 873 974 laicam
896 913 941 974 eie
959 909 1150 997 prohibeant

41 1014 277 1076 communionem.
329 1009 453 1097 Quippe
483 1011 566 1096 quod
595 1011 778 1074 necessitate
802 1008 968 1094 aliquoties
990 1009 1148 1073 indultum

40 1119 91 1184 eet,
119 1112 303 1174 mussitate
333 1119 473 1173 cessante
505 1110 541 1172 in
571 1108 791 1172 ammaum
820 1107 901 1170 moti
923 1128 987 1169 non
1010 1117 1056 1168 est
1072 1129 1147 1192 per·

41 1207 160 1271 mesum.
208 1207 273 1271 Sed
307 1227 402 1292 nequae
431 1206 470 1270 de
493 1205 597 1292 prada
619 1203 827 1268 eeclaiastioo
852 1203 997 1290 synodice
1021 1208 1149 1292 ejectam

38 1314 62 1364 ct
87 1328 144 1368 non
176 1308 327 1368 canoniea
350 1307 527 1368 restitutam
551 1304 595 1367 od
619 1303 737 1366 altiora
757 1303 926 1388 movebere
948 1299 1034 1365 ullus
1050 1323 1148 1388 prae·

37 1414 140 1480 murat,
168 1414 272 1488 prout
302 1403 340 1466 de
363 1401 531 1488 Bonifatio
559 1403 698 1487 poimam
720 1399 759 1462 de
782 1399 1029 1480 subdiaconatu,
1061 1412 1147 1485 post·

38 1502 144 1563 nodum
179 1501 219 1564 de
251 1499 472 1587 presbyteratu
510 1500 668 1584 deposito,
701 1495 876 1583 popularis
913 1519 1026 1561 munus
1053 1521 1148 1584 prae-

36 1600 201 1683 summust)
258 1598 445 1662 Bonifatius
478 1595 632 1661 Pontifex
666 1595 720 1659 hio
754 1595 895 1659 indicari
929 1595 1071 1660 videtur.
1104 1631 1148 1642 --

35 1693 173 1781 Plerique
206 1709 320 1759 tamen
352 1698 438 1758 inter
469 1694 633 1779 legitimos
655 1693 834 1758 Pontifices
865 1713 941 1756 eum
964 1701 1147 1758 recensent.

38 1791 230 1858 l'lodoardus
262 1815 338 1856 eum
367 1791 465 1857 laude
489 1813 565 1856 eum
590 1789 873 1876 commemoretff)
904 1811 946 1853 ex
970 1811 1034 1876 quo
1059 1789 1147 1854 oolli-

35 1911 90 1972 με,
113 1915 151 1955 ea
174 1903 286 1955 aetate
302 1889 505 1954 Bonifatium
523 1909 588 1953 non
613 1888 855 1952 consideratum
872 1910 942 1952 esse
959 1897 995 1952 nt
1009 1885 1148 1973 psendo-

36 1989 224 2070 pontificem.

108 2169 160 2230 24.
195 2166 278 2230 Post
301 2163 505 2227 Bonifatium
532 2163 578 2227 VI
603 2164 771 2228 mediante
799 2187 887 2228 anno
914 2164 996 2244 896,
1033 2179 1318 2235 mensuetus-nun.

34 2261 120 2326 lunio
153 2276 192 2326 ut
225 2259 374 2339 videtur,
403 2261 446 2326 ad
477 2283 643 2326 summum
673 2262 904 2346 pontificatum
935 2272 1070 2326 evectus
1098 2271 1147 2326 ast

35 2362 198 2444 inpleri-uus
223 2359 305 2439 tue)
331 2358 391 2422 sub
416 2380 481 2444 quo
505 2358 635 2423 facinus
658 2359 782 2424 accidit
804 2359 987 2444 lugendum
1007 2369 1040 2425 et
1055 2381 1146 2424 eous·

32 2479 84 2542 qne
112 2457 321 2523 inauditum:
357 2456 444 2520 unde
475 2458 574 2521 etiam
606 2458 676 2542 ipse
704 2457 859 2522 Pontifex
890 2457 980 2543 apud
1005 2479 1147 2523 coaevos

91 2705 110 2776 ¹)
128 2705 233 2768 nabbe,
253 2703 318 2757 coll.
338 2703 408 2758 cone
437 2715 456 2757 t.
477 2705 525 2760 [Χ.
545 2721 571 2772 p.
590 2705 652 2760 503.
673 2738 705 2744 -
726 2708 775 2774 Ap.
795 2705 894 2760 Boron.
915 2706 947 2760 ad
968 2721 992 2760 a.
1012 2707 1073 2760 904.

92 2785 110 2846 *t
131 2786 170 2838 De
190 2799 225 2838 eo
243 2783 310 2838 haee
328 2783 425 2838 hahet:

179 2880 269 2946 „Hinc
287 2881 364 2935 subit
382 2882 415 2934 ad
435 2881 567 2936 modinum
587 2886 665 2935 vates
684 2881 841 2936 Bonifatius
860 2883 960 2937 almus:

177 2961 233 3016 Ter
252 2961 347 3028 quinos
366 2960 409 3014 hio
428 2961 456 3014 in
475 2977 537 3016 aree
555 2962 612 3016 dies
631 2961 752 3031 explevit
768 2963 887 3018 honoris.

177 3041 306 3096 ommno
324 3057 384 3095 mox
403 3049 512 3096 mutarn
531 3047 643 3110 superat
661 3041 779 3110 fastigia
798 3042 876 3107 celsa,

178 3121 265 3188 Inque
283 3120 360 3174 brevi
379 3121 468 3190 spatio
488 3120 612 3188 quaesita
631 3122 770 3176 cacumine
788 3121 926 3188 scarrione,

177 3201 256 3255 Inter
276 3201 425 3268 apostolici
444 3216 565 3267 proceres
584 3201 748 3256 adscribitur
767 3201 820 3256 albi
834 3207 847 3231 “

90 3298 109 3353 ἦ
129 3297 286 3366 Stephanus
305 3298 367 3352 Vl³¹
386 3297 419 3352 ab
438 3298 500 3352 aliis
518 3297 597 3352 VII¹¹⁴
616 3298 724 3362 dieitur,
745 3315 826 3366 quum
845 3299 908 3353 inde
927 3315 944 3353 a
962 3299 1099 3368 Stephano
1117 3299 1145 3354 11

29 3375 124 3430 diversa
142 3379 183 3432 sit
203 3385 344 3432 anomnun
363 3379 522 3432 numeratio.
562 3378 627 3432 Post
646 3384 758 3433 mortem
778 3379 906 3434 uidelicet
917 3377 1064 3434 Zachariae
1076 3379 1146 3434 Pon·

29 3455 105 3520 tinia,
123 3475 199 3512 anno
212 3460 266 3512 752
280 3473 370 3513 manse
383 3459 491 3524 Martio,
505 3458 659 3526 Stephanus
672 3459 781 3525 qnidam
794 3459 936 3527 presbyter
948 3459 976 3513 in
985 3459 1146 3515 Pontificem

29 3535 116 3592 dectus
143 3547 201 3602 est,
237 3547 266 3592 et
293 3538 322 3592 in
349 3537 533 3592 Lataranense
557 3537 759 3592 patriarchium
786 3539 929 3594 immissus.
968 3538 1037 3605 „Ubi
1064 3539 1146 3596 biduo

29 3630 133 3682 umens,
154 3619 241 3672 tertia
260 3619 311 3680 die,
330 3624 472 3686 postquam
492 3636 508 3670 a
527 3633 574 3672 suo
594 3633 685 3674 somno
703 3624 830 3688 surgeret
847 3627 876 3673 et
888 3619 984 3674 sedens
997 3618 1146 3674 familiares

29 3711 81 3749 suas
107 3714 204 3752 musas
230 3697 398 3766 disponeret,
427 3698 532 3762 subito,
561 3699 623 3752 dum
648 3700 767 3764 sederet,
796 3699 931 3753 alienatus
957 3698 1093 3754 obmutuit
1117 3707 1146 3755 et

29 3777 140 3841 sananti
160 3777 206 3832 die
224 3778 368 3832 defunctus
387 3783 454 3832 est*
493 3779 619 3832 Anastas.
639 3776 769 3832 Biblioth.
789 3779 818 3832 in
836 3779 905 3832 Vita
916 3779 1047 3846 Stephani
1061 3779 1098 3835 11.
1111 3809 1143 3820 -

30 3851 71 3908 Hie
88 3857 216 3912 Pontifex
236 3859 334 3912 oleatus
359 3875 375 3912 a
394 3858 479 3913 variis
498 3858 572 3912 inter
589 3858 724 3913 Rommos
742 3858 889 3914 Pontifices
907 3875 960 3913 non
979 3865 1145 3926 numeratur,

30 3933 68 3988 alii
93 3954 152 3992 enm
182 3937 216 3992 iis
245 3937 444 4004 adnumeratum
476 3945 504 3992 et
531 3938 594 3992 inde
622 3937 778 3993 differentia
805 3939 877 4007 apud
906 3945 1029 3994 auctores
1057 3941 1145 4007 quoad

30 4027 156 4072 annerum
176 4033 254 4085 amm
272 4017 307 4071 iis
319 4017 497 4072 Pontificibus
516 4024 657 4086 apponunt
675 4018 722 4085 qui
735 4017 865 4086 Stephani
882 4033 978 4072 nomen
991 4026 1144 4087 gesserunt.

31 4093 75 4160 lpsi
95 4097 238 4153 Pontifices
263 4103 356 4152 antem
381 4099 510 4153 videntur
535 4099 611 4153 illum
636 4098 751 4152 electum
771 4097 939 4167 Stephanum
963 4115 1016 4153 non
1039 4115 1146 4169 eompu-

32 4180 102 4230 ωηο.
138 4178 208 4232 Nam
226 4175 378 4245 Stephanus
395 4178 440 4232 hie
457 4178 503 4246 qni
522 4178 664 4233 bonifatio
684 4177 725 4231 VI
742 4178 874 4233 snmessit
894 4179 923 4232 in
941 4193 990 4234 suo
1008 4181 1145 4249 epitaphio

32 4255 160 4320 §malusii
179 4256 331 4324 Stephanus
354 4264 448 4311 matus
475 4257 583 4312 dicitnr.
621 4258 697 4312 Unde
715 4257 785 4312 hune
803 4257 923 4314 ordinem
940 4261 1026 4314 sacnti
1045 4275 1144 4317 snmus.
