2932 4836
459 465 545 520 luitis.
563 464 708 520 scissionis.
1095 465 1147 518 355

55 615 80 676 in
99 612 198 675 mortis
219 609 361 676 articulo
386 607 472 672 solvi
495 617 614 692 posset,
640 607 862 688 interdictum,
887 629 928 672 ne
943 610 1045 672 sacris
1061 607 1148 672 ultra

55 732 79 771 se
103 709 282 772 ministeriis
313 709 493 790 ingereret,
526 716 583 769 aut
605 706 772 790 Ignatium
803 704 988 790 legitimum
1010 706 1146 790 patriar·

54 805 131 870 cham
160 804 373 891 perturbaret.
426 804 467 867 In
501 803 563 867 hac
596 806 695 868 etiem
729 803 855 888 synodo
890 803 1065 867 damnatus
1098 815 1148 868 est

53 905 206 986 Gregorius
236 902 466 988 Syracusanus
496 901 605 965 Photii
637 901 822 982 ordInator,
856 903 1011 986 omnique
1042 923 1145 966 sacer-

51 1001 131 1066 dotali
154 1003 334 1066 ministerio
360 1002 404 1064 ita
428 1010 548 1064 exutus
571 1013 629 1080 est,
654 1009 690 1062 ut
714 1001 743 1064 ei
768 1021 841 1084 spes
857 1000 1073 1064 restitutionis
1089 1008 1147 1063 cut

51 1100 259 1164 satisfactionis
291 1097 382 1163 locus
407 1100 442 1162 in
465 1096 612 1183 qualibet
636 1098 763 1182 synodo
789 1096 1080 1178 intercluderetur,
1114 1107 1147 1160 et

48 1198 256 1262 denuntiatum
281 1195 467 1276 anathema,
493 1196 519 1258 si
540 1197 655 1260 munia
668 1194 779 1281 aliqua
796 1194 1012 1260 sacerdotalis
1029 1194 1143 1276 obiret,

49 1294 88 1357 vel
101 1305 206 1358 conus
221 1294 391 1379 Ignatium
411 1292 526 1356 turbas
541 1295 686 1357 excitare
701 1303 860 1379 pergeret.
899 1291 998 1358 Omni
1015 1313 1146 1378 quoque

46 1390 168 1456 clericali
200 1393 311 1456 officio
335 1391 399 1455 hac
423 1393 457 1455 in
481 1390 608 1474 synodo
632 1392 753 1475 privati
777 1401 870 1469 sunt,
904 1392 961 1476 qui
984 1413 1004 1454 a
1027 1389 1145 1454 I'hotio

46 1487 154 1554 fueraut
175 1489 330 1554 ordinati.
367 1489 406 1553 Iu
430 1489 607 1574 pristinum
630 1488 770 1572 gradum
794 1491 963 1552 restitutus
987 1501 1035 1554 est
1049 1489 1145 1572 Igna-

45 1589 109 1668 tins3
132 1591 194 1653 imo
216 1608 382 1674 nusquam
406 1608 482 1650 eum
503 1587 603 1652 luisse
620 1587 805 1674 depositum
820 1587 873 1650 vel
890 1587 1145 1654 anathematiza·

44 1703 109 1769 tum,
129 1685 185 1750 sed
202 1685 368 1771 imperiali
386 1685 532 1770 potentia
551 1684 675 1770 absque
693 1683 759 1748 nlla
774 1686 935 1748 canonica
950 1689 1144 1752 auctoritate

44 1781 163 1847 ccclesia
184 1783 331 1870 pulsnm,
355 1785 604 1869 pronuntiatum
628 1791 687 1849 est.
728 1783 769 1846 In
787 1782 909 1866 gratim
924 1785 1023 1848 etiam
1039 1783 1143 1848 sedes·

43 1902 94 1966 que
109 1903 181 1947 suas
195 1882 340 1946 restituti
357 1891 443 1962 sunt,
467 1882 524 1966 qui
541 1882 575 1944 in
591 1880 703 1944 odium
719 1880 841 1964 Ignatii
858 1881 988 1946 fuerant
1003 1881 1144 1968 depositi

41 1994 65 2041 et
90 1981 120 2044 in
149 1979 290 2044 exilium
320 1979 500 2044 amandati.
548 1978 723 2044 Sacrorum
759 1981 944 2064 imaginum
975 1983 1143 2046 veneratio

40 2089 137 2142 conus
149 2076 393 2142 Iconomachos
416 2077 611 2141 confirmata
633 2087 692 2141 est.
726 2075 906 2142 Zachariam
923 2098 1000 2142 vero
1016 2077 1144 2163 legatus

40 2177 342 2258 praevaricationem
367 2197 461 2239 suam
485 2173 663 2255 confessus,
696 2174 864 2259 depositus
888 2185 937 2239 est
960 2187 992 2240 et
1014 2198 1144 2242 excom·

40 2275 222 2339 manicatus.
248 2272 453 2337 -Rodoaldus
476 2283 557 2336 tunc
580 2271 699 2336 absens
723 2285 793 2336 erat
815 2271 979 2356 legatione
1002 2275 1144 2359 fungens

38 2370 71 2434 ad
92 2371 287 2436 Lotharinm
317 2393 445 2456 regem,
478 2370 618 2456 ideoque
647 2373 809 2434 sententia
833 2373 867 2435 in
892 2371 984 2436 illum
1007 2373 1144 2440 ferenda

38 2467 123 2533 dilata
145 2471 240 2552 est.¹)
286 2467 353 2534 Sed
377 2491 488 2533 mense
508 2468 688 2534 Novembri
712 2492 742 2534 a.
768 2469 833 2533 864
857 2472 957 2534 etiam
981 2473 1015 2534 iu
1040 2471 1142 2549 illum,

35 2589 121 2650 quum
145 2589 291 2632 examen
310 2578 342 2632 et
351 2566 519 2653 judicium
536 2565 669 2630 concilii
686 2568 823 2651 fugeret,
848 2567 965 2632 eadem
982 2573 1143 2634 sententia

35 2662 238 2750 depositionis
260 2675 293 2728 et
315 2666 669 2729 excommunicationis
693 2664 821 2750 prolata
834 2677 892 2731 est.
924 2665 1050 2751 Synodi
1067 2678 1141 2732 acta

33 2783 95 2824 cum
117 2760 260 2848 epistola
283 2761 441 2826 Nicolaus
464 2760 622 2826 Michaeli
644 2762 841 2848 Imperatori
865 2767 1056 2830 transmisit.

106 2861 160 2925 44.
185 2860 266 2926 Jsm
291 2860 465 2924 videamus
488 2881 573 2945 quse
597 2861 729 2925 interim
747 2858 1033 2948 Constantinopoli
1056 2865 1141 2927 acci-

33 2955 195 3022 derint-
210 2956 307 3022 Multi
323 2956 472 3022 fidelium
485 2957 616 3043 Ignatio
633 2969 861 3024 remanserunt
874 2958 1011 3042 addicti,
1027 2983 1141 3047 quum·

33 3075 84 3137 que
105 3058 230 3120 civitas
251 3079 282 3120 a.
307 3056 368 3120 861
395 3064 501 3120 terrae
525 3065 616 3120 motu
639 3055 777 3141 aliisque
800 3056 1044 3124 calamitatibus
1060 3059 1143 3124 affli.

31 3165 162 3237 geretur,
194 3153 438 3218 conclamatum
464 3163 526 3234 est,
557 3153 598 3218 ob
622 3157 884 3238 persecutionem
908 3154 997 3222 illius
1020 3179 1144 3242 poenas

95 3359 112 3417 ¹1
132 3357 211 3412 Haec
230 3362 358 3410 constant
376 3372 410 3412 ex
428 3355 543 3424 epistola
562 3358 590 3410 7·
612 3357 717 3412 Nicolai
736 3357 827 3424 Papae
849 3358 882 3412 sd
900 3358 1057 3414 MIchaIlem
1075 3361 1143 3429 Imp.

30 3433 92 3491 «iata
109 3453 143 3490 ex
163 3435 285 3506 ejusdcm
304 3435 420 3504 epistola
432 3436 478 3490 70Ὶ
498 3437 532 3490 ad
545 3436 719 3492 Hinemarum
738 3445 767 3492 et
785 3435 937 3492 Gallicanos
951 3439 1095 3508 episcopos,
1115 3447 1144 3496 et

31 3531 57 3567 sn
70 3515 171 3571 Libello
191 3515 326 3583 synodico,
346 3516 375 3570 iu
394 3531 446 3583 qno
464 3517 581 3583 synodus
601 3517 665 3571 haec
684 3517 806 3571 Romana
825 3516 963 3573 recitatur.
978 3549 1009 3558 -
1029 3520 1144 3574 Iuvabit

30 3593 64 3646 tic
86 3613 173 3663 panca
204 3595 292 3650 dicere
321 3595 354 3649 de
378 3593 483 3650 Libello
509 3595 648 3664 synodico,
676 3597 722 3664 qni
754 3603 782 3651 et
806 3597 955 3666 Synodicon
980 3600 1143 3654 nommetur.

29 3671 137 3730 Libellus
157 3677 212 3730 iste
238 3690 332 3730 versus
351 3673 430 3729 finem
449 3677 551 3730 saeculi
570 3677 609 3730 IX
634 3677 668 3731 ab
687 3683 797 3732 auctore
816 3693 913 3747 graeco
938 3679 1075 3733 mniectns
1093 3689 1143 3745 est,

30 3757 197 3823 monetque
218 3759 324 3810 brevem
343 3755 470 3810 nonnam
484 3756 536 3811 158
555 3757 726 3812 coucilicmm
738 3773 834 3813 novem
847 3759 965 3826 priorum
977 3760 1144 3814 saeculorum

29 3833 56 3886 st
73 3835 223 3892 Concilium
242 3835 439 3892 oecumenicum
457 3835 525 3890 VIII
544 3836 682 3892 inclusive.
720 3837 853 3894 Libellum
871 3837 942 3893 hunc
959 3841 1064 3894 saeculo
1077 3840 1144 3895 XVI

29 3917 141 3970 Andreas
162 3915 321 3970 barnarius
340 3932 374 3970 ex
392 3917 484 3970 liores
503 3917 606 3982 attulit,
626 3933 738 3986 eumque
750 3918 858 3988 Pappus
877 3918 1019 3989 theologus
1037 3921 1143 3988 Argen-

29 3997 168 4050 turatensis
188 3996 269 4060 emit,
296 4004 325 4049 et
344 4013 403 4050 cum
421 3995 545 4050 versione
563 3997 650 4050 latius
669 4013 692 4051 a.
715 3999 781 4053 1601
801 3999 916 4068 primum
934 3999 1025 4054 edidit.
1063 3999 1142 4055 Inve-

28 4075 96 4129 nitur
120 4075 233 4146 integer
257 4077 286 4130 in
305 4075 413 4129 Collect
435 4074 535 4130 concii
554 4076 688 4130 Harduini
713 4075 743 4130 T.
762 4077 795 4131 V.
820 4094 845 4147 p.
867 4079 931 4132 1491
960 4093 1016 4146 sqq.
1053 4079 1142 4134 IIausi

29 4167 84 4208 vero
107 4157 143 4210 ad
169 4157 280 4225 singnis
298 4155 418 4209 Concilio
442 4169 475 4209 ea
499 4161 578 4210 notat
601 4171 670 4223 qnae
695 4156 724 4211 iu
742 4157 831 4212 libello
849 4160 975 4226 synodico
998 4158 1142 4216 habentur.

29 4231 55 4286 t.
73 4235 178 4301 Hassis,
197 4236 226 4289 C.
246 4233 288 4301 (1.,
307 4235 349 4292 ed
368 4239 398 4290 2¹
414 4235 444 4290 Β.
466 4235 488 4291 Ι.
508 4237 533 4308 §.
554 4239 579 4293 l.
597 4253 622 4306 p.
641 4238 676 4292 st
694 4245 761 4292 nota
777 4239 804 4295 3.

982 4329 1033 4384 23*

1189 2857 1282 2900 insutu

1155 2915 1306 2962 constatino-

1206 2979 1258 3032 polu
