2898 4836
199 438 204 454 ’
289 473 325 528 aa
468 474 569 529 xvm.
608 475 988 531 commutassemus
1006 477 1231 532 66111611,

126 637 222 679 aventus
236 649 271 679 01-
380 619 432 682 27.
466 619 614 705 AEquum
648 620 749 703 igitur
780 630 830 684 661
835 669 846 700 ,
878 629 917 683 ut
947 642 990 684 ex
1021 619 1113 685 hisce
1135 619 1345 686 relationibus
1366 645 1398 686 ea
1444 607 1445 680 l

143 700 258 749 mmm·
291 718 436 780 maxime
460 739 539 802 prae
563 716 667 781 oculis
691 716 883 798 habeamus,
909 739 994 802 quae
1017 719 1053 782 in
1075 717 1171 783 Actis
1193 719 1322 784 concilii
1347 721 1397 783 Ro·
1444 715 1445 726 l

291 815 381 878 mani
413 816 493 878 anni
527 815 591 880 898
624 814 805 899 habentur,
838 825 938 902 atque
967 837 1008 878 ex
1036 817 1078 880 iis
1100 817 1266 902 judicium
1289 817 1330 882 de
1353 817 1399 881 illo

290 922 429 993 eventu,
463 922 624 999 quantum
648 913 719 977 lieri
744 923 867 998 potest,
902 915 1122 979 efformemus.
1168 914 1298 1000 Reliqui
1322 917 1400 979 enim

289 1020 440 1074 auctores
456 1009 613 1074 facillime
628 1033 670 1074 ex
682 1011 871 1075 rumoribus
884 1011 1073 1096 tragoediae
1087 1014 1141 1076 isti
1154 1012 1238 1077 adeo
1250 1012 1400 1097 lugendae

289 1129 331 1172 ac
362 1109 465 1172 mirae
489 1109 583 1172 varia
602 1108 747 1195 adjicere
771 1120 967 1194 potuerunt,
999 1110 1047 1172 uti
1072 1111 1105 1173 in
1131 1110 1292 1197 ejusmodi
1317 1131 1402 1174 even·

289 1205 379 1270 tibus
403 1207 568 1271 usuvenit.
586 1206 698 1270 -Ex
721 1205 855 1270 concilii
879 1208 973 1270 initio
990 1209 1102 1292 itaque
1118 1219 1209 1272 etex
1226 1229 1350 1273 canone
1364 1209 1402 1271 ⁴2⁴⁰

288 1315 437 1390 apparet,
462 1306 626 1389 episcopis
648 1307 717 1370 vim
735 1302 861 1368 illatam
876 1305 987 1385 fuisse,
1013 1317 1050 1368 ut
1063 1305 1190 1389 synodo
1208 1307 1401 1384 interessent,

291 1400 344 1465 vel
367 1400 614 1466 subscriberent
637 1405 730 1468 actis.
777 1401 864 1468 Satis
887 1412 998 1467 autem
1024 1402 1200 1484 indicatur,
1225 1404 1402 1468 maximas

290 1499 482 1585 proceribus
505 1500 653 1564 factiosis
676 1510 752 1564 eta
775 1498 990 1564 multitudine
1012 1499 1203 1566 turbulenta
1221 1500 1402 1565 violentiam

290 1597 381 1662 illam
412 1607 445 1662 et
476 1619 579 1661 vexas
602 1599 767 1684 profectas
790 1599 901 1663 fuisse.
948 1596 1133 1663 Sacerdotii
1156 1601 1246 1664 enim
1270 1598 1403 1685 dignitas

289 1706 404 1760 contra
427 1695 529 1759 laicos
552 1695 754 1760 vindicatur.
771 1733 814 1744 -
832 1695 1007 1781 Colligitur
1030 1697 1130 1761 etiam
1155 1718 1198 1760 ex
1221 1717 1349 1760 canone
1363 1697 1402 1760 9⁰.

288 1793 471 1859 secundam
504 1792 718 1858 violationem
752 1793 918 1879 sepulchri
943 1794 1113 1876 Formosi,
1146 1795 1180 1858 in
1205 1816 1272 1878 qua
1296 1815 1402 1879 corpus

288 1892 473 1978 projectum
504 1892 567 1955 fuit
597 1893 631 1954 in
655 1890 823 1974 Tiberim,
854 1892 976 1957 factam
1007 1913 1079 1956 esse
1102 1915 1122 1956 a
1144 1892 1243 1956 turba
1265 1893 1402 1957 factiosa.

287 1989 491 2056 Obscuriora
521 1989 656 2075 quidem
686 1999 763 2053 sunt
789 1991 870 2054 ista:
906 1991 983 2075 „qui
1007 1989 1068 2054 sub
1092 1990 1225 2054 foedere
1249 1993 1403 2076 conspira-

287 2090 388 2152 tionis
411 2088 455 2152 ad
479 2087 679 2173 capiendum
703 2086 906 2170 thesaurum,
932 2108 1051 2172 corpus
1075 2085 1163 2150 illius
1186 2087 1402 2153 trabentesiu

288 2186 438 2251 Tiberim
458 2186 586 2271 jactare
610 2207 677 2248 non
701 2187 914 2251 timuerunt.“
952 2182 1019 2248 Sed
1042 2206 1109 2248 non
1133 2183 1238 2250 solum
1257 2185 1311 2250 his
1325 2185 1402 2250 nullo

289 2283 387 2348 modo
412 2283 587 2364 indicatur,
608 2283 706 2369 jussu
722 2282 882 2368 Stephani
901 2282 1073 2347 Pontificis
1097 2280 1153 2347 illa
1177 2293 1311 2369 patrata
1334 2305 1401 2348 esse.

288 2404 406 2447 verum
430 2403 472 2445 ex
498 2381 616 2460 verbis,
649 2391 681 2445 et
705 2403 748 2446 ex
770 2402 878 2466 poena
901 2402 967 2466 qua
991 2380 1183 2445 alliciuntur
1205 2383 1265 2462 rei,
1299 2384 1402 2446 merito
1444 2465 1445 2468 Ἴ

288 2478 499 2544 inferendum
523 2499 651 2560 censeo,
675 2478 872 2543 Pontificem
896 2477 1084 2542 nullatenus
1107 2479 1172 2542 ista
1195 2479 1379 2543 mandasse.
1444 2485 1445 2532 l

379 2613 432 2678 28.
462 2611 561 2692 Quod
585 2612 627 2676 ad
645 2611 805 2698 Stephani
828 2619 920 2696 gesta
944 2611 1071 2694 attinet,
1096 2609 1178 2676 haec
1202 2613 1306 2675 statui
1321 2632 1402 2697 posse
1444 2595 1445 2606 ¹

289 2709 456 2775 videntur.
494 2710 576 2774 Erat
600 2712 669 2796 ipse
694 2732 770 2775 cum
793 2719 887 2796 parte
910 2707 989 2773 cleri
1005 2709 1145 2773 Romani
1162 2707 1324 2774 Formoso
1341 2710 1402 2795 jam

287 2808 417 2874 dudum
433 2811 613 2895 oppositus,
634 2808 770 2894 ejusque
787 2807 931 2871 reditum
949 2808 983 2872 in
993 2806 1123 2872 Italiam
1139 2820 1238 2893 atque
1251 2809 1289 2872 in
1302 2807 1400 2872 sedem
1444 2891 1445 2894 Ἴ

288 2907 504 2972 Portuensem
538 2917 574 2970 ut
605 2907 742 2992 perjurii
777 2907 916 2969 crimine
949 2906 1124 2990 infectum,
1161 2905 1401 2971 translationem
1444 2969 1445 2974 ,

287 3027 367 3070 vero
402 3008 436 3069 in
470 3005 589 3072 Sedem
626 3005 809 3068 Romanam
842 3013 880 3067 ut
914 3002 1121 3088 illegitimam
1155 3015 1189 3066 et
1220 3025 1400 3088 perversam

287 3105 536 3190 usurpationem
560 3101 715 3167 habebat.
745 3101 923 3166 Formosus
948 3123 1023 3165 eum
1041 3102 1183 3165 invitum
1199 3101 1402 3167 ordinaverat
1444 3097 1445 3102 ’

285 3202 323 3265 in
347 3203 538 3287 episcopum
554 3201 798 3283 Ananiensem3
823 3199 881 3263 sed
896 3198 1084 3284 Stephanus
1100 3209 1214 3284 postea
1230 3199 1277 3264 ad
1294 3223 1401 3264 munus

288 3299 474 3386 presbyteri
498 3297 715 3387 (Cardinalis)
739 3296 856 3379 rediit,
890 3308 923 3361 et
946 3298 1133 3380 contendit,
1168 3297 1259 3361 illam
1285 3297 1401 3362 ordina-

288 3399 412 3462 tionem
443 3399 570 3461 irritam
601 3419 680 3460 esse.
729 3394 841 3476 Quum
865 3419 904 3459 ea
934 3406 1042 3459 aetate
1073 3397 1222 3481 quaestio
1255 3395 1300 3460 de
1330 3393 1400 3458 ordi-

288 3495 479 3560 nationibus
503 3495 652 3560 nondum
675 3497 755 3558 satis
779 3493 952 3558 enucleata
976 3504 1071 3576 essct,
1096 3493 1166 3557 lieri
1191 3515 1274 3558 sane
1296 3493 1399 3580 potuit
1444 3575 1445 3588 χ

287 3603 325 3658 ut
348 3615 421 3658 eam
445 3595 571 3657 irritam
596 3591 733 3657 haberet
757 3604 789 3656 et
812 3590 947 3674 nullam,
979 3603 1050 3656 tum
1074 3590 1164 3678 quod
1187 3591 1317 3655 invitus
1339 3609 1399 3653 eam

288 3693 501 3778 suscepisset,
532 3701 601 3755 tum
634 3690 723 3777 quod
754 3692 784 3755 ei
808 3691 985 3754 Formosus
1016 3691 1191 3774 episcopus
1220 3687 1399 3774 illegitimus

286 3946 439 4016 Stephanus
448 3963 503 4002 non
513 3947 625 4016 accepit,
635 3961 749 4015 eumque
759 3949 793 4002 ad
805 3949 936 4016 synodum
948 3961 1123 4016 parmensem
1130 3945 1315 4013 Septembmm
1325 3963 1346 3998 a
1356 3945 1398 3999 stt
1444 3965 1445 4006 1

286 4025 388 4082 Romae
406 4028 592 4083 celebrandam
609 4028 703 4085 venire
721 4027 771 4083 snb
790 4043 877 4096 poena
889 4028 1018 4082 canonica
1026 4025 1119 4095 jussit
1149 4025 1233 4080 Paulo
1246 4033 1309 4094 post
1321 4035 1397 4079 tamer
1444 4065 1445 4102 ,

286 4107 313 4160 ei
329 4107 461 4176 permisit,
480 4113 513 4161 ut
531 4108 566 4161 ad
584 4113 690 4176 tempus
708 4109 779 4162 domi
799 4115 951 4162 remaneret
969 4109 1089 4174 duosque
1107 4105 1175 4160 alios
1193 4105 1331 4175 episcopos
1348 4105 1397 4159 mit·

286 4193 365 4242 teret.
385 4217 419 4228 -
437 4187 471 4243 V.
490 4187 629 4244 Flodosrd.
649 4188 742 4242 histor.
762 4188 903 4244 Rbemens.
923 4187 1122 4244 [118664.
1142 4185 1184 4253 6.;
1204 4185 1396 4256 1111666161

286 4283 331 4322 un.
352 4267 430 4322 2696.
450 4269 528 4323 2698.
