2922 4832
284 470 335 524 teu
515 472 574 526 XX.
595 474 634 528 De
652 477 729 528 stetu
747 475 817 531 Eccl.
837 476 924 532 medio
943 492 1012 531 secc-
1034 476 1183 532 undecimo.

292 619 347 704 qui
369 641 391 681 o
414 619 480 682 suis
502 642 533 682 ce
556 617 710 682 uxoribus
732 622 910 702 continent,
944 631 1001 685 aut
1032 621 1203 686 secundnm
1232 645 1314 686 unos
1333 647 1398 708 nup·

293 717 357 780 tias
379 718 414 779 in
436 717 591 781 uiduitate
614 728 790 782 versantur.
838 717 993 784 Secundis
1025 744 1097 784 cero
1128 721 1251 806 nupt-iis
1283 720 1397 806 inplici-

294 826 343 878 tus
366 816 401 878 in
424 813 567 878 Ecclesia
601 816 645 878 ad
668 815 876 881 sacerdotium
898 841 962 882 non
985 819 1183 900 admittitur,
1213 821 1336 882 tametsi
1355 829 1399 881 out

292 935 359 978 cece
384 913 423 976 ab
450 936 550 977 nuere
579 915 748 994 continent,
779 925 835 979 aut
861 919 904 979 sit
926 917 1060 982 uiduus:
1089 917 1253 1008 ejusmodi,
1278 917 1399 1002 inquunt,

293 1012 333 1076 ab
358 1013 511 1099 episcopi,
545 1011 675 1076 diaconi
709 1024 738 1076 et
765 1013 952 1079 subdiaconi
978 1016 1082 1101 yradu
1108 1015 1296 1106 rejicimr.¹)
1339 1013 1400 1078 Alio

294 1109 428 1198 quidem
459 1110 530 1173 loco
562 1109 603 1174 de
635 1111 751 1174 eadem
788 1111 980 1176 clericorum
1015 1115 1219 1178 continentia
1251 1113 1401 1178 disserens

294 1233 318 1274 s.
343 1207 554 1293 Epiphanius
569 1207 723 1291 advertit,
748 1208 839 1275 haud
862 1210 905 1276 ab
930 1212 1084 1275 omnibus
1101 1233 1174 1276 eam
1198 1212 1334 1293 servari,
1356 1207 1401 1274 scd

295 1306 393 1372 simul
416 1306 450 1370 id
474 1307 584 1370 acrius
608 1308 715 1392 carpit
744 1329 944 1395 normaeque
968 1310 1211 1374 ecclesiasticae
1234 1307 1326 1372 haud
1341 1329 1401 1370 ccu-
1449 1377 1450 1388 ἶ

295 1427 411 1472 sonum
436 1427 506 1468 esse
529 1403 682 1471 affirmat.
730 1405 775 1470 Ac
798 1407 883 1471 dices
905 1408 982 1471 mihi
1004 1408 1144 1488 omnino,
1172 1410 1207 1471 in
1230 1407 1405 1492 qrcibuuton

295 1504 373 1568 locis
396 1503 497 1566 adbuc
521 1503 635 1567 liberos
649 1505 774 1590 yiynere
797 1516 827 1568 et
835 1507 1038 1592 presbyteros
1062 1517 1092 1569 ct
1106 1505 1258 1569 diaconos
1282 1506 1403 1590 ettypo·
1449 1551 1450 1568 2

296 1604 455 1667 diaconos.
503 1601 547 1666 At
569 1603 625 1666 hoc
648 1625 712 1666 non
736 1615 781 1667 eet
797 1608 899 1691 jecta
921 1627 1087 1683 cononem,
1120 1604 1177 1668 sed
1197 1607 1302 1691 jis-cto
1324 1603 1404 1666 honi·
1449 1631 1450 1648 κ

295 1723 370 1766 nunt
392 1711 538 1781 mentem,
572 1725 651 1786 quoe
669 1724 733 1787 per
756 1713 877 1788 tempus
900 1701 1050 1787 elonquit,
1075 1713 1105 1767 et
1121 1713 1258 1788 propter
1282 1701 1404 1765 multitu·
1449 1707 1450 1780 ξ

268 1864 269 1868 ,
296 1801 417 1877 dinem,
451 1822 543 1884 quum
565 1823 630 1863 non
659 1802 854 1864 inveniretur
883 1801 1101 1866 ministerium.
1150 1801 1237 1864 Nom
1261 1800 1344 1884 quod
1364 1801 1405 1860 dr·

296 1899 416 1962 centius
439 1909 498 1975 est,
534 1897 570 1960 id
601 1920 723 1984 semper
745 1898 889 1962 Ecclesia
911 1921 974 1985 per
998 1897 1156 1984 Spiritum
1178 1909 1323 1962 cunctum
1344 1898 1406 1960 benc
1449 1899 1450 1908 ’

296 1997 454 2082 disposita
468 1997 589 2074 uidens,
613 1998 726 2060 statuit
742 2019 914 2082 apparere,
938 2007 974 2060 nt
988 1997 1091 2060 cultus
1109 1997 1212 2060 diuini
1234 1997 1408 2060 inducant
1449 2021 1450 2104 u

296 2095 364 2158 Deo
385 2093 617 2179 perficerentur,
643 2105 672 2157 et
695 2091 881 2180 spirituales
903 2097 1105 2158 necessitates
1133 2117 1200 2158 cnm
1223 2096 1311 2158 omni
1332 2095 1406 2156 bene·
1449 2127 1450 2158 r

296 2193 369 2257 uolo
402 2192 593 2256 conscientia
619 2203 856 2277 percuerentur.
908 2194 990 2256 Dico
1024 2204 1128 2256 nutem
1159 2193 1242 2278 quod
1276 2191 1408 2254 demmin

297 2303 352 2370 cst,
371 2301 508 2377 propter
530 2293 698 2376 repentine
721 2293 899 2354 minister-io
916 2315 952 2354 ac
966 2292 1177 2369 necessitates,
1200 2303 1236 2354 ut
1253 2289 1409 2377 presbyter
1449 2281 1450 2284 ¹

297 2401 326 2454 et
348 2391 502 2454 diaconus
534 2401 564 2453 et
592 2391 756 2475 epiecopus
779 2390 848 2452 Deo
880 2389 1007 2453 deditus
1036 2389 1119 2476 eit.²)
1165 2388 1280 2454 Veluti
1304 2409 1406 2471 excep·

296 2489 420 2553 tionem
444 2510 464 2552 a
488 2487 601 2571 regule
625 2488 724 2552 etism
749 2511 773 2550 s.
799 2487 1024 2572 Hieronymus
1048 2487 1209 2570 designat,
1241 2485 1332 2571 quod
1354 2507 1408 2546 mo·

296 2587 443 2650 trimonii
470 2585 579 2670 juncti
613 2587 648 2650 in
680 2585 804 2650 clerum
828 2585 1041 2671 adoptentur,
1074 2584 1154 2649 dum
1184 2585 1319 2648 scribit:
1353 2582 1410 2645 Eli·

296 2697 413 2773 yuntur
435 2686 545 2749 mariti
567 2686 602 2748 in
625 2685 845 2762 secerdotium,
869 2707 934 2748 non
956 2707 1044 2769 neco,
1068 2685 1218 2768 quianon
1241 2693 1317 2746 eunt
1339 2679 1411 2742 tanti

297 2787 451 2870 uirfinee,
481 2785 594 2870 quaesti
617 2784 788 2847 necessarii
811 2793 883 2846 cunt
908 2781 1126 2867 sacerdotes.³)
1174 2781 1340 2861 Quamvis
1363 2781 1410 2840 its·

298 2904 362 2969 que
393 2885 428 2947 in
452 2882 588 2948 Oriente
619 2903 685 2946 non
713 2881 919 2944 strictissima
951 2880 1023 2964 lege
1055 2878 1186 2944 soeculo
1216 2889 1335 2964 quarto
1358 2875 1410 2940 cle-

298 2981 359 3044 rici
383 2979 426 3044 ad
450 2979 650 3044 coelibatum
676 2978 798 3064 ubique
822 2978 1122 3063 adstringerentur‚
1155 2979 1263 3040 instar
1287 2993 1413 3040 normae

297 3079 469 3142 tamenin
500 3077 666 3164 plerisque
696 3076 904 3142 dioecesibus
927 3077 998 3140 vita
1028 3079 1201 3140 continens
1225 3073 1411 3138 habebatur.

298 3177 353 3241 Ex
376 3177 478 3240 variis
509 3175 649 3241 aliorum
672 3177 808 3240 Petrum
842 3175 1038 3239 testimoniis
1069 3175 1238 3259 variisque
1270 3195 1355 3258 quac
1384 3171 1411 3232 iu

299 3275 435 3340 historia
465 3275 652 3338 referuntur
680 3271 855 3338 eventibus
883 3272 917 3337 id
947 3271 1132 3337 luculenter
1164 3265 1411 3336 confirmatum*

128 3469 291 3512 ⁰⁰⁰¹⁰²¹¹0⁵¹b
393 3465 443 3527 11.
468 3463 507 3527 In
532 3462 714 3528 Occidente
738 3463 861 3547 pariter
885 3459 1066 3524 coelibatus
1096 3457 1290 3521 clericorum
1316 3455 1411 3538 magis

143 3538 277 3582 contusum.
301 3563 472 3648 magisque
496 3561 654 3644 invaluit,
680 3584 719 3624 uc
743 3583 821 3624 mcx
839 3562 939 3623 etium
962 3557 1092 3642 legibus
1116 3555 1187 3642 ejus
1212 3554 1412 3618 observantis

300 3683 360 3747 per
386 3659 564 3725 Pontifices
595 3661 760 3725 Romanos
790 3660 917 3722 sancita
949 3667 1008 3722 est.
1063 3653 1286 3720 Celeberrimu
1319 3663 1364 3714 est
1392 3673 1412 3712 s.

301 3759 410 3826 Siricii
434 3757 605 3823 Pontificis
635 3780 722 3822 anno
747 3758 812 3822 385
843 3756 886 3820 ud
919 3755 1106 3818 Himerium
1138 3752 1413 3816 Tarraconensem

303 3898 511 3909 .....-———-—

374 3967 395 4036 ¹)
415 3965 443 4018 C.
463 3965 505 4017 21.
526 3957 671 4014 secundum
691 3954 841 4010 versionem
860 3949 976 4006 Petcvii.

373 4047 395 4118 ²)
415 4045 516 4100 Contra
534 4041 665 4134 bsereses,
685 4036 758 4088 beer.
778 4031 849 4086 LIX.

374 4127 397 4275 :i
414 4115 899 4260 iiiiiiiiibfciuipiiiu.
920 4191 949 4245 r.
969 4189 991 4244 1.
1011 4191 1039 4243 n.
1060 4189 1082 4243 1.
1101 4205 1124 4243 ο.
1142 4189 1181 4243 11.
1200 4201 1244 4241 nn.
1264 4183 1323 4238 ux
1343 4179 1411 4239 cxc

300 4286 411 4352 Laurin,
430 4286 447 4339 l.
467 4299 488 4338 c
508 4282 550 4353 ξς.
571 4282 595 4336 7.
617 4281 656 4334 12.
