2898 4836
411 475 499 544 Sergii
519 475 561 528 111
581 474 767 530 Pontificatua
1116 473 1150 528 39

50 619 153 684 Sedem
166 618 388 704 Apostolicam
413 618 571 683 ascendit.
612 618 716 684 Vides
739 621 849 703 igitur,
875 618 964 682 hunc
980 628 1150 682 auctorem

50 715 208 781 admodum
241 717 486 784 inconsiderate
517 716 666 782 ordinem
699 739 809 782 rerum
842 719 980 781 miscere
1013 725 1046 780 et
1076 737 1150 780 con·

49 813 177 897 sundere,
201 815 290 880 unde
314 815 440 901 atejus
463 816 663 895 auctoritati,
695 815 775 880 dum
799 814 840 881 de
864 825 949 879 sorte
972 814 1095 878 Leonis
1119 822 1151 875 et

49 911 257 999 Christophori
274 913 427 999 loquitur,
444 933 560 998 parum
576 912 747 978 fidendum
764 934 834 976 esse
849 913 1012 976 existimo.
1036 909 1150 974 Facile

47 1013 120 1076 enim
142 1013 327 1076 rumoribus
351 1012 460 1096 decipi
485 1012 601 1096 potuit.
646 1011 729 1074 Rern
759 1011 860 1094 igitur
883 1011 918 1074 in
941 1010 1081 1094 ancipiti
1103 1031 1151 1072 re·
1201 1079 1205 1088 ,

46 1108 226 1194 linquamus.
265 1110 336 1174 Imo
360 1111 470 1194 potius
493 1130 622 1189 censeo,
646 1129 762 1172 necem
786 1107 877 1172 illam
902 1107 1042 1172 duorum
1066 1109 1151 1170 viro-

46 1229 122 1286 rum,
154 1229 253 1292 quam
282 1208 397 1292 Sergio
428 1205 563 1284 tribuit,
598 1205 687 1270 haud
716 1206 887 1271 accidisse.
933 1205 1031 1269 Esset
1061 1205 1151 1268 enim

46 1305 147 1368 uirum
170 1307 199 1368 si
226 1304 429 1370 Flodoardus
454 1305 554 1368 istum
578 1314 735 1370 eventum
759 1305 955 1388 ignorasset,
989 1324 1092 1388 quum
1115 1304 1150 1366 in

44 1400 126 1466 rebus
148 1406 198 1467 sui
224 1404 381 1488 temporis
404 1401 488 1466 bene
512 1412 680 1466 versatum
704 1424 738 1466 se
763 1401 930 1482 ostendat,
963 1423 1003 1464 ac
1026 1399 1150 1464 Romae

44 1499 124 1563 facile
147 1500 203 1565 illa
229 1502 404 1586 comperiri
428 1501 605 1586 potuisset:
640 1501 759 1564 mirum
784 1500 903 1578 etiam,
936 1500 963 1562 si
988 1519 1027 1562 ca
1051 1497 1091 1562 de
1115 1519 1151 1562 re

42 1600 194 1676 tacuisset,
228 1620 330 1684 quum
355 1597 516 1682 Stephani
541 1597 589 1660 VI
612 1607 706 1681 gesta
731 1597 820 1662 haud
844 1607 970 1677 taceat,
1005 1596 1063 1660 sed
1088 1596 1150 1660 elo-

43 1698 138 1776 quenti
162 1697 319 1761 libertate
343 1694 485 1778 sugillet.

114 1805 166 1867 38.
196 1803 264 1867 Sed
283 1803 355 1888 jam
378 1804 553 1866 veniamus
576 1799 619 1865 ad
643 1803 872 1880 pontificatum
889 1801 994 1886 Serpii
1007 1803 1067 1878 ΙΙΙ,
1093 1803 1149 1888 qui
1170 1813 1256 1863 Suetus
1272 1811 1307 1854 ¹¹¹·

40 1900 74 1962 ali
102 1923 186 1966 auno
223 1902 288 1966 904
322 1922 426 1986 usque
459 1901 501 1964 ad
535 1922 660 1965 annum
694 1903 756 1964 911
792 1898 962 1964 Ecclesiae
995 1899 1149 1984 praefuit.

43 1997 124 2060 llunc
157 1999 354 2064 Pontificem
390 1997 616 2084 Luitprandus
652 1997 826 2084 pluresque
861 2009 1012 2060 auctores
1046 2009 1150 2082 poste·

41 2097 127 2160 riores
147 2099 328 2162 teterrimis
352 2096 517 2162 coloribus
541 2095 736 2182 depingunt,
761 2117 881 2181 cosque
905 2105 1037 2159 secutus
1051 2095 1150 2158 Baro-

39 2195 102 2258 uius
122 2194 294 2260 hominem
318 2194 401 2258 dicit
423 2195 615 2280 nefandum,
645 2194 822 2258 invasorem
846 2191 938 2256 Sedis
955 2192 1151 2279 pontificiae,

39 2292 176 2356 mairem
204 2294 354 2358 uitiorum
381 2293 519 2356 omnium
542 2314 679 2370 semus,
704 2291 1030 2377 fooirmroaiasimum,
1062 2313 1152 2377 quem

40 2402 147 2454 coomt
174 2401 254 2477 post
284 2389 403 2454 mulum
434 2392 626 2471 ingressum,
669 2389 911 2474 deterioremque
941 2409 1150 2474 progressum,

35 2489 192 2570 pressiorem
218 2489 340 2552 demum
362 2510 427 2552 esee
450 2497 646 2552 consecutam
670 2486 866 2572 egressum.¹)
899 2486 965 2552 Sed
989 2487 1152 2550 Baroniua

40 2587 115 2648 iniis
130 2608 218 2672 quae
233 2583 384 2670 Sergium
401 2593 552 2670 spectant
567 2586 713 2648 maxime
725 2583 972 2669 Luitprandum
988 2585 1151 2669 sequitur3

39 2683 133 2766 quoad
163 2683 413 2767 chronologiam
438 2704 569 2768 quoque
593 2681 726 2746 defectu
748 2681 1021 2746 documentorum
1045 2683 1079 2745 in
1104 2703 1150 2746 er·
1207 2717 1211 2724 ·

39 2801 115 2845 rores
136 2781 269 2862 incidit,
294 2801 395 2866 quum
413 2779 564 2865 Sergium
589 2789 718 2844 tantum
743 2779 821 2844 inde
844 2779 887 2844 ab
907 2800 995 2843 anno
1012 2779 1076 2844 908
1092 2801 1152 2864 per

38 2899 128 2944 annos
150 2891 220 2944 tres
243 2879 473 2964 pontificatum
495 2880 636 2962 gessisse
652 2877 785 2942 scribat
822 2877 890 2941 Alii
906 2899 984 2942 varo
1001 2887 1151 2942 auctores

38 2979 158 3058 coaevi,
193 2979 242 3041 uti
271 2977 478 3042 Flodoardus
511 2985 543 3040 et
570 2977 719 3040 Joannes
751 2975 927 3060 diaconus,
964 2974 1152 3040 nullatenus

38 3075 178 3160 Sergium
207 3069 251 3138 'ut
277 3077 385 3138 virum
414 3084 483 3139 tarn
512 3074 694 3138 nefandum
718 3073 927 3154 describunt,
961 3075 1027 3138 imo
1052 3075 1151 3137 etiam

37 3169 181 3238 madibus
215 3193 292 3238 eum
325 3171 489 3254 evehunt3
526 3171 615 3236 unde
642 3172 714 3258 jam
747 3173 945 3236 recentiores
978 3173 1152 3258 scriptores

36 3291 142 3351 graves
173 3269 346 3356 complura
377 3292 517 3356 quorum
543 3269 676 3354 Sergius
706 3279 882 3334 accusatur
912 3269 1053 3334 conficta
1081 3292 1152 3334 esse

37 3379 148 3434 teuent.
196 3368 382 3434 Videamus
403 3367 505 3453 igitur
528 3369 693 3453 imprimis
717 3390 756 3432 ea
781 3389 866 3454 quae
890 3367 931 3432 de
947 3367 1053 3452 Sergii
1074 3367 1152 3432 fatis

36 3477 64 3528 et
88 3471 189 3550 gestis
219 3476 307 3532 certo
331 3476 499 3547 coustant,
533 3476 570 3529 ut
594 3465 672 3530 dein
696 3487 843 3553 eaquae
867 3467 1086 3552 ignominiosa
1110 3464 1152 3528 de

38 3563 98 3646 ipso
120 3565 300 3630 mudantur
322 3564 561 3650 expendamus.

114 3673 169 3737 39.
206 3671 341 3756 Sergius
376 3671 537 3736 oriundus
572 3680 642 3734 erat
677 3692 719 3734 ex
754 3669 961 3734 nobilissima
994 3670 1151 3734 comitum

38 3765 293 3834 Tusculanorum
317 3769 453 3850 familia,
478 3779 577 3854 atque
601 3769 686 3853 parti
712 3767 866 3853 politicae
882 3765 1036 3831 addictus
1052 3765 1152 3831 Adal·

39 3862 111 3930 berti
135 3867 340 3932 Marchiouis
363 3867 506 3931 Tusciae
537 3865 742 3951 aliorumque
772 3885 945 3951 procerum
969 3865 1026 3950 qui
1049 3866 1152 3928 natio·

39 3963 136 4028 nalem
168 3966 347 4029 factionem
379 3964 626 4028 constituebant
656 3975 689 4028 et
718 3975 833 4027 contra
856 3963 1075 4047 Imperatores
1098 3982 1152 4024 ex·

39 4063 364 4148 trancosBerengarii
389 4083 490 4147 regno
515 4059 684 4126 favebant.
716 4059 894 4125 AMarino
918 4058 961 4124 ad
980 4058 1152 4124 subdiaco-

178 4199 238 4206 *—

105 4264 399 4332 amamus
