3054 4834
399 441 540 496 l'iiuliciae
559 443 583 495 S.
605 443 730 510 Gregorii
750 442 813 496 Vll.
1138 445 1191 498 317

86 605 169 665 qnmn
192 593 302 646 sancta
326 584 499 649 Pontificio
523 587 647 651 fuerint
671 585 818 666 consilis,
845 585 981 670 juvebit
1012 587 1126 652 saltem
1152 611 1190 652 ea

87 682 180 760 citare,
219 704 301 767 quae
338 703 452 746 vernus
489 683 589 748 finem
627 687 715 748 ritae
745 705 833 764 sune,
874 705 985 748 mense
1010 685 1189 750 Decembri

84 780 258 858 anni1084,
283 780 365 843 dicit
390 783 423 844 in
447 781 586 866 epistola
610 781 781 865 encyclica
805 781 848 844 nd
872 803 986 845 omnes
1010 783 1124 848 fideles
1148 807 1190 848 ex

85 875 201 940 Salerno
230 878 317 942 (lata.
367 879 461 959 Quae
495 880 632 964 epistola
662 903 703 943 ex
728 901 848 964 magno
878 880 967 965 quod
990 883 1092 965 gessit
1123 905 1188 946 ccr-

83 977 198 1057 tamine,
229 976 320 1041 velnt
345 975 460 1041 ultima
484 988 533 1040 cst
556 979 598 1042 ad
624 977 736 1042 orbem
762 977 981 1042 christianum
1011 980 1109 1042 etad
1134 1003 1188 1066 po-

83 1074 242 1138 steritatem
260 1074 485 1159 proclamatio,
517 1075 783 1140 Commemoratis
803 1077 980 1174 impiorum
997 1079 1186 1162 principum

82 1182 106 1232 ct
126 1171 404 1237 schismaticorum
429 1173 617 1258 praesulum
642 1176 675 1238 in
697 1173 881 1238 Ecclesiam
906 1183 939 1237 et
961 1172 1081 1239 Sedem
1098 1176 1185 1262 Apo·

80 1267 210 1334 stolicam
234 1271 502 1356 impugnatione:
527 1273 590 1336 Pro
605 1273 698 1336 nulla
719 1274 834 1358 quippe
858 1272 938 1349 alia,
962 1273 1086 1352 scribit,
1110 1299 1186 1360 qua·
1205 1303 1300 1352 annui·
1314 1315 1356 1346 οι-

80 1367 142 1430 libet
163 1371 286 1434 ratione
311 1381 421 1432 contra
444 1393 501 1433 nos
516 1372 622 1456 inique
647 1373 867 1456 conspirantes
881 1394 994 1434 manus
1010 1385 1189 1453 creuerunt,
1235 1364 1322 1439 ΨΜ·

81 1467 131 1528 'riri
151 1469 222 1552 qnia
244 1469 421 1553 pericula-m·
444 1480 571 1532 sanctae
589 1469 747 1532 Ecclesiae
771 1468 929 1532 noluimus
946 1468 1072 1533 silentio
1095 1495 1188 1556 prae-

80 1566 166 1641 terire,
196 1578 225 1629 et
256 1567 305 1628 liis
335 1568 389 1651 qui
423 1567 562 1630 eamdem
585 1589 734 1652 speraram
757 1567 821 1630 Dei
852 1589 916 1629 nors
940 1567 1123 1632 erubeseunt
1154 1571 1190 1633 in

79 1665 237 1726 sarritutem
262 1665 412 1750 rediqere.
427 1666 448 1747 ¹)
475 1714 617 1730 .....
644 1667 681 1728 Iu
706 1664 848 1727 omnibus
872 1676 975 1728 autem
999 1668 1092 1730 terrie
1117 1666 1191 1732 lieet

79 1763 157 1822 etium
176 1763 383 1847 pauperculis
405 1761 600 1828 mulierculis
623 1787 698 1826 uuae
708 1764 841 1848 patr-ine
857 1761 921 1848 le9e
939 1784 1058 1848 suaque
1081 1763 1188 1828 nolun-

79 1867 128 1919 tute
149 1861 248 1924 cirum.
266 1861 407 1945 accipere
432 1861 586 1947 lenitime,·
610 1872 738 1925 sanctae
761 1881 833 1924 uero
851 1859 1021 1940 Ecclesiae,
1046 1875 1192 1947 quaeest

78 1979 178 2038 spurina
199 1960 266 2022 Dei
295 1970 324 2021 et
354 1969 455 2022 arauter
477 1971 597 2038 nostra,
629 1983 692 2024 nou
717 1960 799 2037 licet,
829 1959 996 2022 secundum
1020 1961 1190 2046 impiorum

79 2066 165 2119 rotam
187 2069 217 2120 et
240 2057 458 2120 detestabilem
481 2058 744 2134 consuetudinem,
770 2057 882 2120 diuina
905 2056 970 2140 leae
989 2061 1189 2144 propriaque

77 2151 220 2219 uoluntate
238 2178 295 2219 suo
311 2177 426 2240 sponso
450 2155 597 2239 leqaliter
619 2157 764 2218 interris
788 2155 969 2218 adhaerere.
1004 2156 1081 2218 Nou
1105 2159 1191 2220 enim

71 2253 133 2332 pati
154 2253 309 2331 debemus,
343 2264 378 2316 nt
395 2251 462 2336 filii
484 2265 613 2326 sanctae
638 2252 798 2318 Ecclesiae
821 2254 997 2331 haereticis,
1031 2254 1187 2318 adulteris

74 2358 97 2408 et
116 2351 312 2416 invasoribus
335 2353 427 2436 quasi
443 2351 596 2437 patribus
620 2351 830 2440 subjiciantur
853 2361 944 2435 atque
969 2351 1067 2414 abeis
1090 2348 1211 2416 veluti‘

74 2445 243 2512 adulterina
277 2448 416 2534 infamia
448 2460 604 2513 notentur.
645 2499 651 2513 .
690 2499 697 2513 .
735 2499 741 2512 .
783 2447 848 2512 Sed
876 2449 961 2534 quia,
995 2451 1076 2512 sicut
1099 2453 1190 2514 novit

74 2555 160 2608 restra
182 2546 395 2630 fraternitas,
426 2547 498 2610 licet
521 2547 651 2632 indique
677 2559 705 2610 et
726 2548 897 2632 peccatori,
915 2569 978 2632 per
995 2549 1188 2633 proplietam

72 2639 191 2707 dicitur:
230 2643 358 2730 „simper
385 2655 518 2708 montem
554 2644 729 2710 eneelsum“
766 2654 796 2707 et
826 2644 961 2728 reliqua,
1001 2654 1029 2706 et
1058 2646 1188 2709 iterum:

75 2737 217 2816 ,Clamat
249 2748 442 2806 raeeesses!“
473 2783 516 2789 —
549 2743 638 2806 aelim
663 2743 770 2820 nolim,
796 2743 881 2805 omni
898 2743 1079 2828 postposita
1103 2766 1185 2806 vere·

71 2839 183 2917 cundia,
209 2842 319 2904 timore
336 2865 452 2926 araeque
479 2841 525 2904 cel
540 2840 676 2930 alicujus
700 2853 823 2904 terreno
847 2863 962 2918 amore,
988 2840 1186 2924 encaustica,-

71 2933 166 3016 dano,
191 2937 305 3016 clamo,
330 2951 359 3000 et
383 2941 494 3002 iterum
518 2939 628 3018 clamo,
654 2951 683 3002 ct
706 2939 863 3002 adnuntio
885 2937 980 3019 uobis,
1005 2939 1081 3023 quia
1105 2940 1183 3004 cliri-

69 3033 163 3098 stiana
186 3036 301 3122 reliqio
325 3049 354 3100 ct
379 3061 452 3102 cern
467 3039 561 3120 fides,
586 3061 679 3124 quam
695 3037 798 3100 lilius
816 3037 880 3100 Dei
903 3037 941 3100 de
958 3036 1042 3099 coelo
1057 3039 1187 3102 ueniens

65 3155 115 3214 per
133 3145 245 3220 patres
276 3147 401 3199 nostros
424 3159 481 3200 aaa
504 3137 619 3215 docuit,
643 3139 678 3200 in
702 3135 894 3200 saecularem
929 3155 1020 3197 ocrea
1044 3157 1184 3220 pravam

66 3233 319 3312 consuetudinem,
344 3235 426 3298 lieu!
452 3235 671 3320 prohdolor!
703 3235 747 3298 ad
769 3233 901 3296 nihilum
918 3255 1024 3317 paene
1048 3232 1186 3314 devenit,

68 3339 99 3406 ct,
123 3332 284 3395 immutato
308 3334 438 3418 antiquo
462 3333 575 3410 colore,
599 3333 711 3396 cecidit
733 3329 908 3394 nirnsolum
931 3332 965 3394 in
978 3329 1111 3411 diaboli,
1135 3353 1183 3394 ve·

68 3449 126 3489 ruat
153 3431 251 3494 etiam
279 3430 312 3491 in
339 3431 547 3509 ,ludaeorum
581 3429 822 3507 Saracenorum,
862 3439 954 3513 atque
979 3451 1186 3514 paqanorum

68 3523 258 3591 derisionem.
307 3525 364 3592 Illi
387 3531 468 3592 enim
493 3529 574 3615 leyen
598 3552 682 3608 suae,
715 3528 787 3592 licet
810 3528 864 3590 laoc
889 3538 1023 3612 tempore
1048 3525 1092 3588 ad
1114 3525 1183 3590 nul·

67 3620 123 3687 lana
145 3628 328 3690 animarum
351 3626 484 3690 sulutem
506 3626 612 3706 utiles,
636 3626 797 3712 nullisque
827 3623 1001 3702 miraculis,
1026 3625 1106 3686 acui
1130 3623 1187 3688 len

67 3731 178 3802 nostra,
204 3726 327 3788 aeterni
337 3727 420 3809 reaia
435 3725 602 3810 frequenti
625 3727 826 3790 attestatione
850 3721 1041 3806 clarificatae
1066 3739 1094 3791 et
1117 3745 1182 3785 cor-

67 3817 236 3900 roboratas,
256 3833 354 3907 prout
377 3824 517 3902 credunt,
542 3823 718 3888 observant.
760 3825 830 3888 Nos
853 3834 966 3901 anatem,
991 3825 1111 3890 saeculi
1133 3829 1180 3890 in·

66 3913 174 3982 ebriati
207 3942 311 3984 amore
341 3932 371 3983 et
400 3944 485 3984 uana
509 3921 632 4007 decepti
655 3921 834 4002 ambitione,
868 3922 954 3986 omni
975 3920 1126 4008 reliqioue
1151 3937 1184 3988 et

133 4222 151 4286 ¹)
171 4221 254 4276 Deest
273 4222 384 4289 aliquid,
404 4221 475 4276 forte
496 4225 659 4277 coriseutire.
