2922 4832
139 2243 226 2294 lujnsts
242 2243 277 2286 tle·

167 2314 257 2364 positae

305 475 357 526 912
532 473 595 556 ΧΧ.
615 473 655 526 De
673 480 749 526 statu
768 471 839 526 Eoel.
858 473 944 526 medio
963 487 1030 526 seeo.
1050 474 1197 528 tridecimo.

304 617 434 680 actibus
468 618 572 701 ipsius
600 618 749 700 apprime
778 614 953 700 colligitur.
1000 617 1148 682 Maxime
1173 628 1284 681 autem
1308 636 1413 687 moror,

305 724 341 778 ut
375 735 569 778 censeamus
592 715 753 778 rationem
778 714 897 796 agendi
924 713 1013 776 illius
1046 717 1142 799 argui
1166 717 1327 780 simoniae
1359 739 1411 778 uon

305 835 408 896 posse,
442 812 531 897 quod
556 810 806 876 Hildebrendus
837 811 936 876 fuerit
958 812 1130 876 Pontifieis
1154 811 1353 897 capellanus,
1378 815 1413 876 ei·

304 932 367 996 que
391 911 540 974 amicitia
563 931 603 972 aa
628 911 842 974 veneratione
875 931 996 994 magns
1016 911 1164 995 junctus.
1212 910 1335 976 Omnis
1355 933 1412 974 sua·

304 1009 393 1086 alent,
427 1009 462 1072 in
488 1009 559 1070 istis
583 1005 733 1090 Gregorii
758 1006 855 1070 fastis
878 1009 1095 1072 intervenisse
1121 1008 1259 1072 consilio
1285 1021 1316 1078 et
1337 1009 1412 1094 adju·

304 1108 386 1170 torio
410 1127 469 1169 suo
490 1103 774 1183 Hildebrsndum3
800 1106 827 1166 is
850 1126 928 1168 vero
954 1115 1041 1170 uerte
1059 1105 1220 1188 Gregorio
1246 1106 1335 1170 haud
1356 1117 1411 1170 tam

303 1205 419 1268 intime
449 1201 667 1278 adhaesisset,
708 1203 735 1266 si
769 1203 929 1268 simoniae
970 1203 1051 1287 quid
1080 1203 1262 1268 subfuisset
1296 1207 1330 1269 iu
1362 1203 1413 1268 illis

303 1301 442 1366 actibus.
473 1337 516 1348 -—
548 1299 625 1366 Otto
650 1300 872 1383 Frisingensis
900 1300 942 1364 de
966 1303 1179 1366 veneratione
1202 1301 1410 1366 Hildebrsndi

305 1399 413 1485 quoad
445 1397 641 1482 Gregorium
667 1396 794 1460 scribit:
823 1398 914 1461 Hunc
942 1396 1135 1462 Gratianum
1163 1399 1266 1485 Alpes
1289 1421 1413 1464 conscea-

303 1501 425 1561 ‹leutem
439 1506 574 1560 aestatum
589 1495 696 1579 fuisse
722 1496 854 1558 traduat
871 1494 1137 1577 Hildebraadam,
1164 1500 1218 1581 qui
1227 1500 1412 1584 postmodum

302 1619 439 1660 stammas
462 1593 614 1666 Pontifeae
641 1595 753 1678 fastris
786 1593 822 1656 ob
848 1599 916 1681 ejus
939 1615 1085 1672 amorem,
1109 1597 1185 1678 quin
1209 1595 1248 1658 de
1277 1595 1413 1682 Cotoloyu

304 1693 488 1778 Pontificum
511 1701 644 1756 semotus
659 1691 784 1776 fuerat,
816 1715 848 1755 se
876 1692 1062 1776 (tragurium
1092 1694 1154 1756 VJ]
1178 1697 1290 1757 uocari
1313 1696 1411 1758 uoluit:

303 1804 332 1854 ot
362 1794 442 1854 sieut
474 1792 508 1852 ia
535 1790 662 1852 Lucano
691 1788 782 1852 labet
817 1791 967 1866 „Victrix
996 1813 1093 1854 carisa
1117 1791 1181 1854 diis
1199 1792 1338 1876 placuit,
1368 1795 1412 1856 sal

305 1894 385 1954 rictu
412 1885 559 1964 Catoai·‘,
584 1890 630 1950 ita
655 1898 685 1950 et
707 1888 777 1950 leuis
795 1885 1030 1966 Hildabraado,
1056 1891 1110 1972 qui
1133 1911 1255 1974 semper
1279 1892 1313 1953 iu
1336 1891 1411 1952 eccls-

302 1990 429 2052 siastiao
445 1988 548 2070 riyore
564 1987 834 2050 constantissimus
849 1985 930 2070 suit,
955 2009 1053 2050 carisa
1076 1987 1140 2050 isto
1162 1989 1197 2050 iu
1221 2011 1285 2072 qua
1308 2000 1411 2052 scateo·

303 2089 349 2150 tia
373 2087 536 2171 piiaoipis
559 2094 589 2146 st
612 2086 828 2170 episcoporum
844 2084 1041 2170 praevaluit,
1074 2107 1194 2171 semper
1218 2085 1412 2172 displicuisti
1452 2107 1453 2162 ἦ

391 2229 444 2292 61.
493 2225 667 2290 Caeterum
692 2225 887 2310 Gregorium
914 2226 1034 2310 injuste
1059 2226 1246 2312 depositum
1273 2251 1351 2308 esse,
1378 2230 1410 2288 ei·
1452 2283 1453 2310 ¹

302 2349 365 2411 que
390 2325 508 2388 Sedem
534 2322 759 2408 Apostoliaam
792 2345 862 2386 esse
886 2323 1122 2388 restituendam
1157 2326 1242 2388 varii
1269 2327 1412 2390 videntur
1452 2311 1453 2388 l

302 2425 517 2486 existimasse.
580 2419 683 2484 Wazo
719 2424 893 2506 episeopus
928 2421 1142 2503 Leodiensis‚
1189 2445 1295 2508 quum
1333 2423 1410 2486 Heu·
1452 2401 1453 2436 ¹

302 2523 389 2584 riuus
413 2519 464 2582 ΙΙΙ
493 2529 564 2604 post
588 2529 723 2583 mortem
750 2518 929 2584 Clementis
952 2519 986 2582 Π
1014 2519 1057 2582 ab
1082 2542 1119 2583 eo
1144 2521 1319 2585 consilinm
1345 2521 1411 2606 peti·
1452 2579 1453 2590 ,

303 2622 380 2682 isset
404 2618 444 2681 de
470 2617 697 2680 constituendo
723 2617 897 2698 Pontifice,
933 2639 1053 2701 magna
1086 2640 1160 2682 oum
1185 2618 1337 2683 libertate
1361 2619 1411 2682 lm·

302 2717 441 2802 peratori
459 2715 643 2800 respondit:
669 2718 828 2800 Itacoaitet
844 2717 997 2778 serenitas
1008 2727 1123 2792 vestro,
1146 2737 1185 2779 ae
1201 2717 1295 2802 forte
1316 2718 1414 2781 ursuni

304 2815 463 2898 l‘outijicis
488 2815 584 2890 sedes,
617 2813 755 2898 depositi
785 2837 805 2876 u
829 2813 938 2899 artibus
969 2837 1033 2876 nou
1063 2816 1213 2900 oportuit,
1249 2817 1316 2902 ipsi
1344 2817 1411 2878 diri-

303 2915 386 2975 uitus
402 2915 442 2976 sit
457 2921 633 2988 reseruata,
665 2935 757 2996 quum
781 2913 808 2974 is
825 2935 912 2996 quma
935 2913 999 2974 vice
1024 2915 1090 3000 ejus
1114 2913 1266 2976 ordiam-i
1281 2915 1412 3002 jriasistis

302 3011 479 3088 tlefuaetus,
504 3013 629 3074 cessisse
653 3011 800 3074 videatur
823 3011 922 3073 eidem
938 3011 1039 3074 adhuc
1061 3013 1235 3096 superstiti.
1272 3013 1412 3085 Quoriuu

300 3108 552 3194 qaaizdoqatdeu
575 3119 716 3172 nostram
740 3131 835 3193 suuper
857 3109 906 3172 tis
919 3110 1073 3195 ιῙίιιρίίανο
1083 3109 1210 3194 placuit
1224 3113 1410 3174 sententiam.

301 3208 427 3270 (lesiaat
450 3205 627 3269 sulilimitas
652 3218 754 3269 uestra
771 3205 904 3290 aliquem
929 3208 961 3269 in
988 3211 1055 3294 ejus
1078 3206 1175 3270 loetum
1198 3210 1254 3294 qui
1268 3221 1411 3296 superstes

301 3317 346 3367 ost
369 3303 446 3368 uelle
472 3303 668 3383 substituere,
692 3307 768 3390 quia
791 3329 846 3367 uec
870 3304 997 3367 diuinas
1019 3329 1074 3368 uec
1097 3306 1251 3370 humanas
1268 3305 1408 3394 leysscer·

302 3415 365 3467 teau
389 3413 434 3467 est
457 3401 621 3466 eriaceslere
645 3403 709 3481 lior,
735 3401 1007 3489 adstipulantibus
1029 3401 1140 3487 ubique
1165 3416 1340 3468 sauctorum
1355 3429 1408 3490 pu·

302 3513 385 3574 trem,
407 3513 470 3564 taus
494 3501 598 3578 dictis,
623 3525 716 3586 qairrus
733 3503 871 3586 scriptis,
897 3525 1045 3565 stuatosum
1061 3501 1240 3586 Pontificem
1266 3529 1286 3564 n
1303 3505 1400 3566 aerario·

375 3769 394 3838 ¹)
415 3767 510 3820 Chron.
529 3765 559 3819 L.
579 3765 627 3818 VI.
660 3797 690 3804 -
723 3766 871 3833 Gregorius
891 3766 945 3820 VII
970 3767 1034 3833 ipse,
1064 3766 1090 3819 in
1111 3765 1230 3821 Consilio
1249 3767 1361 3820 Romano
1387 3779 1405 3814 a

301 3849 372 3902 1080
389 3847 489 3906 habito.
509 3862 536 3899 se
555 3847 678 3899 comitem
698 3845 782 3899 luisse
795 3847 921 3915 Gregorii
932 3847 972 3898 Vl
992 3846 1143 3900 inexilium
1163 3846 1282 3910 abdncti,
1301 3853 1407 3899 testatur

301 3930 439 3994 alloquens
458 3928 488 3979 B.
508 3927 618 3980 Petrum
645 3926 734 3981 verbis
758 3926 827 3980 illis:
855 3925 925 3992 „Vos
944 3926 1019 3979 scitis
1038 3926 1102 3994 quio
1121 3941 1173 3980 non
1193 3927 1308 3982 libenter
1325 3925 1353 3978 ad
1369 3939 1406 3972 sa·

300 4025 373 4062 rrum
392 4007 511 4060 ordinem
530 4009 636 4064 accessi.
663 4015 690 4060 et
708 4007 813 4059 invitus
832 4007 905 4059 ultra
929 4013 1033 4060 montes
1055 4021 1114 4060 eum
1137 4007 1243 4062 domino
1268 4023 1332 4074 popa
1348 4007 1405 4056 tta»-

298 4089 377 4156 gorio
396 4086 458 4142 abii.
478 4087 523 4139 seul
543 4088 630 4155 inagis
651 4087 753 4141 invitus
773 4101 831 4140 cum
851 4087 957 4140 domiuo
976 4101 1035 4140 meo
1054 4101 1123 4153 papa
1142 4085 1231 4140 Leone
1250 4087 1282 4140 od
1301 4093 1403 4138 vestrum

301 4166 442 4234 specialem
462 4165 601 4220 ecelesiam
622 4168 696 4224 retii.
717 4169 744 4220 in
765 4183 819 4233 qus
837 4173 982 4232 utcumque
1002 4165 1078 4220 vobis
1100 4165 1262 4220 deservivi*
1289 4162 1402 4218 uiuus

300 4249 330 4302 Τ.
351 4249 384 4301 Χ.
404 4247 452 4301 col.
471 4247 532 4300 383.
