3054 4834
406 445 548 498 vindiciae
566 445 592 498 S.
613 444 739 514 Gregorii
759 446 822 500 Vll.
1147 449 1202 504 349

84 591 172 670 longo
197 601 342 672 tempore
367 589 624 670 dogmatizatam
649 589 863 674 impietatem,
889 613 1014 656 errasse
1030 615 1063 654 se
1089 613 1198 656 eoram

85 688 212 752 coneilio
238 689 401 772 frequenti
427 686 598 750 confessus
623 688 823 772 veniamque
849 688 1018 773 postulans
1049 701 1080 753 et
1104 713 1202 755 orans

83 809 119 850 ex
141 785 317 872 apostoliea
342 784 518 848 elementia
544 785 673 848 meruit.
720 785 921 872 lassavitque
951 789 1036 851 sieut
1068 789 1102 851 in
1127 809 1201 852 eon·

85 882 286 968 sequentibus
311 883 516 946 continetur:
544 883 608 967 Epo
628 883 838 967 liereaparius
862 885 953 947 corde
978 886 1069 948 credo
1094 897 1124 948 et
1146 909 1199 947 ore
1228 901 1355 952 &nram

82 982 236 1064 eorpiteor:
267 1003 383 1066 partem
407 991 437 1043 et
459 983 566 1044 virttem
589 1004 667 1066 qaae
690 993 853 1066 ponantur
876 984 910 1045 in
934 981 1036 1046 altari
1055 1007 1115 1069 per
1140 1007 1200 1070 my·
1234 969 1349 1020 ΝΜ

82 1082 201 1142 storiam
230 1101 339 1143 sacrae
371 1080 528 1142 orationis
560 1091 589 1142 et
613 1078 708 1142 verim
731 1081 833 1142 nostri
858 1080 1080 1166 Redemptoris
1110 1080 1202 1157 „sub-

81 1176 291 1240 stantialiter“
317 1178 456 1239 conuerti
478 1179 513 1239 iu
537 1198 643 1241 ueram
667 1187 696 1238 et
714 1178 886 1262 propriam
910 1201 947 1240 ac
971 1177 1203 1262 vivificatricem

81 1299 197 1338 «amoeni
230 1287 259 1338 et
290 1276 476 1357 seerrpuinem
499 1275 580 1337 Jeea
607 1273 725 1338 (larisa
747 1276 881 1338 Domini
913 1277 1037 1354 nost&
1070 1285 1099 1338 et
1126 1285 1204 1361 post

80 1376 337 1456 ‹sorresco-ationem
368 1395 433 1436 esee
465 1395 569 1434 versun
597 1370 716 1435 Christi
747 1394 870 1458 carptus,
904 1372 987 1458 quod
1014 1385 1124 1436 natam
1157 1387 1204 1438 eat

80 1472 114 1532 ele
146 1473 281 1558 Virgine,
317 1483 346 1533 et
369 1471 453 1556 quod
471 1492 534 1555 pro
558 1468 660 1532 salute
685 1470 796 1534 macardi
820 1470 959 1533 oblatum
981 1472 1016 1534 in
1039 1495 1127 1535 errice
1145 1495 1203 1556 pe·

75 1572 195 1654 pendit,
222 1581 250 1632 et
274 1569 357 1654 qarocl
380 1569 466 1630 sedet
490 1569 534 1630 cul
558 1568 721 1630 dexteram
744 1570 873 1646 Patria·
896 1579 925 1630 et
948 1591 1053 1632 oeream
1077 1569 1201 1653 saepiri·

81 1693 142 1730 uera
170 1667 292 1734 Chi-isa·
315 1669 368 1752 peti
391 1667 429 1728 de
454 1665 552 1729 latere
577 1669 643 1753 ejus
667 1664 783 1750 effusus
815 1677 881 1744 est,·
915 1689 978 1730 noa
1003 1677 1124 1730 lautum
1142 1690 1207 1752 per·

79 1769 196 1850 signum
235 1779 264 1828 et
299 1767 442 1827 virtutem
474 1765 679 1837 sacramenti,
714 1765 769 1826 secl
794 1767 827 1827 ia
846 1766 1043 1849 proprietate
1067 1775 1205 1829 naturae

79 1875 104 1923 et
134 1867 265 1926 ueritate
294 1863 505 1939 substantiae,
539 1863 619 1926 sieut
643 1864 675 1924 ia
699 1863 754 1924 ltoc
778 1861 864 1924 brevi
886 1865 1064 1927 continetur
1096 1874 1126 1926 et
1149 1885 1205 1946 epo

78 1961 135 2046 legi
170 1972 201 2024 et
232 1985 283 2024 ros
317 1961 503 2044 inlellipitis.
553 1959 605 2022 Sic
637 1960 739 2038 crede,
775 1985 830 2022 nec
860 1972 971 2024 eontra
1002 1963 1082 2024 lettre
1103 1961 1204 2044 fldem

79 2060 209 2122 ulter-ias
241 2058 374 2137 clooebo,·
411 2060 456 2120 sic
487 2081 531 2120 me
560 2059 649 2121 Deua
687 2058 815 2145 adjuvet
848 2067 877 2120 et
908 2059 982 2122 baec
1014 2082 1107 2122 sacra
1140 2061 1208 2122 Dei

77 2155 263 2240 Evangelio.
289 2156 451 2220 —Tunc
477 2155 619 2219 domnus
634 2156 724 2240 Papa
749 2157 920 2241 praecepit
935 2157 1136 2236 Berengario
1161 2180 1204 2220 ex

77 2257 272 2319 auctoritate
307 2255 367 2318 llei
397 2256 633 2339 omnipotentis
672 2265 703 2316 et
743 2264 933 2317 sanctorum
967 2255 1203 2339 Apostolorum

75 2353 161 2416 Petri
188 2365 223 2416 et
239 2352 345 2429 Pauli,
372 2364 407 2415 ut
424 2353 464 2416 de
481 2374 616 2437 corpore
641 2363 673 2414 et
689 2353 851 2432 sanguine
869 2351 1004 2416 Domini
1031 2375 1204 2438 nunquam

76 2449 214 2514 ulterius
245 2473 320 2514 eum
345 2451 455 2536 aliquo
481 2451 649 2535 disputare
684 2449 735 2513 vel
761 2449 906 2535 aliquem
932 2451 1048 2515 docere
1074 2463 1217 2535 praesu·

76 2561 198 2632 meret3
233 2561 372 2634 excepta
404 2572 504 2613 saissa
536 2548 716 2612 reducendi
742 2549 784 2611 ml
810 2547 895 2611 hane
920 2547 1019 2612 fidem
1044 2569 1110 2627 eos,
1145 2551 1202 2634 qui

75 2669 132 2731 per
163 2647 237 2732 ejus
266 2647 451 2710 ‹lontrinam
484 2647 526 2710 ab
551 2669 590 2711 ea
621 2649 845 2710 1·eeesserunt“
864 2645 899 2728 ¹).
948 2646 1035 2710 Dein
1060 2646 1205 2726 benigne

75 2745 259 2826 Gregorius
289 2745 358 2808 Vll
389 2745 628 2824 Berengarium
663 2747 695 2808 ia
726 2743 869 2808 Galliam
904 2754 1123 2807 revertentem
1158 2743 1205 2806 di-

75 2845 175 2913 misit.
204 2856 236 2906 et
250 2842 360 2906 libello
385 2846 413 2906 ei
440 2865 596 2907 concesso
613 2843 674 2906 sub
694 2842 905 2906 anathemate
922 2841 1101 2926 prohibuit,
1126 2863 1203 2927 que

76 2945 187 3006 minus
208 2942 277 3025 jam
303 2941 423 3026 aliquis
448 2963 533 3022 euin,
559 2941 663 3004 lilium
685 2941 855 3004 Romanae
880 2940 1047 3020 ecelesiae,
1074 2941 1206 3025 injuriis

74 3040 237 3120 afficeret,
264 3039 314 3102 vel
340 3039 541 3102 haereticum
568 3039 746 3118 vos-orest).
796 3038 892 3102 Certe
916 3040 950 3101 in
975 3037 1129 3102 omnibus
1153 3037 1208 3102 his

73 3137 175 3202 laude
203 3139 347 3200 maxime
372 3137 493 3220 (lignus
517 3149 566 3200 est
589 3137 769 3220 Gregorius
795 3136 869 3205 Vll,
902 3138 958 3222 qui
982 3159 1094 3200 senem
1119 3147 1204 3199 oeto-

73 3239 264 3320 genarium,
296 3259 395 3320 ‹puun
433 3235 475 3298 ad
500 3257 574 3299 eum
600 3233 807 3320 appellasset,
843 3256 918 3296 eum
943 3233 1151 3314 indulgentia
1176 3218 1208 3297 et

73 3335 287 3420 benignitate
313 3335 476 3412 tractavit,
508 3345 539 3396 et
565 3332 647 3396 nihil
671 3331 761 3396 aliud
786 3333 906 3412 exegit,
938 3333 1001 3395 nisi
1027 3343 1063 3394 ut
1086 3331 1208 3416 dogma

75 3433 281 3496 catholicum
317 3432 534 3518 profiteretur.
581 3433 668 3494 Eum
699 3453 776 3493 vero
820 3429 1031 3516 opinionibus
1063 3431 1209 3493 erroneis

73 3531 274 3612 Berengarii
291 3533 422 3606 favisse,
447 3533 595 3614 ineptum
621 3541 669 3594 est
684 3529 804 3592 dicere.
833 3529 910 3592 Jam
936 3530 1042 3614 prima
1066 3527 1207 3591 formula

73 3651 136 3714 per
163 3651 201 3692 se
219 3631 470 3692 convenientem
496 3627 666 3691 doetrinae
682 3625 862 3690 catholicae
878 3627 1118 3712 professionem
1135 3649 1207 3688 eon-

73 3727 222 3808 tinebat‚
251 3727 352 3790 altera
384 3727 459 3790 dein
491 3725 632 3789 formula
666 3723 843 3789 videbatur
867 3727 979 3788 omnia
1003 3723 1209 3807 subterfugia

75 3824 272 3890 excludere.

79 4025 296 4033 -—————--—

160 4153 180 4208 'l
203 4151 577 4218 llonun1.(lr·egor.llegist.
601 4151 647 4204 Vl.
670 4151 708 4204 ll.

154 4233 180 4300 ²)
203 4229 268 4284 Ibin.
291 4231 348 4284 Vll.
369 4233 411 4287 24.
