2932 4836
325 495 367 550 De
384 494 570 550 Decretalibus
589 493 872 550 Pseudo-Isidorisnis.
1109 495 1160 549 281
1178 521 1180 526 ·

56 649 158 704 eontra
180 638 440 724 subscriptiones
475 647 507 702 et
538 637 758 722 professiones
782 659 858 702 suas
890 658 911 700 s
943 637 1049 723 seipso
1075 636 1160 701 dam-

56 749 168 818 natum,
185 738 336 824 potentia
353 737 443 822 rapio
457 735 580 822 fremas
596 737 731 799 Romam
744 736 850 798 venire
865 733 1040 819 faciamus.
1080 733 1164 816 Quis

56 835 146 917 igitur
168 834 255 900 banc
277 837 469 900 universam
492 832 598 918 legem
630 833 780 897 infernus
803 831 974 896 evomuit?
1005 834 1079 918 quis
1102 841 1164 898 tar-

57 943 135 998 tarus
164 932 205 998 de
228 933 298 998 suis
321 930 446 998 abditis
475 941 509 996 et
530 930 712 996 tenebrosis
736 929 899 996 cuniculis
924 931 1164 1012 eructavit?“¹)

54 1029 150 1096 Simili
183 1029 283 1096 modo
316 1032 418 1094 etism
450 1028 515 1094 alia
549 1028 706 1094 mandata
736 1027 902 1094 Hadriani
927 1025 1063 1092 Carolus
1095 1051 1166 1115 per-

54 1131 183 1214 stringit.

131 1227 185 1293 69.
225 1227 429 1292 Hinemarus
463 1226 565 1310 igitur
599 1226 634 1288 in
669 1224 732 1290 hac
768 1225 906 1310 epistola
942 1223 1063 1290 callida
1096 1235 1166 1290 arte

54 1325 208 1390 mandatis
233 1323 435 1410 quibusdam
459 1321 664 1388 secundariis
686 1321 869 1405 Hadriani,
899 1321 940 1388 dc
964 1324 1166 1409 protectione

53 1424 133 1507 regis
150 1422 364 1488 Hincmaro
349 1423 476 1508 Jnuiors
467 1420 715 1502 concedenda,
739 1419 891 1486 debonis
909 1421 1068 1486 ecelesiae
1082 1421 1167 1484 Lau-

53 1520 201 1586 dunensis
216 1519 452 1600 custodiendis,
476 1519 608 1600 insistit,
633 1527 665 1581 et
676 1521 915 1604 consequentia
933 1518 1072 1584 subdola
1089 1518 1229 1583 inde⁸
1199 1521 1290 1626 ἵζω
1230 1520 1314 1563 uras

52 1622 144 1684 etiam
167 1617 313 1699 deducit,
337 1616 380 1682 ab
405 1617 578 1683 Hadriano
599 1567 685 1702 leaeo
705 1619 813 1704 arperi
834 1618 1018 1696 inanditae,
1042 1593 1290 1682 scuticam

54 1739 128 1803 repes
158 1737 224 1781 csse
246 1717 456 1780 vicedominos
489 1725 519 1779 et
540 1713 664 1780 villicos
687 1716 921 1801 episcoporum,
952 1737 1005 1781 eos
1018 1715 1169 1801 facerent

54 1815 154 1878 debere
171 1824 343 1900 praestare
367 1814 525 1900 episcopis
542 1813 873 1898 praevaricatoribus,
907 1835 946 1876 ac
976 1811 1058 1876 tales
1080 1811 1169 1896 leges

55 1912 189 1978 traducit
208 1921 245 1976 ut
261 1911 419 1976 confictas
438 1932 459 1974 s
477 1911 635 1996 scriptore
656 1909 822 1995 epistolae.
860 1910 950 1975 Hinc
971 1912 1109 1996 opponit
1130 1931 1169 1974 ea

54 2033 123 2094 osae
150 2009 344 2096 apostolicae
367 2008 453 2073 sedis
475 2009 600 2071 nomine
623 2007 791 2071 sectandam
810 2009 966 2073 tramitem
988 2005 1169 2093 Scriptura-

53 2131 122 2186 rcm,
141 2107 414 2193 praedicationem
435 2109 600 2194 majorani,
629 2115 658 2169 et
681 2105 924 2170 ortbodeaeorsnn
947 2106 1072 2170 decreta
1095 2107 1169 2170 scri-

54 2205 168 2284 bantur,
193 2214 227 2269 et
248 2205 333 2290 qaod
348 2225 434 2268 secscs
451 2226 473 2267 a
488 2225 641 2289 pquam
654 2203 760 2288 faerit
776 2203 977 2290 compilatum
993 2205 1056 2268 sive
1076 2203 1166 2280 confi·

55 2313 134 2366 cam.
174 2302 336 2388 Adeoque
351 2303 512 2386 confictam
527 2299 607 2364 dum
624 2300 714 2383 dicit,
739 2300 829 2365 haud
846 2301 917 2388 ejus
933 2303 1036 2364 menti
1053 2300 1168 2366 obver-

54 2411 135 2466 satur
154 2399 274 2466 Isidori
300 2399 474 2479 Collectio3
497 2398 629 2464 facilius
653 2399 836 2481 crederem,
862 2397 944 2464 illud
968 2398 1170 2485 compilatam

55 2513 116 2564 tom
146 2499 190 2563 sd
213 2497 374 2562 aliatum
398 2496 440 2560 ad
463 2495 809 2562 Pseudo-Decretales
833 2495 988 2562 alludere.
1036 2495 1170 2563 Sciebat

55 2599 135 2662 enim
149 2605 237 2661 certe
252 2596 464 2676 Hincmarus,
481 2593 616 2659 modum
627 2593 750 2682 judicii
764 2594 806 2659 ab
821 2594 993 2660 Hadriano
1011 2593 1169 2659 selectum

56 2694 172 2780 aliquot
208 2692 357 2759 textibus
390 2691 780 2758 Pseudo-Decretslium
819 2713 915 2778 posse
950 2691 1169 2778 comprobari.

57 2791 224 2857 Caeterum
241 2790 435 2856 Hadrianus
458 2790 569 2876 quoad
589 2792 759 2875 negotium
775 2791 923 2876 episcopi
936 2789 1170 2854 Laudunensis

57 2892 87 2954 iu
108 2890 225 2955 litteris
249 2892 317 2954 suis
340 2907 511 2974 nunquam
540 2887 583 2951 ad
605 2887 942 2952 Pseudo-Decretales
964 2887 1169 2973 provocavit.

137 2989 189 3054 70.
220 2987 351 3073 Operae
373 2988 517 3072 pretium
541 2995 591 3049 est
611 2988 711 3050 etiam
735 3008 774 3050 ea
797 2995 921 3066 notare,
947 3007 1031 3071 quse
1055 2983 1171 3048 scribit

58 3085 273 3151 Hadrianus
265 3107 300 3150 ιιι
323 3083 426 3150 altera
458 3084 502 3148 ad
527 3082 681 3148 Carolum
706 3082 859 3168 epistola,
893 3105 958 3168 qua
981 3104 1093 3167 regem
1117 3103 1169 3145 ex·
1205 3087 1309 3131 namn

58 3185 239 3250 acerbatum
263 3183 375 3248 verbis
405 3182 559 3267 benignis
589 3192 621 3245 et
651 3181 842 3246 honorificis
873 3179 1005 3266 placare
1034 3179 1169 3245 studuit.

59 3282 152 3346 ridie
175 3281 247 3360 illa,
271 3282 389 3367 inquit,
413 3303 477 3366 qna
495 3278 582 3343 oobss
597 3301 660 3366 per
672 3277 860 3365 prorsfotont
875 3278 1016 3365 fiunem
1031 3287 1171 3342 nestum

59 3379 260 3467 (ecardum)
290 3378 444 3444 madoci
463 3375 579 3463 fideles
602 3379 762 3442 orationes
793 3387 824 3441 et
850 3377 1041 3441 certissimas
1064 3376 1168 3438 amici·

60 3477 129 3555 tias,
160 3500 319 3564 memsam
349 3475 503 3542 aliorsum
526 3475 692 3540 declinati.
740 3475 783 3538 Et
813 3475 1018 3560 sipaaedam
1047 3473 1171 3537 litterae

61 3573 176 3639 delatae
198 3576 287 3641 nobis
315 3585 389 3640 sant
412 3574 508 3640 aliter
531 3595 562 3638 se
586 3573 732 3638 babentes
761 3575 797 3636 in
820 3572 997 3660 superficie,
1030 3569 1080 3634 vel
1102 3569 1170 3634 eub-

61 3683 174 3757 reptac,
203 3674 253 3740 ccl
284 3698 305 3738 a
334 3673 425 3738 nobis
451 3669 686 3758 infirmantibus
716 3681 876 3749 mensae,
905 3667 955 3734 vel
982 3693 1003 3732 a
1032 3666 1172 3755 quenlibet

57 3792 185 3852 persona
207 3771 365 3856 confictae,
389 3771 502 3836 damas
527 3781 584 3834 aat
606 3771 713 3834 acrias
736 3769 927 3834 mordaciter
949 3778 1114 3832 conanus:
1136 3766 1172 3829 id

64 3877 157 3934 locun
176 3869 268 3934 nobis
280 3869 387 3954 fleam
410 3891 532 3955 semper
553 3868 671 3932 manat
693 3868 729 3930 in
752 3876 869 3944 nante,
897 3867 980 3952 aad
1000 3865 1089 3929 robis
1112 3864 1170 3948 sip-

1193 3160 1325 3201 mmmm·

63 3965 243 4046 nsficssinos
266 3965 417 4052 molest)
454 3965 610 4030 Pontifex
633 3963 814 4050 prudenter
836 3963 962 4050 aliquid
985 3964 1073 4047 regis
1095 3983 1170 4048 que·
1250 4041 1257 4052 ⁶

130 4189 148 4256 ¹)
165 4189 196 4244 V.
214 4189 356 4246 Hiacmcri
374 4186 440 4255 Opp.
459 4193 481 4243 t.
499 4187 534 4242 11.
553 4203 579 4254 p.
598 4187 651 4240 706
669 4200 726 4252 sqq.

129 4266 149 4332 ἰ
165 4267 398 4336 spise.11ssrisni
410 4266 537 4322 XXXIV.
557 4265 675 4320 Labbaei
688 4265 755 4320 OoIl.
768 4264 848 4320 coac
866 4263 941 4318 'I'om
954 4263 1033 4319 vm.
1047 4263 1095 4318 col.
1108 4263 1169 4319 937.
