3002 4836
431 493 578 550 Concilium
596 493 745 550 Nicucuuut
762 493 800 550 ll.
1140 499 1177 553 ὅθ

73 655 194 708 netteut
215 665 278 728 pus
301 639 343 705 de
366 638 510 725 prendre
533 659 588 704 ces
611 639 837 722 tcmoignages
860 637 944 704 deus
966 639 998 706 le
1021 661 1096 706 sens
1118 639 1175 706 ab·

72 740 131 804 solu
151 761 211 826 que
234 736 352 804 l’ccolc
375 736 533 804 italieune
558 747 638 801 veut
659 735 732 800 leur
754 735 911 802 donner.“
959 738 1012 825 (L.
1037 736 1081 824 c.)

147 837 197 902 69.
219 835 276 902 Ad
291 855 436 900 examen
449 833 694 920 seripturarum
711 842 744 898 et
759 833 964 900 Truditicnis
979 835 1069 922 quod
1084 856 1174 922 spec·

71 953 109 1000 tut
129 935 247 1000 sufficit
269 933 455 1014 advertere,
480 930 567 998 bunc
589 953 718 1016 semper
740 931 841 996 fuisse
865 931 1076 1016 Synodorum
1100 957 1176 1002 con·

70 1032 274 1116 suetudinem,
309 1042 343 1096 ut
374 1030 557 1110 ostenduet,
582 1029 768 1096 doctrinam
800 1029 996 1096 catholicam
1028 1031 1071 1098 ub
1095 1033 1176 1118 ipsis

68 1133 252 1218 propositam
277 1129 357 1195 fidei
381 1127 529 1194 fontibus
552 1149 730 1196 consonum
754 1150 834 1194 esse.
865 1164 908 1176 -
933 1126 1109 1196 Caeterum
1131 1131 1175 1196 ud

69 1231 202 1294 Bussueti
225 1237 462 1314 argumentum
486 1227 609 1313 optime
632 1226 809 1312 respondet
831 1224 1040 1292 Muzuerelli:
1081 1227 1176 1310 „Hoc

69 1326 207 1412 equidem
240 1327 416 1413 proprium
448 1337 497 1388 est
520 1325 669 1390 omnium
694 1323 925 1390 definitionum
950 1321 1175 1392 Consiliorum
1200 1337 1248 1388 Quo
1264 1337 1337 1388 reor

66 1423 256 1507 generulium
281 1424 335 1511 (ut
358 1424 458 1488 totius
481 1420 651 1488 Ecclesiae
684 1443 845 1488 consensu
868 1420 1043 1509 edantur);
1080 1423 1175 1492 slitcr
1238 1400 1294 1440 Μ’

67 1521 262 1587 definitiones
287 1519 430 1586 Consilii
463 1519 621 1607 appellari
653 1519 844 1605 nequirent,
868 1540 977 1606 neque
1000 1541 1042 1584 ex
1065 1531 1176 1594 aucto-

67 1622 148 1684 u'tste
161 1619 335 1684 Ecclesiae
358 1617 558 1684 universalis
574 1629 693 1699 essent,
710 1638 819 1702 neque
842 1617 989 1704 episcopi
1013 1617 1060 1682 ibi
1077 1639 1173 1682 suum

66 1719 197 1782 cilicium
208 1719 342 1804 judicis
364 1717 587 1781 exercerent“
617 1753 656 1764 -
672 1714 716 1779 Et
739 1713 844 1778 relata
867 1713 1080 1780 conclusione
1096 1715 1173 1780 Bos·

66 1817 146 1896 sueti,
168 1838 235 1902 qua
260 1815 524 1882 demonstratum
547 1835 619 1878 ease
635 1812 806 1878 contendit
830 1811 919 1898 quod
942 1811 1005 1878 sibi
1029 1815 1174 1899 proposi-

66 1929 124 1977 tum
145 1926 230 1980 erat:
259 1912 368 1996 „Cum
392 1911 482 1980 bona
505 1913 613 1992 venia,
639 1910 754 1976 scribit
777 1920 901 1990 auctor,
924 1909 1016 1976 aliud
1040 1911 1176 1998 insuper

65 2024 123 2075 erut
143 2009 442 2076 demonstrandum
466 2033 524 2096 pro
547 2019 749 2096 argumento.
765 2010 943 2098 proposito,
968 2007 1096 2074 scilicet
1119 2009 1173 2075 de-

65 2109 233 2175 finitionem
267 2108 480 2174 Pontificiam
510 2107 672 2195 prolatam
701 2129 744 2171 ex
775 2103 944 2171 Catbedrs
975 2115 1052 2170 ante
1076 2106 1173 2172 istam

64 2219 250 2290 postremam
275 2229 440 2273 summam
464 2217 497 2270 et
519 2203 766 2271 ineluctabilem
791 2203 1017 2268 definitionem
1031 2201 1174 2270 Concilii

64 2325 119 2369 uon
140 2305 244 2372 fuisse
269 2307 377 2392 ipsam
402 2325 533 2391 quoque
558 2300 831 2369 irreformabilem
860 2311 959 2388 utque
983 2299 1174 2368 ineluctabi-

64 2401 125 2467 lem.
169 2403 308 2469 Etenim
343 2424 420 2467 cum
450 2401 508 2467 lux
540 2401 607 2466 luci
641 2401 849 2487 supervenit,
882 2421 948 2465 non
982 2399 1056 2466 ideo
1089 2423 1177 2490 quse

65 2503 142 2584 prius
166 2513 239 2568 erat
262 2501 323 2566 lux
345 2499 502 2566 tenebrae
526 2510 612 2566 suut.
643 2499 695 2563 lta
718 2517 820 2584 quum
844 2497 1018 2564 Pontificio
1042 2499 1176 2564 decreto

64 2599 238 2665 conciliarius
270 2599 422 2665 definitio
446 2597 689 2684 superadditur,
713 2595 791 2660 fidei
822 2595 977 2681 splendor
999 2617 1104 2662 noves
1127 2599 1176 2660 vi·

65 2719 106 2760 res
120 2699 284 2785 acquirit,
308 2710 343 2761 et
366 2698 512 2784 practice
536 2694 729 2776 ostenditur,
753 2715 853 2780 quam
877 2715 993 2758 verum
1017 2687 1177 2781 sit,'qu0d

65 2792 225 2860 Pontificio
259 2795 398 2860 solemni
436 2793 567 2859 decreto
599 2813 769 2878 nunquam
806 2791 911 2856 defuit
941 2801 973 2856 et
1002 2813 1173 2879 nunquam

65 2889 156 2958 deerit
180 2895 361 2959 universae
383 2890 554 2958 Ecclesiae
588 2911 787 2972 consensus,
811 2889 950 2976 ideoque
974 2891 1074 2956 etiam
1097 2897 1176 2956 ante

65 2991 300 3056 manifestatam
331 2989 521 3055 solemniter
550 2989 801 3054 consensionem
830 2985 1015 3070 Ecclesiae,
1040 2987 1176 3054 Pontifi-

64 3088 140 3152 cium
163 3089 337 3154 decretum
361 3096 411 3152 est
432 3084 703 3152 irreformabile.“
730 3085 768 3150 L.
794 3107 821 3150 c.

141 3187 192 3252 70.
217 3186 416 3273 Opportune
440 3187 539 3250 etiam
560 3181 752 3250 Muzzarelli
775 3182 1020 3264 animadvertit,
1044 3181 1175 3265 insigne

65 3295 285 3366 argumentum
309 3305 368 3370 pro
392 3281 628 3348 infallibilitate
649 3281 790 3346 Romani
804 3279 983 3362 Pontificis,
1009 3279 1088 3345 inde
1112 3278 1176 3344 col-

66 3377 122 3462 liffl',
146 3381 236 3468 qood
259 3381 389 3446 tamdiu
404 3379 602 3463 Orientules,
627 3390 751 3444 ettam
775 3376 869 3442 multi
894 3377 1067 3444 orientales
1079 3377 1177 3444 Prae-

66 3477 149 3560 eules,
183 3501 329 3544 errorem
360 3477 506 3564 amplexi
541 3479 608 3543 siut
639 3487 708 3543 tam
730 3474 903 3544 absonum.
952 3473 1016 3560 „Et
1039 3476 1175 3558 interea,

67 3575 171 3662 iuquit,
194 3599 311 3642 rursus
335 3578 553 3662 cognoscitur,
584 3583 746 3663 quantum
776 3576 963 3639 necessarie
993 3575 1036 3640 sit
1058 3574 1102 3640 ud
1125 3573 1177 3637 fir·

68 3675 201 3740 uiuum
225 3675 306 3740 fidei
329 3675 365 3739 in
388 3673 539 3740 Ecclesia
572 3669 856 3738 irreformabilitas
887 3671 1091 3738 definitionis
1115 3671 1175 3736 Ro-

68 3791 169 3836 manae
193 3773 384 3838 cathedrae.
429 3771 563 3836 Etenim
596 3793 683 3836 enno
714 3771 777 3836 754
810 3782 1045 3856 congregatum
1069 3770 1179 3834 fueret

67 3868 315 3936 uConstsntino
339 3869 553 3956 Coptonymo
586 3868 763 3934 concilium
793 3877 1015 3934 trecentorum
1039 3869 1178 3957 triginta

69 3979 129 4030 octo
157 3971 387 4055 episcoporum
421 3967 581 4032 adversus
614 3966 739 4032 cultum
771 3987 939 4032 sacrarum
974 3967 1175 4050 imaginum,

70 4077 95 4126 et
121 4088 204 4132 enno
240 4067 303 4132 787
336 4067 371 4132 in
395 4065 542 4130 Nicaeno
580 4063 728 4130 Concilio
762 4065 899 4130 delinita
921 4065 985 4130 fuit
1008 4083 1176 4129 sacrarum

71 4161 239 4248 imaginum
263 4166 444 4230 veneratio.
490 4163 648 4228 Jamvero
673 4183 772 4248 quam
796 4163 944 4247 regulam
969 4160 1046 4228 fidei
1070 4169 1175 4225 tutam

71 4275 97 4321 tt
116 4261 240 4330 tirmam
262 4273 374 4328 tenere
398 4259 707 4348 potuissentfideles
722 4282 781 4345 per
804 4259 1016 4328 intervallum
1040 4259 1177 4342 triginta
