2898 4836
325 473 488 528 Benedictus
507 472 546 527 VI
565 479 594 526 et
612 471 767 526 Bonifatius
786 469 848 526 VII.
1107 471 1142 524 89

48 617 234 702 Imperatoris
249 616 385 698 CPtani,
402 616 514 682 filiam.
543 616 694 680 Mortuus
708 625 819 680 autem
832 624 882 678 est
894 614 1042 680 Ioannes
1056 613 1141 678 XIII
1163 615 1175 642 '

47 715 89 778 ‹lic
108 715 125 777 6
146 715 348 801 Septembris
377 717 457 780 anni
486 715 562 780 972.
607 714 763 779 Pontifex
793 713 855 778 luit
883 711 1005 796 dignus
1037 733 1077 776 ac
1100 711 1142 775 de

46 813 190 878 Ecclesiae
214 813 302 878 bono
326 811 501 895 sollicitus3
537 811 677 877 multum
708 821 819 876 umen
853 831 912 896 pro
946 809 1141 876 difficultate

44 927 204 996 temporum
227 912 442 996 Imperatoris
464 912 652 975 auctoritati
677 910 877 974 concessisse
902 908 1043 974 videtur.

113 1027 162 1092 88.
199 1027 389 1090 Benedictus
420 1026 469 1090 VI
486 1025 665 1105 Romanus,
690 1023 920 1110 praesentibus
943 1024 1060 1107 legatis
1075 1023 1139 1087 Im·
1166 1023 1298 1127 Βωθνᾶιὶθῒω

42 1126 178 1207 peratoris
211 1127 246 1188 in
278 1123 388 1188 locum
412 1123 554 1188 Joannis
578 1122 664 1187 XIII
697 1123 854 1186 suffectus
877 1131 942 1203 est,
978 1130 1138 1206 qnantum

41 1233 158 1306 apparet
181 1220 393 1308 praevalente
428 1221 558 1286 influxu
583 1222 811 1307 Imperatoris,
845 1229 877 1284 et
909 1221 1051 1284 factione
1083 1241 1138 1283 no·

40 1317 137 1383 bilinm
168 1319 199 1383 ei
233 1319 355 1386 dedita.
402 1318 468 1383 Sed
501 1341 579 1384 mox
614 1319 795 1383 factionum
828 1316 988 1382 tumultus
1015 1319 1139 1382 Romae

39 1417 139 1480 iterum
175 1427 378 1482 exarserunt.
436 1416 547 1496 Quum
584 1417 672 1480 enim
708 1414 785 1480 Otto
820 1416 866 1480 M.
901 1415 955 1479 die
992 1418 1020 1481 i.
1059 1415 1139 1500 Meji

37 1515 101 1577 anni
123 1515 187 1580 973
212 1525 360 1580 mortuus
393 1525 493 1596 esset,
527 1514 604 1580 Otto
628 1513 663 1578 Π
686 1535 764 1577 vero
791 1515 928 1598 juvenis
960 1513 1075 1578 decem
1108 1522 1141 1576 et

37 1623 95 1674 octo
115 1635 277 1677 annorum
303 1615 337 1676 in
351 1611 532 1682 Germania
555 1620 752 1693 versaretur,
777 1621 868 1675 metu
882 1610 1024 1675 Romani
1043 1610 1139 1675 soluti

36 1719 112 1788 sunt,
144 1721 179 1775 et
213 1711 312 1776 faotIo
348 1710 526 1776 nationalis
558 1708 734 1775 Germanis
769 1711 919 1795 opposita
954 1709 1158 1780 dominium¹

36 1809 163 1892 arripere
198 1808 335 1874 studuit.
381 1809 533 1873 Mutuum
566 1809 649 1872 ratio
683 1805 723 1871 et
747 1807 875 1872 indoles
906 1829 972 1872 non
1005 1809 1139 1871 omnino

35 1903 219 1988 clarescunt3
244 1905 327 1970 haec
350 1917 461 1970 tamen
478 1927 520 1969 ex
535 1906 615 1990 ipsis
630 1904 806 1969 eventibus
822 1913 919 1975 et.ex
942 1907 1138 1991 scriptorum

33 2003 177 2069 relatione
202 2003 312 2088 colligi
342 2013 490 2090 possunt.
531 2003 627 2068 Multi
658 2003 792 2089 quidem
822 2003 949 2068 nobiles
977 2024 1017 2066 ae
1048 2025 1138 2088 pree-

32 2102 112 2184 ripue
144 2102 274 2166 familia
307 2104 465 2166 comitum
498 2101 763 2166 Tusculanorum
790 2102 862 2187 jam
898 2101 1048 2186 partibus
1075 2101 1138 2164 Im-

31 2210 203 2280 peratorum
229 2221 263 2263 se
282 2201 475 2285 junxerant,
500 2220 640 2284 quorum
664 2209 826 2284 potestate
849 2200 914 2262 nisi
937 2199 1061 2263 Romae
1085 2199 1137 2262 do-

33 2297 134 2360 minari
159 2296 350 2376 studebant,
374 2305 407 2361 et
430 2297 529 2382 hujns
553 2296 705 2361 factionis
729 2297 859 2361 influxu
874 2296 1074 2360 Benedictus
1090 2297 1137 2359 Vl

30 2393 57 2454 iu
78 2393 193 2460 Sedem
220 2394 446 2481 Apostolicam
472 2403 607 2458 evectus
631 2404 710 2460 erat.
751 2393 817 2459 Sed
845 2417 916 2458 sese
939 2394 1140 2458 formaverat

30 2492 115 2556 etiam
139 2495 293 2579 opposita
317 2493 481 2578 quaedam
495 2493 595 2556 factio
620 2493 798 2578 popularis,
824 2513 928 2578 eaque
951 2493 1137 2565 sationalis,

29 2601 54 2650 et
81 2590 322 2676 Imperatorum
353 2593 506 2677 potestati
538 2591 677 2655 infensa.
715 2591 808 2655 Varii
833 2613 963 2676 qnoque
986 2612 1138 2676 proceres

29 2684 94 2749 huic
116 2689 255 2752 factioni
279 2711 349 2753 sese
372 2689 581 2768 addixerant,
606 2689 743 2775 ejusque
766 2688 836 2753 dux
859 2699 938 2753 tuno
962 2697 1031 2753 erat
1047 2688 1138 2754 Cres·

27 2789 141 2850 centius
156 2787 313 2851 Nomenti
339 2787 533 2869 dominus.¹)
564 2786 675 2850 Medio
692 2808 779 2850 anno
796 2787 861 2861 974
885 2788 986 2871 igitur
1008 2785 1050 2852 ab
1075 2787 1137 2852 hac

27 2882 158 2948 l'actione
184 2884 303 2948 seditio
327 2886 453 2949 Romae
476 2893 565 2948 mota
588 2894 646 2964 est,
670 2885 873 2949 Benedictus
897 2884 945 2948 VI
976 2887 1009 2948 in
1034 2895 1139 2950 custo·

27 2978 106 3044 diam
130 2984 263 3066 missus,
289 2992 321 3046 et
344 2983 439 3048 brevi
454 2993 528 3068 post
551 2985 732 3046 incarcere
749 2985 936 3048 suffocatus.
969 2982 1010 3046 In
1026 2983 1160 3048 sedem'

25 3079 241 3160 pontificalem
267 3101 345 3144 vero
369 3080 519 3144 elevatus
543 3090 591 3144 est
615 3081 744 3144 Franco
769 3081 912 3144 Ferrntii
944 3081 1046 3162 lilius,
1077 3081 1138 3145 Ro-

26 3197 144 3258 manus,
172 3176 361 3242 Cardinalis
385 3177 560 3262 diaconus,
594 3180 650 3264 qui
674 3179 836 3265 Bonifatii
865 3179 930 3243 VII
947 3199 1067 3243 nomen
1091 3203 1139 3244 es-

24 3277 164 3360 sumpsit.

103 3391 157 3454 89.
206 3390 360 3477 Plerique
393 3401 543 3455 auctores
580 3394 786 3472 existimant,
822 3391 1137 3478 pseudopontificem
1164 3400 1286 3443 &uitulus

23 3485 113 3550 fnisse
145 3487 351 3552 Bonifatium
393 3487 467 3570 VII,
508 3510 546 3552 eo
586 3489 674 3575 quod
708 3491 842 3552 vivente
875 3487 1055 3554 Benedicto
1089 3491 1137 3554 VI
1204 3462 1250 3504 Ἧι

90 3703 107 3755 'l
128 3700 173 3753 Ex
192 3699 242 3753 hoe
262 3704 381 3768 tempore
395 3699 611 3754 Crescentiornm
624 3699 729 3754 familia
747 3700 775 3754 in
789 3700 938 3755 lactionum
956 3701 1050 3755 litibus
1063 3718 1138 3770 pree-
1178 3705 1181 3711 ’

22 3778 121 3834 cniuet
160 3779 262 3834 Joanui
281 3778 354 3834 XIII
378 3779 525 3835 &essendi
551 3779 746 3848 adhaeserunt;
770 3796 833 3836 nam
857 3781 998 3836 Pontifiois
1022 3788 1138 3849 neptem,

22 3857 96 3913 iliam
115 3858 282 3928 stephaniae
300 3859 399 3914 sororis
417 3859 540 3926 Ioannis,
567 3859 781 3916 Crescentiorum
808 3861 867 3928 quis
886 3862 1001 3916 duxerat
1019 3877 1136 3926 uxorem,

22 3947 45 3991 et
63 3939 207 3994 Rolircdns
225 3955 311 3994 comes
330 3940 449 3994 refertur
467 3941 569 3995 occisus
587 3956 605 3994 a
622 3941 728 3996 Joanne
747 3941 907 3996 Crescentis.
939 3943 1084 3996 Benedicto
1097 3942 1138 3995 Vl

21 4029 104 4074 sutem
123 4020 175 4089 ipsi
197 4019 333 4075 adversati
352 4025 424 4076 sunt.
463 4021 580 4076 Alberici
599 4025 628 4074 et
647 4021 779 4076 Marotiae
797 4021 844 4076 isti
863 4021 1011 4076 Crescentii
1030 4023 1137 4090 propin·

21 4100 150 4166 quisunt,
170 4105 254 4167 atque
272 4115 305 4155 ex
323 4101 410 4170 stirpe
433 4101 587 4155 Theodorus
604 4101 703 4154 sororis
721 4101 854 4156 Marotiae
878 4102 1043 4169 prodierunt.
1080 4101 1136 4157 cfr.

21 4179 133 4235 arborem
152 4181 357 4250 genealogicam
378 4181 476 4250 sustam
500 4197 525 4248 p.
550 4182 592 4246 62,
614 4186 642 4234 et
661 4197 720 4236 earn
745 4197 813 4249 qnae
838 4181 953 4237 hebetur
978 4199 1020 4251 ap.
1039 4184 1135 4248 Belou,

21 4261 102 4316 storia
120 4261 241 4326 d'Italia,
260 4261 319 4314 Vol.
340 4261 376 4314 II.
397 4261 427 4315 L.
446 4261 547 4316 XVIII.
567 4278 593 4317 n.
613 4261 702 4316 XXII.
