3002 4836
282 495 316 547 tt
636 493 675 546 De
692 491 797 546 merui
814 491 1047 548 iconoclastarum.

281 637 436 721 serapio,
471 659 539 699 eum.
566 635 707 699 omnibus
735 635 872 721 caprelis,
905 657 984 722 quoe
1015 639 1086 724 jure
1118 657 1157 701 oe
1180 639 1332 704 diviuitas
1361 641 1402 704 ab

280 735 361 820 ipsis
379 734 601 820 promulgatae
623 743 713 810 sont,
730 734 813 796 iuter
826 757 905 819 quoe
920 736 1111 814 continetur,
1135 736 1193 812 „iu
1216 737 1403 821 quibuisdam

280 830 506 896 uenerabilium
540 831 711 916 imaginum
734 832 874 917 picturis
905 831 1015 916 Aquas
1044 833 1143 919 digito
1181 834 1403 901 Praecursoris

280 940 433 993 oneratas
448 928 656 992 ostendimur
680 927 777 1014 (Can.
793 928 895 994 Trull.
911 928 978 1016 82).
1009 929 1202 995 Hadrianus
1221 934 1401 996 assertione

280 1026 483 1091 Graecorum
514 1026 671 1112 deceptus
707 1027 913 1091 existimasse
944 1027 1093 1109 videtur,
1127 1027 1260 1092 eosdem
1285 1029 1402 1095 Patres

279 1125 334 1211 qui
360 1124 539 1189 adfuerunt
553 1123 701 1188 Concilio
719 1123 770 1188 VI
794 1125 894 1188 etiam
913 1147 1056 1191 canones
1080 1078 1308 1210 disciplinares
1331 1128 1400 1192 edi-

275 1221 367 1286 disse
403 1221 493 1302 illos,
525 1223 582 1306 qui
614 1223 650 1285 in
683 1221 841 1286 Trullana
874 1223 1000 1306 synodo
1025 1223 1105 1287 editi
1129 1232 1215 1286 sunt.
1263 1223 1328 1290 Sed
1352 1248 1401 1290 re·

279 1322 446 1384 strictione
479 1273 535 1384 illa
562 1319 707 1402 generali
740 1343 820 1405 quoe
836 1325 912 1410 jare
943 1345 981 1384 oe
1003 1321 1157 1386 diminues
1177 1323 1400 1409 promulgatae

278 1429 371 1494 sunt,
396 1421 475 1483 satis
507 1417 744 1502 providebatur
769 1418 864 1484 Sedis
896 1417 1108 1503 Apostolieae
1132 1421 1337 1503 auctoritati,
1363 1431 1400 1486 ut

279 1515 456 1580 discrimen
490 1516 576 1580 inter
607 1517 716 1580 varios
750 1538 894 1580 canones
928 1515 998 1580 fieri
1034 1523 1153 1600 posset.
1209 1515 1396 1584 Concilium

276 1635 402 1678 cecum.
427 1613 503 1694 VlI,
528 1635 571 1676 ex
593 1614 757 1698 episeopis
773 1613 989 1678 orientalibus
1004 1622 1169 1694 constans,
1194 1614 1397 1699 approbavit

278 1712 413 1796 quidem
437 1733 579 1776 canones
594 1709 784 1790 Tmllanos,
810 1711 942 1776 eosdem
966 1719 1079 1776 sextae
1102 1709 1237 1794 Synodo
1261 1713 1400 1778 attribu·

277 1832 353 1887 ens,
378 1811 414 1873 in
435 1831 494 1872 suo
519 1829 645 1873 canone
669 1810 792 1894 primo·
817 1810 995 1874 sedetiam
1019 1809 1119 1893 hujus
1135 1806 1274 1876 Concilii
1299 1833 1399 1876 cauo-

278 1928 336 1970 nes
359 1929 379 1970 a
402 1905 486 1970 Sede
510 1906 702 1991 Apostolica
724 1929 791 1970 uon
815 1916 892 1970 sunt
915 1904 1145 1990 confirmatu).

120 2020 190 2063 sessu
205 2021 251 2064 uu
368 2006 421 2069 13.
446 2005 524 2069 Jam
553 2003 699 2068 breviter
729 2013 905 2090 tangamus
928 2025 968 2068 ea
992 2025 1077 2090 quae
1105 2003 1300 2068 Occidentem
1323 2009 1398 2072 atti-

117 2081 146 2123 ro
147 2082 242 2124 rtetlllum

245 2109 372 2185 ’,neut
397 2111 434 2166 ut
457 2101 563 2187 qualis
586 2101 686 2166 fuerit
708 2123 816 2166 rerum
834 2101 1131 2166 ecclesiasticarum
1152 2109 1254 2166 status
1278 2104 1400 2171 melius

276 2200 504 2284 perspiciatur.
550 2198 645 2265 Obiit
672 2198 704 2263 S.
729 2199 851 2286 Apntlto
875 2200 968 2285 Papa
998 2199 1051 2264 die
1077 2199 1120 2263 10
1141 2199 1294 2264 danuarii
1318 2203 1397 2288 682,

276 2305 309 2362 et
341 2299 375 2361 in
404 2297 475 2383 ejus
507 2295 615 2362 lorum
641 2299 798 2362 suffectus
829 2298 894 2363 fuit
917 2297 949 2362 S.
984 2299 1045 2362 Leo
1074 2299 1112 2361 II
1131 2295 1273 2380 Siculus,
1306 2303 1401 2366 vitae

276 2397 436 2458 sanctitee
460 2394 581 2477 clarus,
606 2393 663 2460 SS.
688 2395 933 2482 scripturarum
963 2396 1199 2481 peritissimus,
1222 2417 1342 2480 graece
1366 2411 1402 2464 et

274 2493 376 2558 latine
400 2493 526 2558 doctus.
573 2493 627 2557 Ab
651 2515 689 2558 eo
705 2493 935 2558 confirmatum
958 2494 1023 2559 fuit
1039 2492 1225 2558 Concilium
1249 2515 1402 2562 oecume-

275 2592 388 2656 nicum
413 2601 552 2656 sextum.
598 2590 699 2654 Brevi
732 2591 926 2676 pontificatu
959 2591 1093 2655 functus
1116 2590 1161 2654 ad
1183 2589 1311 2656 coelum
1336 2597 1399 2658 mi-

274 2691 384 2773 gravit
406 2689 462 2753 die
486 2697 504 2754 3
524 2688 608 2754 Julii
632 2711 662 2754 a.
687 2689 762 2754 683.
786 2725 830 2738 -
854 2688 1021 2754 Successit
1044 2689 1074 2752 ei
1090 2686 1123 2752 8
1148 2687 1338 2754 Benedictus
1363 2693 1406 2755 II

275 2787 464 2868 Romanus,
489 2787 543 2851 die
567 2786 609 2851 26
632 2787 727 2851 Junii
752 2786 842 2868 684,
867 2788 925 2872 qui
947 2788 1071 2871 pariter
1098 2784 1293 2850 brevissimo
1317 2797 1401 2853 tem·

274 2907 353 2970 pore
376 2883 560 2948 Ecclesiam
592 2883 802 2970 gubernavit.
848 2883 943 2950 Obiit
965 2885 1054 2948 enim
1089 2882 1143 2948 die
1165 2883 1187 2948 5
1211 2883 1291 2948 Maii
1315 2890 1398 2952 anni

274 2982 349 3048 685.
396 2981 612 3066 Vigilantiam
648 3003 741 3046 suam
772 2981 970 3067 pastoralem
1000 2980 1158 3062 ostendit,
1189 3003 1290 3065 quum
1314 2986 1399 3048 reci-

273 3091 366 3166 peret
393 3080 434 3146 ab
464 3081 627 3166 episcopis
650 3079 809 3164 Hispanis
840 3078 989 3144 libellum
1012 3080 1207 3164 inscriptum
1232 3079 1326 3143 Liber·
1348 3105 1399 3144 re·

273 3180 453 3264 sponsionis
470 3179 550 3262 fidoi
571 3189 697 3241 nostroe
720 3199 777 3240 seu
801 3175 978 3263 Apolopio,
1002 3197 1098 3262 quem
1124 3177 1258 3240 nomine
1280 3197 1399 3242 eorum

273 3277 306 3342 S.
341 3275 497 3341 Julianus
531 3275 813 3359 Archiepiscopus
845 3273 1024 3339 Toletanus
1061 3275 1317 3359 conscripserat,
1359 3285 1399 3340 ut

273 3375 504 3458 profiterentur
527 3372 627 3436 tidem
652 3372 853 3436 conformem
880 3371 1028 3437 Concilio
1052 3374 1265 3436 oecumenico
1289 3384 1396 3438 sexto.

275 3474 387 3551 Quum
411 3473 499 3535 enim
534 3469 715 3534 offenderet
736 3470 892 3535 Pontifex
927 3472 962 3535 in
986 3492 1024 3535 eo
1049 3471 1275 3554 expressiones
1298 3493 1398 3556 quas·

273 3568 349 3632 dam
375 3567 563 3651 ambiguas,
590 3566 651 3653 (uti
676 3567 781 3631 illam:
803 3567 949 3632 voluutas
965 3568 1071 3652 posuit
1094 3565 1313 3653 uoluntatem),
1338 3591 1398 3654 po-

273 3666 421 3744 stulavit,
447 3675 483 3730 ut
506 3667 585 3730 istas
610 3664 848 3730 modificarent.
894 3665 1037 3750 Hispani
1069 3663 1204 3750 quidem
1234 3665 1397 3751 episcopi,

273 3785 375 3848 quum
406 3784 493 3826 anno
525 3763 589 3828 688
614 3763 732 3826 iterum
756 3761 862 3827 Toleti
893 3761 1057 3846 synodum
1087 3760 1261 3844 habereut,
1283 3761 1397 3828 obser·

273 3861 463 3926 rationibus
486 3861 656 3926 Pontificis
683 3861 922 3946 aliquantisper
954 3861 1070 3926 offensi
1104 3869 1197 3940 sunt,
1231 3868 1263 3922 et
1284 3857 1397 3924 ortho-

273 3959 360 4024 doxa
385 3968 493 4024 mente
523 3979 558 4022 se
582 3956 639 4022 illa
663 3960 848 4043 scripsisse,
873 3957 1060 4043 similiaque
1083 3955 1173 4042 apud
1196 3953 1254 4022 SS.
1278 3956 1397 4022 Patres

273 4078 458 4137 occurrere,
483 4055 707 4122 ostenderunt.
752 4055 883 4122 Novem
905 4053 1225 4140 tameuApologiam
1250 4053 1396 4120 coniecit

275 4195 310 4202 *μα

348 4268 369 4334 ¹)
387 4265 456 4320 Vide
474 4267 507 4320 de
525 4265 567 4319 bis
585 4265 681 4320 Helela
699 4266 728 4320 C.
748 4265 789 4331 6.,
807 4265 837 4320 Β.
858 4263 909 4320 ΙΙΙ.
929 4266 953 4336 ξ.
972 4267 1034 4322 699.
