2952 4832
307 472 362 524 30⁶2
560 471 626 524 lllll
655 471 695 524 De
714 471 739 526 S.
759 469 892 538 Gregorio
910 471 964 524 Vll
984 470 1059 524 llum
1080 470 1219 524 Pontillee.

308 637 383 678 cunr
409 613 548 678 basilica
571 638 596 679 s.
618 613 717 691 Petri,
742 615 849 678 tenuit
871 614 1037 678 Pontifex.
1084 615 1157 678 Rex
1181 616 1334 700 speciosis
1355 639 1409 700 pro-

131 721 240 765 uenam
256 715 426 790 omissis,
461 714 603 798 pecunia
626 723 726 798 atque
750 722 882 793 terrore,
911 713 1079 776 Romanos
1103 733 1313 799 corrumpere
1335 735 1412 778 cons-

190 805 243 835 Μ·
306 822 360 875 tus
395 823 458 893 est,
500 824 531 875 et
567 821 682 876 contra
716 809 914 896 Gregorium
952 813 1109 875 excitare.
1160 810 1244 874 Cum
1274 811 1416 876 Pantilius

305 911 406 974 etiarn
431 911 506 994 egit,
542 931 642 995 seque
666 919 818 994 paratum
848 918 986 973 testatus
1009 921 1058 973 est
1081 909 1125 974 ad
1149 909 1359 974 concordiam
1381 914 1418 972 in-

305 1006 450 1070 eundam
485 1018 518 1070 et
542 1006 747 1071 Clementem
772 1009 967 1093 antipapam
992 1007 1225 1087 deserendum,
1259 1009 1287 1070 si
1311 1005 1420 1092 Grego-

305 1107 375 1170 rius
400 1106 507 1189 ipsum
533 1107 566 1168 iu
583 1105 822 1190 Imperatorem
846 1117 1038 1186 coronaret;
1064 1105 1122 1170 sed
1146 1108 1264 1170 merito
1280 1107 1420 1170 Pontifex

305 1202 491 1287 intrepidus
514 1201 705 1287 postulavit,
742 1212 780 1266 ut
803 1213 900 1266 antea
924 1203 997 1266 Deo
1022 1213 1054 1266 et
1077 1202 1248 1268 Ecclesiae
1273 1225 1333 1289 pro
1356 1205 1421 1268 faci-

305 1301 443 1366 noribus
476 1302 544 1365 suis
576 1299 718 1386 publicis
750 1302 1009 1366 satisfactionem
1040 1313 1231 1387 praestaret.
1280 1303 1320 1366 ld
1356 1325 1421 1365 vens

306 1397 473 1463 Henricus
497 1399 544 1460 Il'
570 1399 679 1462 faeere
703 1401 881 1464 recusavit.
927 1399 1035 1464 Movit
1058 1409 1169 1464 autem
1193 1401 1372 1480 Romanos,
1394 1421 1422 1463 m

304 1519 427 1560 novam
460 1496 624 1580 synodum
656 1506 807 1582 peterent
829 1520 850 1561 a
872 1497 1034 1562 Pontifice
1058 1496 1307 1580 celebrandam,
1341 1501 1422 1585 cujus

298 1595 431 1681 jndicio
456 1617 556 1659 causa
580 1594 798 1660 dirimeretur.
847 1595 1028 1680 Gregorius
1051 1595 1118 1660 VII
1151 1595 1278 1660 nullam
1303 1619 1421 1662 concor·

306 1694 381 1758 diae
416 1695 505 1756 viam
535 1693 716 1779 repudians
748 1715 869 1758 novam
904 1691 1069 1778 synodum
1093 1715 1209 1758 revera
1234 1695 1366 1781 indixit
1398 1712 1423 1759 et
1468 1711 1469 1772 g

306 1791 473 1856 Henricus
497 1791 653 1856 omnibus
676 1791 719 1856 ad
744 1791 909 1876 synodum
934 1793 1029 1856 ituris
1064 1801 1122 1857 aut
1144 1791 1187 1855 ab
1212 1815 1252 1856 ea
1277 1793 1423 1857 redituris
1468 1781 1469 1788 ἵ

302 1891 517 1954 securitatem
545 1889 764 1975 jurejurando
797 1891 957 1976 promisit.
1005 1888 1081 1975 Ipse
1112 1890 1189 1954 dein
1214 1891 1250 1954 in
1276 1891 1421 1955 Tusciam

305 1990 471 2074 profectus
502 1999 550 2052 est
574 2010 650 2052 etim
676 1989 790 2073 copiis,
824 1999 869 2073 ut·
884 1989 985 2052 etiam
1009 1979 1205 2052 Math'ildem
1230 1989 1421 2054 comitissam
1468 2027 1469 2100 p

302 2086 349 2150 ad
381 2108 474 2152 arma
506 2085 704 2171 deponenda
735 2085 931 2168 adduceret3
972 2085 1061 2172 qnod
1092 2094 1203 2150 tamen
1235 2085 1282 2150 ab
1306 2109 1345 2151 ea
1367 2109 1422 2152 non
1468 2114 1469 2182 l

306 2186 507 2270 impetravit.
555 2184 693 2248 Interim
726 2205 804 2248 vero
837 2184 985 2269 perfidus
1019 2185 1174 2270 princeps
1203 2186 1377 2271 episcopos
1397 2205 1423 2249 et
1468 2183 1469 2260 l

304 2284 496 2369 principum
532 2291 677 2348 oratores
710 2281 753 2346 ad
788 2283 953 2367 synodum
993 2291 1206 2368 properantes
1246 2284 1424 2370 Intercepit
1468 2267 1469 2300 r

302 2392 405 2467 atque
434 2381 594 2462 detinuit3
634 2377 815 2465 Gregorius
846 2391 957 2445 autem
989 2402 1100 2446 mense
1138 2379 1325 2446 Novembri
1355 2387 1424 2447 anni

308 2481 394 2545 1083
428 2479 592 2563 synodum
625 2477 807 2542 celebravit
839 2500 915 2542 cum
946 2477 1154 2565 praesulibus
1188 2484 1245 2567 qui
1285 2482 1329 2546 ad
1362 2503 1424 2545 eam

302 2579 486 2642 convenire
510 2587 694 2665 potuerant.
740 2576 779 2640 In
805 2599 844 2640 ea
867 2577 908 2641 de
933 2577 997 2642 fide
1029 2577 1125 2641 etde
1150 2581 1343 2666 disciplina.
1377 2578 1425 2642 sed

306 2686 338 2740 et
371 2677 408 2739 de
439 2675 550 2740 robore
581 2676 739 2760 animique
763 2677 942 2739 constantia
966 2677 1228 2764 adpraesentent
1247 2703 1426 2766 pressores

307 2776 486 2839 necessaria
499 2773 522 2858 ¹)
555 2773 710 2836 disseruit
742 2785 841 2858 atque
875 2777 1039 2838 tractavit.
1089 2778 1139 2840 Ne
1166 2779 1341 2840 Hernicum
1370 2801 1426 2862 spr-

302 2871 431 2936 cialiter
453 2875 566 2936 iterum
589 2873 876 2935 anathematizaret
901 2875 954 2934 oie
970 2897 991 2935 u
1004 2875 1124 2960 synodo
1139 2887 1305 2952 acor-utus,
1331 2899 1427 2937 omnes

303 2981 411 3034 tomen
434 2972 722 3048 excommunicavit,
751 2971 931 3056 quicumque
956 2971 1092 3058 uliqrsem
1116 2974 1161 3036 ad
1181 2996 1207 3037 e.
1234 2975 1363 3038 Petrum
1388 2973 1427 3036 uel

304 3067 350 3132 ud
374 3070 497 3154 Papam
528 3070 701 3132 vuenientem
733 3092 853 3154 quoquo
885 3070 974 3132 modo
998 3072 1188 3156 impedirent
1204 3076 1240 3150 ⁸).
1292 3071 1424 3135 Romani

302 3177 426 3246 autem,
451 3169 507 3252 qni
534 3168 567 3231 in
592 3166 750 3230 fidelitate
774 3190 834 3231 sua
858 3167 1106 3244 vacillaverunt,
1132 3192 1166 3234 se
1190 3169 1356 3253 Gregorio
1379 3168 1426 3232 ad-

303 3267 412 3331 dictos
437 3279 469 3328 et
493 3265 576 3329 lidos
601 3265 824 3330 ostenderunt.

395 3428 448 3491 98.
496 3426 593 3491 Anno
621 3427 706 3491 1084
731 3426 896 3492 Henricus
920 3426 1028 3491 denuo
1055 3428 1191 3492 ftomam
1224 3452 1304 3494 eum
1330 3433 1424 3514 copiis

303 3528 480 3614 profectus,
512 3535 545 3588 et
567 3525 725 3590 Romanis
758 3525 878 3611 partim
912 3528 1053 3610 pecnnia
1084 3536 1116 3590 et
1139 3537 1274 3606 terrore,
1311 3530 1422 3616 partim

301 3625 477 3691 obsidione
502 3626 609 3704 victis,
644 3623 758 3688 urbem
792 3623 845 3687 die
870 3625 909 3688 21
937 3625 1048 3690 Martii
1073 3627 1261 3712 occupavit,
1294 3639 1327 3691 et
1350 3627 1422 3690 snti-

304 3746 424 3811 papam
451 3722 654 3787 Clementem
685 3721 858 3787 aduobus
882 3723 1046 3808 episeopis
1076 3727 1375 3790 excommunicatis
1395 3739 1421 3784 et

304 3823 463 3909 depositis
495 3821 686 3904 inaugurari
722 3820 811 3884 fecit.
858 3819 995 3886 Interim
1020 3819 1199 3906 Gregorius
1222 3821 1291 3887 l'Il
1319 3823 1353 3886 in
1378 3844 1420 3883 cs·

301 3921 433 3986 stellum
459 3921 716 3984 munitissimum
741 3942 766 3982 s.
788 3917 907 4003 Angeli
933 3917 1091 4003 confugit,
1117 3918 1264 4006 illudque
1289 3943 1348 4006 per
1371 3920 1420 3982 mi·

306 4087 419 4094 -ᾳ-
426 4087 517 4092 -.-.-.--

381 4181 399 4248 ¹)
419 4183 488 4233 Acta
507 4178 607 4232 Concil.
626 4177 658 4230 V.
680 4175 841 4240 Watterieh,
861 4175 882 4230 1.
902 4178 963 4231 456.

379 4260 400 4328 *l
419 4258 543 4313 Bernold.
562 4257 596 4311 arl
615 4273 641 4314 a.
663 4257 740 4310 1083.
772 4255 884 4313 Ibidem.
