2952 4832
320 465 373 518 aa)
423 500 425 504 -
572 463 645 516 xxi.
666 462 706 516 De
724 463 750 518 S.
769 461 902 532 Gregorio
921 465 976 519 vn
994 467 1070 520 Rom.
1091 467 1231 522 Pontiliee.

321 620 467 694 tempore
492 605 637 687 hiemali,
662 615 695 668 et
718 607 794 692 equi
819 607 930 692 plures
954 610 1142 676 referuntur
1172 615 1327 698 periisse3
1359 626 1420 678 etta·

321 727 396 772 meu
434 705 616 772 incolumes
656 725 770 768 omnes
810 706 842 770 in
875 706 1146 791 Longobardiam
1178 733 1364 797 pervenere.
1390 751 1419 759 —

319 804 499 891 Postquam
523 823 619 888 porro
637 800 784 868 initalia
808 803 908 868 fama*
921 805 1113 890 percrebuit
1128 831 1239 893 regem
1257 809 1422 876 advenisse.

320 901 363 968 ad
387 923 463 966 eum
487 903 634 987 episcopi
651 900 907 984 Longobardiae
931 925 971 967 ac
995 925 1147 989 proceres
1171 906 1267 972 multi
1291 909 1422 972 consola·

319 1009 406 1078 runt,
432 1021 573 1085 eumque
597 999 768 1064 dimovere
793 1002 903 1066 conati
928 1013 1005 1066 sunt
1028 1025 1048 1066 a
1072 1004 1211 1070 consilio
1236 1029 1308 1070 sese
1330 1029 1424 1072 recou-

320 1096 455 1162 ciliandi
481 1119 557 1160 cum
574 1096 745 1179 Pontifice,
776 1119 874 1182 quem
900 1099 973 1183 ipsi,
999 1101 1033 1164 in
1058 1123 1118 1166 sua
1142 1104 1314 1188 impietate
1338 1109 1424 1189 pervi-

319 1217 430 1276 caces,
463 1217 524 1280 ope
546 1195 634 1279 regis
656 1195 837 1281 sperabant
858 1219 877 1260 e
901 1196 988 1262 Sede
1011 1198 1205 1285 Apostolica
1228 1223 1301 1266 esse
1325 1202 1424 1288 palleo

319 1293 410 1358 dum.
457 1293 530 1356 Rex
553 1303 664 1356 tamen
690 1293 723 1356 in
748 1295 875 1379 coeptis
898 1296 1051 1380 perstitit.

409 1445 461 1508 84.
501 1443 638 1507 Interim
671 1445 770 1508 etiam
796 1443 975 1530 Gregorius
1007 1449 1069 1511 iter
1096 1451 1282 1535 arripuerat
1306 1452 1339 1514 in
1362 1451 1424 1514 Ger-

319 1544 476 1624 maniam,
508 1563 677 1628 quumque
709 1543 743 1607 in
768 1543 899 1608 Italiam
924 1547 1129 1630 superiorem
1153 1550 1351 1633 perveniens
1373 1571 1423 1611 non

320 1642 484 1706 inveniret
515 1640 628 1727 copias
658 1662 743 1727 quae
776 1663 851 1705 eum
884 1665 997 1706 secure
1032 1643 1244 1723 deducerent,
1274 1645 1424 1732 aliquant·

319 1739 366 1806 ibi
391 1749 537 1804 moratus
560 1748 620 1804 est.
666 1738 791 1802 Audito
808 1739 956 1804 adventu
980 1743 1078 1826 regis,
1104 1743 1265 1809 suadente
1280 1743 1423 1808 Mathildr

318 1839 486 1902 comitissa
509 1835 652 1901 Tusciae
684 1837 717 1900 in
747 1837 817 1921 ejus
843 1861 952 1902 arcem
978 1842 1233 1905 munitissimam
1259 1839 1424 1906 Canusium

318 1959 388 2000 sese
412 1936 545 2022 recepit.
593 1933 764 2000 Matbildis
795 1957 871 2021 rege
903 1945 1036 2023 petente
1068 1961 1144 2002 cum
1174 1941 1245 2026 ipso
1276 1941 1424 2004 convenit.

318 2047 355 2100 ut
392 2033 433 2098 de
472 2031 741 2099 reconciliatione
781 2033 1020 2118 deliberarent,
1060 2057 1100 2099 ac
1131 2047 1201 2101 tum
1231 2037 1317 2122 ipsa,
1353 2059 1425 2122 quar

317 2133 386 2218 regi
419 2132 665 2218 propinquitate
695 2133 826 2216 generis
860 2132 1076 2217 jungebatur,
1119 2147 1188 2199 tum
1213 2135 1312 2220 Hugo
1334 2133 1425 2198 abbas

318 2230 547 2296 Cluniaceusis
580 2228 670 2314 apud
698 2229 894 2294 Pontificem
926 2231 1193 2298 intercesserunt.
1242 2235 1327 2298 Dein
1357 2254 1424 2294 ver)

316 2330 387 2416 ipse
428 2329 592 2393 Henricus
629 2326 812 2392 Canusium
860 2329 968 2410 venit,
1016 2339 1048 2393 et
1081 2333 1279 2416 poenitentis
1321 2329 1423 2394 habitu

295 2427 462 2507 ¹indutus,
503 2423 743 2490 absolutionem
781 2449 808 2490 a
838 2425 999 2512 Gregorio
1039 2429 1135 2514 petiit
1171 2429 1317 2493 debitam
1343 2431 1416 2492 satis

316 2527 493 2590 factionum
542 2525 745 2609 promittens.
816 2523 896 2590 Post
940 2525 1087 2590 triduum
1135 2527 1424 2592 reconciliationem

317 2625 470 2690 obtinuit.

152 2784 306 2828 Menoeceu
407 2767 460 2830 85.
508 2765 611 2830 Hisce
641 2764 805 2830 derebus
828 2763 1009 2848 Gregorius
1032 2767 1103 2830 VII
1127 2765 1216 2832 illico
1239 2768 1366 2853 scripsit
1389 2765 1426 2830 ad

184 2855 271 2900 &nunti

183 2927 275 2978 panuh.

316 2865 519 2931 Germaniae
543 2863 721 2949 principes,
746 2873 782 2927 ut
806 2885 840 2926 se
859 2863 1069 2948 justificaret,
1094 2865 1275 2950 quodante
1290 2865 1426 2930 comitio-

315 2986 389 3029 rum
412 2973 543 3047 tempus
557 2981 669 3046 regem
686 2960 728 3024 ab
742 2963 1086 3028 excommunicatione
1101 2962 1262 3028 solvisset.
1295 2961 1427 3028 durabit

315 3060 487 3128 Pontificis
514 3058 618 3122 verba
642 3061 754 3139 citare,
779 3060 858 3145 quia
883 3059 1024 3123 multum
1049 3062 1195 3142 interest,
1232 3075 1427 3126 utaccuntr

316 3169 504 3240 noscantur,
529 3179 614 3243 quae
639 3167 790 3242 spectant
813 3157 1118 3223 reconciliationem
1136 3160 1274 3224 Henrici
1299 3157 1427 3222 &nudi

315 3267 493 3344 peractam.
542 3254 631 3319 Sicut
660 3257 864 3320 consutorum
886 3255 967 3342 suit,
1001 3257 1117 3323 scribit
1146 3257 1334 3342 Gregorius.
1364 3281 1427 3318 αι

314 3357 428 3443 lepatt'c
451 3356 507 3441 qui
529 3353 573 3418 cd
594 3377 653 3417 uuo
676 3353 714 3416 de
738 3354 850 3418 oemio
870 3353 1020 3438 partibus
1042 3357 1132 3420 mirri
1151 3366 1237 3432 mat,
1259 3357 1293 3420 in
1315 3356 1429 3438 tup-

314 3455 462 3519 burdt'am
484 3454 624 3517 acuimus
647 3451 773 3514 circiter
794 3451 909 3534 aptati
932 3452 1000 3516 dieo
1024 3464 1097 3517 aute
1121 3455 1294 3525 oemtiuun.
1315 3455 1351 3516 in
1373 3477 1429 3538 qu·

314 3553 433 3639 uliquis
456 3553 569 3616 ducum
592 3549 637 3614 ud
660 3547 765 3612 clusus
788 3549 879 3613 ucbrb
894 3572 1054 3613 occurrere
1080 3551 1199 3630 delam,
1222 3561 1430 3637 aspa-sn

314 3651 482 3716 adveutwu
509 3647 648 3724 illorum,
678 3657 833 3732 quotenus
862 3648 907 3711 ud
932 3659 1045 3734 parter
1073 3649 1149 3714 illus
1172 3653 1308 3714 trauain
1323 3671 1428 3736 pu·

313 3773 391 3815 mus.
444 3749 565 3825 Ver-rim,
596 3769 664 3810 cum
692 3751 765 3834 jum
797 3745 928 3810 decurro
954 3749 1085 3812 termino
1118 3749 1174 3811 lwc
1196 3747 1285 3810 uobis
1306 3749 1428 3810 aas·

312 3857 410 3926 retur,
435 3849 483 3911 to
506 3843 697 3932 temporibus
713 3865 799 3929 prce
820 3844 929 3908 rudus
968 3883 1005 3892 —
1047 3845 1131 3932 qrtcd
1159 3857 1191 3909 et
1221 3869 1278 3910 uos
1305 3846 1428 3930 qn'de·

312 3947 468 4022 credimus
491 3981 535 3992 -
558 3941 803 4030 difficultatibus
826 3941 974 4006 duculum
1003 3943 1095 4007 uoltis
1118 3943 1241 4008 obuium
1262 3945 1348 4006 ὦ
1370 3969 1428 4004 ι-

308 4065 413 4131 posse,
436 4065 494 4107 uec
517 4041 649 4105 aliunde
672 4040 796 4126 copiam
819 4040 864 4103 ad
877 4062 930 4104 oca
947 4041 1137 4105 maturandi
1157 4041 1346 4106 hem
1368 4066 1426 4102 ιιι

308 4163 416 4228 paruo
445 4139 670 4216 sollicitudine,
705 4137 783 4224 quid
809 4134 1013 4224 pretiosiorum
1038 4137 1136 4204 uota
1164 4138 1311 4225 accain
1325 4139 1427 4224 dhet.

312 4239 513 4304 cimamueuti
548 4260 663 4302 mutua
710 4237 842 4302 litterula
879 4261 951 4302 uero
996 4259 1098 4322 repam
1142 4237 1307 4301 danem
1346 4253 1425 4294 me·
