2952 4832
273 504 325 555 282
505 504 578 558 xxi.
599 504 638 559 De
657 505 681 558 S.
702 503 834 572 Gregorio
854 505 907 556 vll
927 505 1002 557 Rom.
1025 504 1163 558 l'ontitlce.

274 648 341 710 siae
372 669 431 732 per
462 647 612 711 ordinem
644 649 814 734 propalata
840 648 1068 727 innotesceret,
1100 649 1128 711 si
1152 657 1259 711 autern
1285 647 1407 710 Eccle-

275 747 356 808 siam
383 767 448 809 non
472 745 613 824 audiret,
639 749 710 832 ipse
734 768 809 810 euni
827 747 922 832 quasi
947 746 1118 809 ethnicum
1135 757 1168 809 et
1182 745 1404 832 publicanum

274 865 292 905 a
319 843 475 906 membris
500 843 571 928 ejus
596 846 731 908 omnino
757 853 933 929 separaret.
964 843 1029 924 Qui
1056 842 1184 929 (legati)
1208 843 1405 908 Goslarianr

274 940 316 1003 ad
347 963 456 1024 regem
493 941 581 1004 circa
605 943 815 1005 nativitatem
840 943 989 1021 Domini,
1016 941 1116 1026 juxta
1140 941 1226 1028 quod
1250 942 1317 1006 illis
1343 963 1410 1028 per

274 1037 497 1102 obedientiam
522 1041 714 1125 impositum
740 1051 819 1116 erat,
845 1051 941 1104 caute
966 1023 1081 1120 nimis:
1101 1041 1159 1103 sed
1183 1063 1244 1106 non
1268 1039 1408 1124 absque

274 1139 419 1200 maximo
455 1139 543 1201 vitae
582 1159 659 1200 suae
695 1137 840 1223 periculo
870 1149 1075 1223 peregerant.
1124 1137 1213 1217 Quos
1244 1137 1298 1200 ille
1334 1159 1406 1200 non

273 1237 360 1299 bona
385 1238 545 1320 patientia
560 1237 753 1320 suscipiens,
778 1245 883 1299 totum
901 1235 989 1320 quod
1006 1237 1069 1320 ipsi
1085 1247 1207 1299 secreto
1230 1237 1263 1298 iu
1277 1257 1406 1298 aurem

274 1332 393 1396 elocuti
417 1334 556 1410 fuerant,
583 1355 659 1396 mox
683 1335 733 1397 ira
752 1343 785 1398 et
808 1333 1037 1416 indignatione
1061 1354 1128 1397 non
1145 1334 1300 1397 mediocri
1331 1355 1408 1396 suc-

274 1453 407 1506 census,
446 1434 637 1495 convocatis
670 1434 737 1495 suis
771 1431 967 1495 consiliariis
998 1431 1107 1517 palam
1137 1431 1213 1494 fecit
1247 1433 1407 1494 enarrari

275 1529 478 1615 querulosus,
513 1552 552 1592 ea
576 1542 611 1593 ut
636 1531 740 1594 fertur
772 1532 965 1610 intentione,
999 1543 1035 1592 ut
1061 1551 1125 1593 non
1151 1529 1253 1593 solum
1276 1531 1408 1614 ipsius.

275 1627 332 1689 sed
368 1637 399 1690 et
431 1651 506 1691 saras
539 1629 688 1714 proprias
721 1638 812 1693 tanto
845 1629 950 1712 magis
984 1627 1160 1692 defendere
1200 1639 1413 1692 conarentur

275 1748 399 1788 causas.
447 1726 490 1789 Et
511 1749 587 1790 mox
612 1727 701 1812 quod
718 1739 847 1811 praeter
871 1738 1000 1791 caetera
1017 1726 1169 1790 Domnus
1183 1725 1408 1811 Apostolicue

276 1826 304 1886 ci
338 1825 525 1907 specialiter
562 1825 748 1906 interdixit,
788 1826 1085 1888 excommunicatis
1118 1847 1161 1886 ex
1184 1823 1288 1886 studio
1320 1837 1408 1887 tunc

276 1923 492 2006 pervicaciter
516 1925 777 1986 communicavit
796 1924 847 2007 )“.
865 1923 1021 1986 —Tunc
1046 1922 1145 2006 legati
1170 1921 1211 1984 ad
1235 1944 1272 1984 ea
1300 1943 1408 1986 venc-

274 2031 352 2082 runt
376 2043 459 2106 quae
485 2023 563 2106 ipsis
589 2023 763 2086 commissa
787 2030 894 2101 erant,
928 2022 954 2084 si
983 2043 1043 2084 rex
1065 2019 1164 2106 plane
1188 2021 1407 2105 pervicacem

276 2140 309 2180 se
334 2117 528 2184 ostenderet.
578 2119 723 2183 llenrico
739 2119 787 2182 IV
814 2117 970 2182 videlieet
995 2117 1243 2194 denuntiarunt,
1270 2131 1335 2197 ,ut
1363 2141 1409 2182 se

276 2216 385 2279 cunda
419 2217 500 2280 feria
532 2218 698 2281 secundae
730 2215 959 2280 hebdomadae
997 2218 1030 2279 in
1062 2215 1330 2298 Quadragesima
1364 2217 1406 2280 ad

276 2313 440 2396 synodum
457 2315 579 2379 llomae
604 2326 798 2398 occurreret,
824 2315 865 2378 de
889 2314 1085 2378 criminibus
1109 2337 1194 2400 quae
1217 2312 1407 2398 objiceren-

276 2424 330 2474 tur
353 2434 487 2476 causam
506 2413 671 2495 dicturus3
696 2413 844 2498 alioquin
868 2416 976 2494 sciret,
1003 2437 1037 2476 se
1061 2412 1187 2498 absque
1210 2411 1296 2474 omni
1329 2434 1403 2496 pru-

276 2513 510 2575 crastinatione
535 2512 650 2576 eodem
675 2511 729 2574 die
755 2511 795 2574 de
811 2533 947 2596 corpore
972 2521 1107 2574 sanctae
1122 2509 1292 2574 Ecclesiae
1313 2512 1405 2594 Apu-

276 2608 389 2673 stolico
413 2609 624 2673 anathemate
655 2608 920 2674 abscindendum
950 2631 1029 2672 esse.
1077 2611 1172 2690 Quae
1202 2607 1325 2690 legatio
1359 2631 1407 2668 rc-

275 2728 351 2790 gem
384 2707 596 2771 vehementer
626 2708 800 2792 permovit,
833 2709 1009 2792 statimque
1037 2707 1169 2786 reiectis
1202 2725 1276 2768 cum
1301 2709 1405 2787 gravi

277 2806 477 2869 contumelia
500 2805 633 2887 legatis,
669 2827 783 2868 omues
817 2807 872 2890 qui
905 2808 940 2869 in
965 2827 1065 2888 regno
1090 2827 1148 2868 suo
1174 2815 1281 2868 essent
1319 2807 1406 2888 epis-

277 2924 376 2988 copos
413 2914 446 2966 et
478 2903 633 2977 abbatae,
678 2904 889 2968 Wormatiae
929 2903 1097 2967 dominica
1127 2901 1406 2987 Septuagesimae

277 3003 334 3086 (24
359 2999 450 3084 Jan.)
475 3003 653 3066 convenire
678 3003 855 3087 praecepit,
884 3011 1024 3064 tractare
1049 3021 1125 3064 curn
1150 3001 1196 3063 eis
1218 2997 1337 3062 volens
1363 2999 1405 3062 ad

278 3099 511 3184 deponendum
529 3101 716 3164 Romanum
732 3099 938 3180 Pontificem,
964 3101 990 3162 si
1016 3120 1081 3184 qua
1105 3097 1169 3167 sibi
1191 3098 1257 3173 via,
1282 3099 1311 3160 si
1339 3121 1405 3183 qua

278 3200 359 3262 ratio
375 3209 520 3282 pateret;
545 3201 579 3261 in
593 3197 655 3262 hoc
672 3199 809 3263 cardine
824 3207 924 3262 totam
945 3199 1029 3260 verti
1045 3206 1136 3260 ratus
1153 3196 1290 3260 salutem
1306 3217 1404 3258 suam

276 3297 423 3379 stregai
449 3295 673 3376 stabilitatem,
698 3299 725 3360 si
750 3299 777 3360 is
802 3319 867 3360 non
894 3306 979 3360 esset
1002 3296 1188 3380 Episcopus
1201 3293 1258 3378 Ψ

368 3413 419 3476 74.
453 3412 576 3475 Romae
600 3423 710 3476 autem
736 3415 771 3476 iu
795 3425 891 3476 noete
916 3411 1043 3475 Natalis
1068 3412 1205 3474 Domini
1232 3409 1401 3494 conjurati

278 3509 424 3596 quidam,
449 3533 550 3596 quum
567 3509 737 3595 Gregoriis
752 3509 818 3574 VII
842 3510 885 3574 ad
911 3520 1058 3573 sanctam
1074 3510 1214 3573 llariam
1238 3508 1402 3593 majorem

278 3629 388 3672 coram
412 3631 570 3693 praesepe
594 3631 688 3672 sacra
712 3617 892 3694 perageret,
926 3629 1000 3670 eum
1035 3606 1340 3692 apprehenderunt
1373 3623 1403 3667 ct

280 3704 473 3769 verberibus
498 3706 771 3792 contumeliisque
796 3706 953 3769 affectum
978 3703 1183 3768 incluserunt
1209 3705 1291 3767 turri
1319 3701 1403 3766 Cen·

278 3806 332 3883 cii,
356 3805 501 3888 proceris
517 3803 669 3881 Romani,
694 3805 750 3890 qui
777 3803 845 3867 dux
870 3812 940 3866 erat
963 3802 1218 3888 conjuratorum.
1248 3799 1316 3866 Sed
1334 3812 1403 3864 tan-

278 3919 329 3965 tus
353 3911 486 3966 exortus
511 3914 559 3965 est
583 3901 806 3966 multitudinis
829 3901 920 3964 furor
944 3923 983 3964 ac
1007 3902 1165 3985 impetus,
1196 3910 1230 3964 ut
1256 3899 1405 3963 Oeneius

278 4000 394 4064 easdem
432 4016 528 4064 nocte
563 3999 758 4064 Pontificem
793 4001 827 4063 in
860 3999 1046 4062 libertatem
1082 4000 1277 4062 restitueret.
1327 3997 1404 4081 Ipse

280 4149 305 4156 .-

352 4215 372 4271 ¹)
392 4213 530 4267 Bertbold.
550 4213 649 4268 Annal.
669 4227 711 4279 ap.
733 4211 895 4276 Watterich,
915 4213 936 4264 l.
956 4211 1017 4266 369.

352 4291 374 4361 a)
394 4292 484 4344 Lamb.
506 4291 638 4345 Hersleld.
659 4292 692 4344 ad
712 4307 736 4346 a.
757 4291 835 4346 1076.
