2922 4832
318 516 368 568 178
555 514 614 568 XX.
635 513 675 568 De
693 519 769 567 statu
788 513 858 568 Eeel.
877 512 964 568 medio
982 527 1051 568 saec.
1071 512 1221 568 undecimo.

405 659 458 722 26.
511 657 623 737 Quum
660 679 738 720 vcro
777 656 819 721 ob
855 657 1112 722 Protestantium
1152 657 1407 741 impugnationem

162 747 293 860 fffflss
316 756 399 820 haee
422 755 590 841 tangenda
613 756 688 838 sint,
713 777 971 819 commemorare
995 756 1095 818 etiam
1120 757 1292 836 convenit,
1325 755 1407 818 medio

198 900 255 930 nus.
316 854 447 919 saeculo
472 854 660 935 undecimo,
686 877 710 918 s.
734 853 870 918 Petrum
894 853 1098 917 Damianum
1122 851 1245 916 librum
1268 856 1409 938 scripsisse

319 953 578 1030 Gomorrieiaucs,
608 961 707 1037 atque
730 951 773 1014 ad
797 974 821 1016 s.
846 950 993 1015 Leonem
1016 951 1069 1014 IX
1097 949 1266 1016 direxisse.
1312 952 1347 1016 ln
1365 954 1408 1014 isto

317 1049 475 1136 opusculo
500 1050 570 1132 agit
595 1049 635 1112 de
669 1047 803 1133 flagitiis
837 1058 951 1112 cenna
984 1059 1138 1112 naturam
1173 1052 1350 1114 commissis
1368 1071 1412 1134 per

318 1150 464 1228 clerieoS,
490 1169 529 1212 ac
553 1147 695 1232 postulat
719 1170 738 1210 a
762 1146 942 1228 Pontifiee,
978 1156 1015 1209 nt
1037 1145 1121 1210 tales
1145 1146 1257 1211 elerici
1289 1147 1329 1212 ad
1349 1147 1410 1210 ordi·

317 1271 376 1313 nes
400 1268 465 1310 non
483 1245 710 1326 admittantur,
737 1245 954 1328 deponantur,
979 1244 1034 1307 vel
1057 1266 1116 1330 pro
1141 1248 1258 1308 merito
1281 1245 1413 1330 gravibus

316 1345 432 1432 poenis
455 1343 655 1408 afficiantur.
705 1341 872 1416 Quoddorn
894 1341 1080 1428 nefandam,
1105 1341 1230 1421 scribit,
1260 1355 1289 1408 et
1312 1343 1412 1429 iprromi·

317 1447 441 1508 ciosum
472 1440 566 1504 acide
596 1443 706 1505 uitium
729 1442 764 1504 iu
793 1441 912 1504 uostris
929 1440 1081 1525 partibus
1112 1439 1259 1520 inolevit,
1295 1444 1343 1505 coi
1368 1441 1415 1503 reici

318 1543 482 1606 districtae
512 1541 798 1604 animadversionis
828 1561 940 1602 macae
967 1539 1153 1623 quantocies
1176 1537 1293 1618 ebriet,
1325 1551 1414 1603 certon

319 1651 373 1718 cst,
399 1639 481 1725 quod
505 1639 608 1702 diuini
626 1637 752 1722 suroris
774 1636 902 1722 piudiae
932 1637 967 1699 in
989 1637 1157 1700 muitarum
1181 1638 1351 1721 perniciem
1376 1639 1414 1698 iro·

318 1737 454 1802 monitor
475 1748 678 1820 protecturus
701 1735 891 1820 impendet.
922 1785 929 1798 .
958 1783 965 1798 .
996 1735 1113 1798 Vitium
1143 1735 1240 1818 ipituo·
1264 1745 1416 1798 coaonae·
1449 1771 1450 1774 =

319 1847 424 1900 turam
446 1834 530 1898 velut
553 1857 665 1897 cancer
688 1834 736 1895 ita
758 1834 868 1918 serpit,
892 1843 928 1894 ct
949 1854 1112 1896 secretam
1124 1833 1282 1896 leomianus
1302 1833 1416 1896 ordinem

320 1936 479 2018 atticpat,·
502 1943 531 1994 et
554 1930 713 1994 interdum
736 1941 771 1994 eet
795 1941 924 1994 cruenta
947 1929 1048 1994 bestia
1072 1933 1107 1993 ire
1130 1930 1209 1994 ovile
1236 1927 1352 1994 Christi
1368 1951 1417 1992 ctu

321 2042 430 2096 tentae
454 2030 611 2094 libertatis
634 2028 735 2092 saciet
758 2028 905 2108 audacie,
931 2040 966 2091 ut
989 2053 1082 2114 peram
1100 2027 1250 2116 plumbus
1273 2029 1362 2092 merito
1382 2051 1417 2088 eo-

321 2128 444 2193 lubriooe
460 2129 568 2212 fcerit
591 2129 626 2190 ire
650 2127 829 2190 mundanae
853 2127 987 2190 oeilitiae
1004 2131 1082 2216 jope
1102 2127 1248 2214 deprimi,
1272 2151 1360 2213 quoae
1378 2123 1418 2187 eri

321 2227 486 2313 relipioaie
510 2226 636 2290 citent-eo
667 2237 731 2288 tom
754 2225 851 2288 libere
866 2223 979 2310 ferreo
996 2226 1069 2314 juri
1099 2223 1277 2288 diabolicae
1302 2223 1419 2312 tyrenei-
1449 2255 1450 2312 ᾗ

323 2326 374 2389 dio
396 2326 585 2410 mancipari,
604 2323 796 2409 praesertim
819 2345 886 2386 cum
910 2322 1048 2386 aliorum
1070 2321 1223 2386 scandolo
1240 2371 1248 2386 .
1266 2372 1298 2386 ..
1323 2324 1360 2386 Et
1374 2319 1420 2382 uia
1449 2323 1450 2396 t

323 2425 508 2511 quaestorius
532 2421 624 2485 Sedis
641 2420 846 2506 Apostolioae
869 2422 958 2506 viper
981 2431 1136 2500 occurrat,
1160 2444 1224 2484 nore
1247 2431 1293 2484 eet
1307 2420 1421 2484 desirium.

323 2523 400 2607 poia
424 2519 602 2607 effraenata
624 2520 766 2604 nequitia
789 2543 857 2582 ceo-m
879 2519 1029 2603 reetriapi
1051 2516 1194 2596 voluerit,
1220 2543 1241 2582 a
1264 2541 1366 2582 cursus
1386 2514 1422 2575 soi
1449 2531 1450 2604 p

324 2623 443 2706 impetu
466 2619 613 2681 desistere
637 2628 782 2701 nequeat.
806 2653 849 2663 —
874 2617 960 2680 Dein
994 2616 1195 2699 flagitiorum
1219 2618 1352 2680 istorum
1372 2635 1422 2676 rea·

324 2729 395 2780 tom
419 2716 524 2779 fusius
549 2713 747 2801 describit.¹)
778 2752 822 2760 —
851 2715 920 2778 Leo
943 2715 995 2778 IX
1020 2738 1045 2778 s.
1069 2714 1227 2778 Damiani
1251 2714 1352 2778 zelum
1374 2711 1423 2795 epi·

326 2813 407 2878 stola
432 2813 509 2876 data
531 2813 692 2895 laudavit,
717 2825 816 2898 atque
841 2815 939 2876 etiam
965 2834 1030 2897 qua
1054 2813 1181 2875 ratione
1205 2815 1240 2876 in
1264 2831 1423 2891 reosagen·

327 2913 407 2976 dum
439 2914 497 2992 sit,
532 2913 654 2975 statuit.
702 2911 803 2974 Brevi
834 2921 908 2996 post
937 2921 1049 2974 tamen
1080 2911 1198 2974 Petrus
1222 2910 1373 2974 Damiani
1393 2926 1424 2966 es

327 3011 441 3073 favore
465 3009 587 3072 Leonis
610 3009 661 3072 IX
698 3009 832 3072 excidit.
880 3009 981 3072 Haud
1016 3008 1135 3072 desunt
1168 3010 1224 3093 qui
1258 3008 1424 3070 existimant

327 3108 363 3172 id
386 3107 510 3170 factum
534 3129 614 3186 esse,
649 3107 738 3192 quod
762 3107 915 3171 Pontifex
951 3129 1046 3170 aures
1082 3105 1273 3191 praebuerit
1306 3101 1423 3192 querelis

327 3203 547 3291 quorumdam
572 3204 613 3267 de
636 3204 720 3269 libro
749 3204 1007 3286 Gomorriee'aaoe,
1042 3227 1106 3290 qno
1131 3207 1214 3268 vitia
1248 3207 1351 3290 turpia
1373 3213 1424 3264 aa

327 3315 441 3386 aperte
471 3301 738 3367 recensebantur.
794 3302 943 3388 Epistola
973 3303 1015 3366 ad
1048 3325 1072 3367 s.
1106 3303 1254 3368 Leonem
1288 3303 1336 3366 lx
1364 3299 1424 3362 dete

329 3399 447 3463 Petrus
471 3401 658 3464 Damianus
683 3401 723 3464 de
742 3401 912 3465 Pontificio
936 3402 1112 3465 imminuta
1135 3401 1359 3465 benevolentia
1381 3396 1424 3458 hu·

329 3497 452 3562 militer
476 3510 674 3582 conquestus
699 3511 758 3580 est,
783 3499 836 3582 (L.
861 3499 887 3564 Ι.
912 3522 962 3584 ep.
987 3501 1044 3580 4.).
1091 3498 1247 3563 Pontifex
1270 3519 1341 3561 vero
1364 3511 1424 3558 mox

329 3598 361 3659 ei
385 3595 615 3660 reconciliatus
639 3595 743 3672 fuitfl)

405 3819 425 3886 ι)
445 3817 511 3887 Opp.
531 3836 551 3872 e.
571 3817 647 3871 Petri
666 3817 801 3872 Damiani.
822 3816 918 3884 Opnsc.
937 3817 999 3883 VII,
1017 3817 1160 3885 praefatio.

404 3900 425 3967 ²)
443 3899 577 3953 Beronius
596 3898 630 3951 ad
649 3913 673 3951 e.
695 3897 808 3952 104911.
829 3899 870 3960 15,
890 3905 918 3951 et
937 3897 1010 3952 inter
1027 3897 1189 3952 recentiores
1201 3898 1313 3952 Werner
1327 3913 1354 3948 ae
1365 3893 1424 3947 nor

330 3979 476 4035 tolembert
495 3977 662 4044 existimant,
682 3975 870 4030 Gomorrhiani
897 3977 995 4032 libmnr
1023 3993 1080 4031 esse
1106 3976 1172 4031 illud
1191 3977 1343 4045 opusculum
1368 3971 1423 4039 quot

331 4067 426 4129 postea
444 4060 596 4112 Alexander
615 4057 640 4111 11
660 4063 719 4111 arte
738 4055 815 4125 pias
844 4057 925 4112 Petro
938 4057 1069 4111 Damione
1088 4057 1227 4126 surripuit,
1240 4053 1422 4124 succensemini·

330 4141 450 4196 inclusit.
489 4140 548 4207 Qua
572 4139 604 4192 de
632 4153 661 4192 re
686 4137 747 4207 agit
773 4137 920 4192 Damianos
946 4139 974 4193 in
998 4139 1113 4206 epistola
1135 4138 1169 4192 ad
1194 4136 1387 4192 Hildebrandnrn
1403 4141 1422 4184 et

331 4220 497 4290 Stephanum
516 4218 673 4274 Cardinales
698 4218 739 4288 (L.
759 4217 793 4272 11.
814 4233 855 4288 ep.
875 4219 912 4284 6).
950 4218 1001 4274 Sed
1027 4219 1074 4272 alii
1093 4227 1212 4284 censent,
1237 4217 1375 4287 opuseulum
1396 4210 1421 4260 25

331 4300 487 4355 Alexandro
514 4299 540 4354 11
568 4307 722 4367 surreptum
750 4298 833 4353 fuisse
861 4299 928 4353 illud
952 4299 996 4354 De
1015 4304 1183 4366 paupertate
1210 4298 1296 4367 irrepis
1316 4289 1421 4362 tripart:
