2952 4832
293 511 332 562 De
353 507 602 563 Praedecessoribus
621 507 646 562 S.
660 507 786 574 Gregorii
805 506 867 559 VH.
1100 507 1151 560 221

56 651 317 738 Groporiaat'acbou
334 653 604 730 Kirelteustrcitea,
630 649 794 734 Freiburg
820 649 921 731 18783
946 649 1157 734 Damberger

57 747 144 812 Gouola.
168 750 219 812 VJ.
245 750 331 828 VII.,·
353 749 608 835 Hergenrbther‚
634 750 673 812 K.
699 747 737 812 G.
761 750 786 812 1.
806 749 870 811 137
893 769 976 832 sqq.;
999 747 1058 810 III.
1075 749 1154 824 246,

52 846 97 910 ubi
118 857 147 910 et
169 846 251 910 alios
274 859 423 911 auctores
447 850 598 911 invenies
623 850 748 910 citatos.

574 1349 609 1409 1.

102 1515 166 1578 De
190 1515 649 1580 praedecessorum
671 1516 709 1579 S·
736 1514 960 1594 creparet
990 1513 1083 1576 VH.

120 1727 148 1790 ὁ.
197 1726 229 1791 S.
256 1727 322 1790 Leo
353 1727 404 1791 IX
436 1725 606 1790 Ecclesiae
637 1725 781 1811 praefuit
811 1727 958 1810 quinque
988 1726 1086 1788 anuis
1118 1733 1151 1787 ct
1179 1735 1302 1780 &bott-

44 1823 199 1887 mensibus
228 1824 366 1888 duobus.
414 1823 681 1889 Hildebrandum
715 1825 784 1909 ipse
815 1824 908 1886 initio
939 1821 1151 1906 pontificatus

44 1921 85 1982 sui
112 1921 153 1985 ad
185 1922 443 1986 subdiaconatus
475 1921 624 1986 ordinem
661 1923 842 2006 promovit,
885 1921 980 2004 eique
1010 1919 1148 1982 admini-

42 2021 220 2084 strationem
245 2019 406 2085 bonorum
430 2019 589 2084 ecclesiae
605 2019 774 2082 Romanae
800 2019 974 2082 commisit.
1005 2016 1152 2101 Adjutus

42 2136 125 2196 porro
149 2117 286 2182 oonsilio
309 2117 531 2182 Hildebrandi
556 2117 761 2201 aliorumque
785 2118 932 2180 virorum
956 2115 1150 2178 ecclesiasti-

40 2233 141 2280 corum
180 2217 343 2280 indefesso
381 2213 492 2279 labore
529 2215 652 2278 abusus
679 2214 847 2278 eradicare
880 2223 912 2276 et
939 2212 1149 2298 disciplinam

40 2310 284 2378 ecclesiasticam
314 2323 498 2378 restaurare
523 2313 662 2392 studuit,
695 2316 741 2376 ita
771 2323 807 2375 ut
829 2322 915 2376 totus
939 2309 1152 2396 pontificatus

39 2407 100 2486 cius
124 2411 223 2474 suerit
245 2411 335 2476 lucta
359 2421 472 2474 contra
496 2410 619 2474 abusus
643 2421 675 2473 et
698 2418 864 2474 certamen
889 2431 948 2494 pro
973 2408 1151 2494 disciplina

39 2517 66 2564 et
85 2505 256 2572 Ecclesiae
283 2507 416 2594 juribus
447 2507 671 2572 vindicandis.
718 2507 801 2588 Hic,
833 2506 948 2570 scribit
971 2505 1151 2571 Orderious

38 2601 165 2686 l'italis,
197 2619 375 2670 carnotorum
405 2608 484 2670 scita
507 2630 661 2670 conouum.
679 2607 804 2692 purum
827 2607 989 2668 restituere
1020 2616 1153 2668 coriatus

38 2711 85 2776 ot,
109 2709 268 2792 quaejam
286 2707 457 2768 transactis
474 2705 665 2790 temporibus
681 2705 775 2766 nimis
790 2702 982 2782 deciderant,
1007 2714 1036 2766 et
1045 2727 1152 2788 poene

37 2823 53 2858 u
77 2803 191 2864 troada
213 2803 369 2866 homiuum
392 2801 632 2889 destuoecrout.¹)
668 2801 791 2865 Itinera
815 2802 960 2885 suscepit
982 2802 1017 2864 in
1041 2801 1153 2864 varias

38 2895 146 2962 ltaliae
162 2909 281 2984 partes,
306 2902 341 2963 in
354 2899 497 2965 Galliam
523 2911 555 2964 et
569 2899 795 2977 Germaniam,
820 2908 919 2985 atque
942 2899 1153 2982 congregatis

35 2997 195 3082 episcopis
225 2997 348 3083 ubique
372 2998 512 3062 concilia
536 2997 732 3076 celebravit,
765 2999 938 3060 simoniam
963 3006 997 3058 et
1019 2995 1153 3058 clerico·

35 3114 101 3155 rum
118 3096 392 3160 incontinentiam
410 3099 611 3182 proscripsit,
637 3097 752 3180 poenis
775 3106 807 3157 et
824 3094 969 3157 censuris
985 3115 1150 3157 canonum

33 3191 276 3256 observantiam
301 3195 506 3274 vindicavit,
540 3195 711 3278 episcopos
736 3191 964 3277 delinquentes
988 3190 1151 3275 deposuit.

34 3287 264 3375 Imperatorem
292 3291 472 3355 Henricum
497 3294 531 3356 in
556 3291 739 3355 Germania
764 3291 929 3370 convenit,
957 3299 995 3351 ut
1018 3291 1149 3372 negotia

31 3387 255 3452 ecclesiastica
269 3389 451 3470 ordinaret3
476 3389 685 3453 Normannos
709 3390 743 3450 in
760 3387 855 3451 ltalia
871 3387 1078 3450 meridionali
1104 3385 1151 3450 di-

31 3486 154 3551 tionem
178 3486 434 3552 ecclesiasticam
460 3487 664 3568 invadentes,
699 3497 825 3550 armata
849 3507 950 3548 uranu
972 3486 1154 3569 reprimere

31 3597 168 3648 conatus
198 3595 256 3651 est.
311 3586 472 3666 Quamvis
505 3607 583 3648 vero
616 3585 798 3648 liormanui
827 3581 997 3647 Pontificis
1039 3584 1155 3666 copias

31 3685 273 3762 contrivissent,
298 3695 408 3748 tamen
432 3706 554 3768 magna
577 3685 789 3747 veneratione
805 3681 949 3744 Leonem
975 3682 1151 3765 prosecuti,

30 3801 146 3863 pacem
172 3803 247 3845 cum
272 3803 309 3846 co
333 3785 379 3846 itu
402 3792 666 3866 composuerunt,
700 3792 734 3844 ut
758 3791 915 3866 tanquam
941 3779 1076 3842 feudum
1101 3801 1153 3842 eo·

30 3878 153 3943 clesiae
177 3881 343 3944 Romanae
367 3903 462 3945 suum
488 3884 521 3944 in
546 3880 642 3944 ltalia
665 3901 802 3964 regnum
828 3877 1026 3942 aPontifice
1051 3869 1154 3940 susci-

29 3992 149 4060 perent
172 3978 307 4064 ejusque
332 3978 495 4043 vasallitio
520 4001 589 4042 sese
613 3977 815 4042 addicerent.

86 4158 240 4165 .--—-.

103 4263 123 4324 ¹)
145 4261 216 4316 Hist.
237 4263 306 4316 Eccl.
327 4262 357 4316 L.
380 4265 402 4316 l.
