3032 4844
319 497 353 548 16
668 497 710 552 Dc
726 495 831 552 haeresi
849 496 1083 552 lconoolestmrm.

410 639 460 702 17.
484 639 563 704 Post
584 639 712 704 obitum
727 641 868 706 Joannis
883 639 968 722 VH,
993 641 1050 724 qui
1074 639 1215 704 decessit
1237 639 1298 703 die
1328 641 1371 702 17
1388 639 1452 704 Oc-

317 734 420 800 tobris
444 738 522 800 anni
549 736 633 819 707,
649 737 751 804 Sedes
774 736 955 822 apostolica
978 739 1112 801 vacavit
1134 735 1240 801 tribus
1255 737 1450 806 mensibus.

318 842 392 918 post
405 852 486 919 quos
496 834 667 899 ordinatus
679 835 742 900 fuit
749 835 924 913 8161616161,
938 834 1052 918 Syrus.
1068 832 1132 898 Cui
1145 845 1219 918 post
1231 836 1361 919 viginti
1378 835 1452 898 diss

318 931 372 996 die
406 930 623 996 lFebruarii
660 935 740 998 anni
780 933 863 1012 708,
896 932 968 997 dira
1001 932 1172 997 arthritide
1208 932 1368 1015 sublato,
1395 931 1451 996 die

318 1029 360 1094 25
384 1029 494 1094 Martii
530 1033 688 1096 successit
714 1029 939 1096 Conatantiaar
970 1031 1092 1115 pariter
1115 1029 1238 1114 Syrus,
1271 1033 1337 1116 qui
1363 1030 1453 1094 sedit

248 1122 253 1133 “
318 1149 421 1212 usque
434 1127 479 1191 ad
493 1149 618 1192 annum
633 1129 706 1194 715.
752 1129 835 1214 Ejus
850 1131 911 1192 iter
925 1130 960 1192 in
975 1127 1145 1192 Orientem
1154 1127 1225 1212 jam
1241 1149 1450 1192 commemo·

317 1228 474 1290 ravimus.
520 1224 641 1290 Tribus
664 1237 738 1311 post
761 1225 930 1290 mensibus
953 1247 1056 1311 quum
1080 1223 1324 1290 Constantinus
1351 1225 1450 1288 Nico-

318 1322 440 1398 media,
472 1320 531 1388 ubi
567 1344 643 1388 oum
675 1323 877 1409 Imperatore
910 1323 1063 1406 degerat,
1097 1321 1264 1406 digressus
1299 1323 1448 1386 Romam

317 1420 478 1502 redierat,
501 1419 1045 1506 16611616661666616661(6.711)
1069 1420 1205 1483 nuntius
1229 1418 1358 1486 attulit.
1384 1420 1450 1484 Im·

318 1519 445 1603 perium
481 1521 658 1604 occupavit
693 1518 804 1583 caedis
833 1527 948 1582 auctor
970 1517 1145 1602 Philippus
1175 1517 1365 1581 Bardones.
1415 1517 1448 1580 Is

317 1637 346 1680 a.
373 1615 436 1679 712
461 1614 744 1701 Constantinopoli
779 1617 886 1698 coegit
916 1613 1186 1695 conciliabulum,
1220 1623 1253 1678 et
1280 1614 1449 1678 damnata

317 1723 410 1778 sexta
418 1712 551 1797 Synodo
564 1723 701 1778 conatus
714 1725 764 1777 est
774 1715 945 1776 restituere
958 1713 1120 1776 haeresim
1135 1711 1446 1776 Monotheleticam.

317 1811 411 1876 Multi
435 1812 550 1894 ignavi
575 1810 742 1895 praesules
767 1810 912 1875 Orientis
936 1811 965 1873 ei
990 1821 1208 1874 assenserunt.
1255 1805 1327 1873 Sed
1352 1809 1447 1872 16611-

316 1910 356 1972 111
378 1911 408 1972 61
434 1906 670 1974 Constantinus
684 1909 852 1988 Pontifex,
876 1907 1014 1993 ejusque
1037 1907 1237 1970 haereticam
1260 1905 1343 1969 fidei
1371 1927 1444 1990 pro·

316 2005 491 2070 sessionem
515 2007 651 2070 missam
674 2005 717 2069 ad
741 2027 774 2070 66
798 2006 922 2091 rejecit.
968 2005 998 2068 Ε
1022 2005 1185 2068 contrario
1206 2003 1382 2067 Anastasii
1399 2002 1443 2085 II,

316 2105 372 2190 qui
396 2112 469 2189 post
492 2102 628 2166 brevem
643 2102 823 2188 Philippici
844 2102 1055 2187 tyrannidem
1069 2101 1252 2187 Imperator
1276 2101 1444 2166 salutatus

316 2203 424 2266 fuerat
446 2201 489 2287 (a.
526 2200 618 2286 713),
652 2201 838 2286 6616161661,
872 2221 938 2286 qua
961 2199 1158 2264 catholicam
1182 2197 1287 2284 fidem,
1308 2199 1443 2284 profite-

316 2299 423 2380 batur,
438 2295 544 2362 libens
560 2299 720 2383 suscepit,
741 2308 774 2362 et
788 2296 985 2363 Michadlem
1001 2297 1231 2382 presbyterum
1246 2299 1341 2360 misit
1357 2296 1442 2360 Con·

317 2394 580 2481 stantinopolim,
604 2406 641 2460 ut
664 2397 834 2481 episcopos
856 2397 914 2481 qui
938 2395 1065 2480 Synodi
1093 2405 1205 2460 sextae
1228 2394 1441 2459 damnationi

317 2495 486 2578 suffragati
516 2493 668 2575 fuerant,
704 2492 874 2558 Ecclesiae
913 2492 1150 2558 reconciliaret.
1206 2491 1292 2556 Cum
1334 2511 1443 2556 annos

317 2601 441 2676 septem
464 2601 497 2655 61
520 2591 591 2655 (1166
623 2591 814 2676 quindecim
839 2589 1075 2656 Constantinus
1098 2610 1225 2654 summo
1251 2591 1442 2654 sacerdotio

316 2689 449 2754 1666166
472 2697 576 2770 66661,
602 2711 688 2754 6666
713 2689 776 2754 715
800 2689 889 2753 (1168
914 2688 1038 2774 Aprilis
1061 2689 1202 2752 excessit
1224 2689 1360 2754 evivis.
1402 2687 1441 2750 In

317 2788 387 2873 ejus
410 2786 520 2852 locum
544 2786 598 2852 die
624 2789 665 2852 19
689 2787 770 2852 Maii
794 2786 965 2852 ordinatas
994 2796 1042 2850 est
1069 2785 1239 2870 Gregorius
1262 2786 1302 2848 H
1319 2785 1442 2849 Rorna-

316 2905 394 2966 nus,
419 2884 588 2950 Romanae
612 2884 770 2950 ecclesiae
794 2884 953 2948 diaconus
977 2893 1010 2946 et
1033 2880 1318 2964 bibliothecarius,
1345 2903 1441 2948 sanc·

315 2983 470 3064 timonia,
496 2981 697 3066 eruditione,
722 2991 754 3044 et
777 3001 886 3044 rerum
909 3002 966 3064 pro
981 2978 1133 3044 Ecclesia
1155 2990 1321 3065 gestarum
1347 2980 1441 3044 fama

317 3078 433 3144 clarus.
479 3079 513 3142 Is
537 3078 622 3143 sedit
645 3099 748 3162 usque
771 3077 815 3142 ad
837 3099 963 3142 annum
989 3078 1062 3159 731,
1087 3089 1120 3140 61
1142 3077 1203 3142 sub
1227 3077 1298 3161 1666
1321 3077 1440 3142 Icono·

315 3175 492 3242 olastarum
514 3174 659 3240 haeresis
682 3184 789 3238 ortum
812 3173 939 3241 habuit.

406 3275 457 3338 18.
484 3273 595 3352 Quum
619 3293 698 3336 vero
733 3293 772 3336 ea
804 3281 910 3336 aetate
944 3272 1048 3355 magis
1077 3273 1247 3358 magisque
1270 3272 1438 3357 separatio

316 3371 402 3435 inter
425 3370 595 3437 Orientem
620 3379 652 3434 et
676 3369 892 3435 Occidentem
925 3391 960 3434 66
984 3369 1186 3450 manifestet,
1211 3381 1328 3454 atquc,
1356 3369 1438 3432 dum

316 3466 461 3532 Orientis
493 3468 640 3552 potentia
672 3466 852 3547 decrescit,
885 3465 1077 3532 Occidentis
1118 3465 1300 3531 invalescat
1339 3468 1439 3549 vigor

316 3564 496 3649 roburque,
522 3585 639 3648 operae
662 3565 805 3649 pretium
829 3573 877 3628 est
905 3564 1068 3650 quaedam
1092 3565 1229 3628 1666616
1254 3563 1296 3628 de
1317 3583 1438 3648 propa·

315 3664 448 3747 gatione
470 3661 667 3726 admiranda
689 3660 857 3745 religionis
872 3661 1071 3728 christianae
1094 3663 1181 3726 inter
1203 3664 1354 3726 nationes
1373 3659 1436 3724 Oc·

316 3760 466 3825 sidentis.
490 3797 533 3806 —
557 3759 609 3822 De
625 3758 763 3840 Galliae,
774 3759 956 3825 Hiberniae
971 3771 1004 3824 et
1017 3760 1210 3824 Britanniae
1227 3759 1270 3822 ad
1285 3757 1435 3821 christia·

316 3879 394 3922 nam
416 3857 609 3940 religionem
643 3859 876 3940 conversione,
902 3879 966 3924 non
991 3869 1040 3922 est
1068 3880 1127 3922 cur
1148 3857 1204 3920 hic
1227 3855 1322 3941 plura
1346 3853 1434 3916 dica-

317 3977 399 4020 mus.
445 3953 584 4020 Saeculo
620 3957 758 4040 septimo
794 3956 961 4020 mediante
994 3958 1028 4019 in
1062 3957 1132 4018 istis
1164 3951 1294 4039 populis
1317 3950 1433 4033 religio

317 4053 495 4118 christiana
518 4055 651 4118 omnino
675 4052 845 4137 regnabat.
869 4053 946 4118 Jam
969 4051 1179 4138 praecedenti
1197 4049 1330 4136 quidem
1354 4057 1432 4110 tcm-

316 4173 404 4237 pore,
438 4151 515 4215 inde
539 4174 559 4214 6
582 4150 712 4216 6666616
737 4151 867 4236 quinto,
891 4152 991 4214 etiam
1015 4151 1049 4212 in
1075 4149 1217 4214 Bavaria
1240 4158 1272 4210 et
1294 4143 1432 4210 Austris

317 4249 430 4334 religio
462 4249 641 4313 christiana
676 4259 857 4334 propagata
887 4258 953 4330 est3
997 4247 1056 4312 sod
1084 4246 1277 4332 praesertim
1301 4238 1430 4307 saeculo
