2932 4836
319 483 372 537 tte
632 481 720 537 xvn.
759 483 801 538 De
819 481 965 538 schismate
981 481 1125 538 Photiano.

320 625 475 692 Pontifex
509 626 641 690 nonnisi
673 625 799 691 tardius
834 647 945 690 rerum
974 627 1149 690 veritatem
1185 637 1335 691 accurate
1361 627 1420 690 cdo·
1448 621 1449 630 ἶ

321 735 393 788 ctus
417 733 475 788 est.
1448 799 1449 810 χ

275 837 294 864 ¹¹¹
408 821 461 886 40.
501 821 645 886 Profecti
676 831 753 885 sunt
789 820 945 885 videlicet
974 821 1165 886 Rodoaldus
1202 831 1235 885 et
1264 821 1422 886 Zacharias
1448 827 1449 844 ¹

240 899 272 926 '¹'
320 921 438 1005 legati,
473 920 587 984 favore
631 929 664 982 et
700 918 893 984 muneribus
930 911 1107 1000 cumulati,
1145 941 1259 984 versus
1296 941 1422 984 mensem

320 1018 508 1102 Augustum
537 1039 567 1082 a.
592 1017 674 1098 861,
706 1027 743 1081 ut
765 1017 905 1081 Romam
936 1026 1189 1081 reverterentur.
1234 1017 1303 1082 Eos
1332 1019 1422 1082 stetin
1448 1007 1449 1088 l

321 1125 452 1180 secutus
484 1124 534 1179 est
556 1115 643 1194 Leo,
680 1113 837 1180 Michaeli
860 1115 1057 1200 Imperatori
1087 1138 1107 1179 a
1137 1117 1290 1198 secretis,
1325 1117 1375 1178 vir
1398 1118 1423 1178 in

321 1215 460 1299 negotiis
484 1214 638 1298 gerendis
662 1225 821 1294 versatur,
846 1215 902 1299 qui
927 1212 1101 1278 Michaelis
1125 1212 1308 1298 epistolam,
1332 1212 1422 1277 Photii

320 1310 445 1376 litteras
463 1311 693 1397 apologeticas,
719 1321 752 1374 ct
771 1321 846 1375 acta
862 1309 994 1374 concilii
1014 1311 1165 1376 deferret.
1204 1311 1330 1376 Versus
1343 1312 1423 1376 tinen

321 1412 400 1474 anni
426 1409 505 1490 861,
531 1408 584 1474 vel
609 1411 703 1474 initio
727 1411 807 1474 anni
833 1409 913 1488 862,
936 1419 1008 1472 tum
1031 1408 1130 1492 legati
1153 1419 1225 1473 turn
1250 1411 1318 1474 Leo
1343 1429 1423 1474 sacre·

322 1510 424 1572 tarius
447 1508 590 1572 Romam·
616 1517 849 1594 pervenerunt.
895 1507 1013 1590 Legati
1044 1505 1127 1570 nihil
1157 1507 1249 1572 eliud
1279 1507 1424 1572 renuntia·

322 1616 408 1686 runt,
434 1607 496 1668 nisi
522 1605 708 1690 depositum
731 1604 899 1688 Ignatium
925 1613 957 1667 et
976 1603 1133 1668 Photium
1158 1607 1192 1670 in
1216 1605 1294 1670 sede
1312 1604 1425 1670 CPtana

323 1704 504 1784 firmatum3
535 1703 603 1767 Leo
628 1723 705 1766 vero
738 1713 813 1787 post
836 1701 918 1766 duos
943 1701 1013 1766 dies
1044 1701 1242 1767 documenta
1272 1704 1335 1788 ipsi
1358 1723 1423 1766 con·

323 1804 423 1866 missa
446 1800 599 1864 Pontifici
630 1799 777 1865 tradidit.
825 1801 925 1864 Porro
950 1801 1101 1886 praefati
1125 1803 1213 1865 missi
1243 1801 1366 1865 tandem
1393 1821 1425 1862 rc·

324 1902 420 1978 aerei,
446 1898 561 1962 scribit
582 1895 757 1974 Nicolaus‚
782 1898 830 1962 eil
854 1898 946 1962 alind
968 1900 1204 1977 renuntiarere,
1235 1901 1300 1964 aiei
1322 1899 1425 1984 deposi-

324 2009 387 2061 tum
410 1998 568 2083 Ipnatiom
598 2007 628 2060 et
657 1997 805 2060 Photiom
833 1999 868 2060 in
899 1997 971 2060 aede
999 1995 1130 2061 CPtama
1149 1997 1325 2081 firrnaterm.
1370 1996 1427 2058 Post

324 2097 402 2159 ‹laoe
425 2117 495 2158 cero
521 2095 589 2158 dies
614 2093 734 2179 lepotae
757 2119 778 2158 a
800 2093 890 2158 nobie
914 2094 1091 2180 imperialia
1114 2095 1238 2158 nomiae
1262 2095 1324 2158 Leo
1347 2115 1426 2157 macr·

319 2203 396 2279 ptos
419 2192 481 2255 dno
505 2191 667 2255 calamiae
690 2191 812 2270 obedit,
837 2214 967 2276 quoram
985 2215 1080 2256 naam
1104 2192 1311 2278 depositionis
1328 2189 1427 2276 Ipaatii

323 2301 411 2377 perta
440 2289 634 2367 contactae,
668 2289 801 2354 alterumn
834 2301 938 2354 aetem
969 2289 1102 2354 babebat
1134 2291 1173 2354 de
1195 2291 1315 2355 camede
1336 2287 1426 2372 imap-

324 2389 415 2452 m'bae
446 2398 528 2451 aeta.
575 2387 700 2450 Detulit
718 2398 889 2473 praetereo
918 2388 1001 2451 idem
1025 2388 1087 2452 Leo
1118 2387 1300 2474 imperiales
1324 2387 1427 2450 littero-t

325 2487 545 2573 deprecantes,
576 2495 728 2570 quatenos
752 2495 781 2548 et
804 2487 839 2549 e'a
861 2484 1059 2571 depositione
1082 2487 1202 2571 Ipaatii
1229 2498 1259 2550 et
1282 2486 1316 2548 in
1338 2482 1426 2566 confir·

325 2584 460 2648 emtione
485 2583 593 2646 Pbote'i
620 2603 802 2647 concertarem
831 2583 1056 2668 praeberemus
1090 2593 1120 2646 et
1147 2576 1428 2648 redamabercmmstl

324 2681 465 2766 Accepit
495 2681 619 2765 pariter
641 2702 701 2765 per
724 2702 800 2744 eum
825 2679 982 2746 Nicolaus
1008 2681 1079 2766 jam
1104 2691 1373 2745 commemoratas
1391 2677 1428 2740 lit·

325 2791 411 2842 teras
433 2776 543 2842 Photii
575 2776 814 2863 apologeticas,
852 2777 973 2864 quibus
995 2780 1082 2864 ipse,
1118 2779 1273 2844 affectata
1306 2776 1427 2864 quadan

325 2879 447 2962 pietate
471 2885 504 2938 et
526 2874 728 2958 humilitate,
753 2897 903 2940 sermone
927 2876 1047 2941 diffuso
1072 2887 1104 2942 et
1126 2885 1196 2942 arte
1219 2875 1339 2940 callide
1361 2893 1428 2938 con-

325 2975 441 3059 posita,
467 2995 552 3058 quae
575 2974 699 3037 fecerat
722 2995 882 3038 excusare
906 2984 939 3038 et
958 2973 1134 3039 defendere
1151 2973 1315 3040 studebat.
1350 2974 1428 3038 Prac-

326 3074 437 3136 sertim
461 3093 554 3136 suam
579 3093 621 3135 ex
643 3071 728 3135 laico
753 3071 995 3136 ordinationem
1021 3072 1203 3157 sophistica
1225 3074 1351 3138 ratione
1372 3069 1449 3174 lll'l

327 3170 439 3234 dicare
462 3167 631 3233 nitebatur
654 3191 696 3232 ex
720 3167 897 3254 disciplina
920 3169 1078 3234 ccclesiae
1101 3170 1269 3235 orientalis
1294 3181 1327 3236 et
1340 3183 1449 3268 exem-p

327 3266 390 3353 plis
412 3268 560 3331 Petrum.
607 3267 698 3331 Dum
722 3265 932 3352 disciplinam
956 3267 1148 3333 orientalem
1173 3267 1331 3334 describit
1352 3277 1382 3331 ut
1402 3265 1449 3374 inp

328 3363 528 3452 quibusdam
552 3363 718 3430 diversam
733 3363 776 3429 ab
792 3365 1002 3448 occidentali,
1027 3365 1114 3430 hanc
1135 3365 1298 3432 indirecte
1314 3383 1427 3451 carpere
1448 3377 1449 3448 l

327 3464 453 3529 nititur.
493 3463 581 3527 Dein
605 3483 683 3526 vero
708 3462 820 3526 fucata
844 3461 1006 3527 modestia
1024 3463 1178 3546 advertit,
1202 3485 1237 3529 se
1252 3465 1348 3550 juxta
1361 3451 1449 3526 Pon*

327 3561 426 3624 tificis
449 3560 614 3625 desideria
637 3560 680 3625 ad
704 3559 861 3625 scandale
884 3559 1078 3646 pusillorum
1095 3561 1233 3627 vitanda
1254 3563 1427 3649 providisse,

328 3673 365 3722 ut
397 3659 431 3722 in
464 3669 630 3743 posterum
663 3657 825 3744 ejusmodi
859 3659 1083 3724 ordinationes
1115 3661 1215 3723 etiam
1249 3661 1283 3724 in
1313 3659 1427 3726 Oriente

330 3757 485 3820 vitentur.

417 3855 471 3918 41.
500 3852 566 3918 Sed
589 3855 742 3939 quamvis
766 3875 803 3918 eo
828 3863 975 3938 tempore
999 3853 1229 3938 Theognostus
1252 3855 1295 3920 ab
1318 3854 1427 3940 Ignatio

329 3953 449 4016 missus
472 3951 621 4016 nondum
644 3951 850 4033 advenisset,
881 3951 1038 4016 Nicolaus
1060 3951 1236 4018 fraudibus
1260 3957 1425 4040 iniquorum

329 4071 396 4114 non
413 4059 461 4114 est
477 4050 644 4135 deceptus.
683 4049 892 4114 Examinatis
907 4049 1025 4114 litteris
1039 4061 1072 4114 et
1093 4050 1302 4116 conciliabuli
1320 4045 1426 4114 orani

405 4251 424 4318 ¹)
443 4251 527 4306 Nicol.
547 4267 587 4320 ep.
610 4253 622 4305 1
643 4251 677 4306 ad
695 4253 770 4306 univ.
790 4250 868 4308 Ceth.
