2904 4834
307 500 341 554 14
492 497 595 554 XVIII.
614 497 655 552 De
673 497 802 552 Romanis
820 496 995 552 Pontificibus
1013 495 1113 551 sacculi
1131 494 1234 550 decimi.

306 641 377 704 licis
401 649 499 726 atque
524 642 595 752 ipso
619 641 719 704 ctiam
743 639 947 726 reipublicae
964 649 1049 703 statu
1066 637 1262 718 ordinando,
1283 637 1405 722 plerum

307 762 369 825 que
403 739 550 826 episcopi
580 759 656 802 cum
687 736 912 823 principibus,
947 746 979 801 et
1009 738 1140 840 utrique
1171 757 1246 798 cnm
1277 735 1440 800 Romano

308 836 467 900 l’ontifice
498 837 583 898 mira
607 834 784 899 concordia
807 836 1037 898 auctoritatem
1060 818 1155 898 huam
1178 832 1408 898 accumularent

308 957 366 1020 per
390 933 617 1016 Occidentem,
649 955 715 999 non
739 933 891 998 obstante
915 955 953 998 eo
976 932 1066 1019 quod
1089 953 1211 1044 magna
1233 931 1440 996 auctoritate
1439 971 1440 1020 n

307 1033 470 1097 antistites
494 1034 583 1095 circa
606 1053 658 1096 res
682 1041 714 1096 et
736 1053 894 1117 personas
917 1053 1042 1114 regum,
1067 1032 1215 1094 vicissim
1231 1050 1321 1114 reges
1336 1030 1409 1092 circa
1439 1029 1440 1122 l

306 1154 359 1194 res
374 1140 473 1216 atque
489 1150 645 1216 personas
660 1131 890 1214 episcoporum
906 1128 1113 1213 aliorumque
1129 1127 1409 1192 ecclesiasticorum
1439 1135 1440 1184 ι

308 1238 494 1309 uterentur,
525 1238 625 1314 atque
657 1229 692 1292 in
716 1227 768 1291 his
792 1226 945 1292 ominibus
968 1227 1193 1292 Romanorum
1216 1223 1440 1290 Pontificum

309 1349 374 1391 non
399 1348 511 1390 eorum
536 1325 641 1390 solum
666 1327 723 1410 qui
746 1325 893 1408 legitime
917 1324 1023 1406 electi,
1048 1323 1106 1388 sed
1130 1333 1162 1388 et
1186 1325 1243 1409 qui
1267 1323 1357 1388 initio
1374 1323 1410 1384 in·
1439 1299 1440 1380 l

308 1426 390 1489 trusi
414 1435 521 1504 erant,
554 1435 698 1510 potestas
721 1424 1008 1510 prmaeponderaret
1013 1425 1128 1504 “¹)-
1154 1421 1252 1502 Quod
1277 1443 1350 1484 vcro
1370 1441 1440 1481 res
1439 1391 1440 1470 l

310 1525 390 1588 istae
415 1522 605 1587 calamitoso
626 1543 663 1586 eo
681 1531 827 1606 tempore
844 1521 930 1586 bene
946 1519 1116 1600 haberent,
1140 1542 1263 1604 magna
1279 1541 1318 1581 ex
1334 1531 1411 1602 parte
1439 1530 1440 1592 t

311 1621 387 1686 iude
412 1621 536 1686 dixeris
559 1622 764 1706 provenisse,
797 1622 876 1706 quia
899 1642 958 1705 per
981 1619 1160 1684 Pontifices
1183 1617 1411 1703 praecedentes,
1439 1595 1440 1662 l

310 1743 337 1782 e.
361 1742 393 1803 g.
417 1739 477 1804 per
505 1717 679 1783 Nicolaum
706 1717 721 1782 I
751 1727 784 1781 et
813 1718 1023 1782 Hadrianum
1048 1717 1098 1798 ΙΙ,
1130 1717 1311 1782 auctoritas
1333 1712 1413 1778 Sedis
1439 1687 1440 1780 l

310 1816 520 1904 Apostolicae
554 1815 652 1880 valde
684 1816 815 1880 firmata
847 1827 934 1896 erat,
967 1827 1067 1901 atque
1096 1815 1262 1900 principia
1292 1811 1333 1876 ab
1362 1810 1412 1872 illis
1439 1781 1440 1870 l

312 1913 527 1978 Pontificibus
557 1925 765 2000 propugnata
795 1924 828 1977 et
852 1913 1032 1996 inculcata,
1065 1915 1170 1998 magis
1204 1913 1366 1997 magisque
1388 1910 1412 1970 in
1439 1941 1440 1976 ι

311 2011 420 2078 Gallia
444 2023 475 2075 et
499 2011 680 2076 Germania
703 2010 962 2076 invalescebant.

253 2179 257 2188 ,
404 2111 454 2176 15.
483 2111 642 2174 Nationes
666 2133 704 2173 ea
728 2119 834 2173 aetate
858 2109 901 2174 ad
927 2107 1216 2172 Christianismum
1241 2125 1412 2172 conversae.

204 2191 239 2218 ω
260 2190 279 2219 ⁰'
312 2217 388 2271 sunt
410 2209 611 2291 Normanni‚
643 2206 775 2288 Poloni,
801 2205 1013 2270 'Moscovitae
1043 2217 1076 2270 et
1098 2207 1262 2290 Hungari.
1312 2201 1413 2284 Quoad
1439 2231 1440 2246 ι

311 2307 419 2391 prima
450 2307 545 2370 initia
569 2327 682 2370 omnes
705 2304 752 2370 illi
778 2301 957 2370 Christiani
983 2327 1000 2367 e
1024 2307 1162 2390 paganis
1185 2306 1265 2370 facti
1290 2313 1362 2368 sunt
1382 2299 1414 2362 ad

312 2425 387 2466 eum
403 2403 548 2488 modum,
562 2404 619 2488 qui
634 2404 734 2466 etiam
749 2405 783 2466 in
799 2403 1010 2488 praecedenti
1024 2405 1240 2466 conversione
1249 2402 1413 2470 Dacorum,

312 2499 507 2580 Succorum,
536 2499 770 2586 Bulgarorum‚
801 2501 1010 2580 Sclavorum,
1035 2501 1248 2566 Maravorum
1273 2508 1306 2564 et
1328 2496 1414 2562 Bohe·

312 2620 441 2662 morum
474 2551 677 2663 observatur.
725 2597 904 2662 Conversio
936 2597 1093 2662 videlicet
1121 2598 1178 2662 illa
1207 2598 1352 2684 perfecta
1378 2609 1415 2656 est

312 2707 382 2760 tum
414 2695 584 2760 laboribus
617 2698 846 2783 episcoporum
879 2707 912 2760 et
940 2696 1226 2782 presbyterorum,
1261 2719 1283 2760 a
1312 2693 1440 2794 quihus

312 2793 420 2858 edocti
452 2805 484 2857 et
507 2791 666 2880 baptizati
642 2805 783 2878 t3sunt
817 2803 887 2858 tum
912 2815 1075 2859 concursu
1099 2815 1213 2878 regum
1239 2805 1272 2858 et
1295 2796 1415 2905 impers-

312 2903 419 2956 torum
453 2891 707 2974 catholicorum,
739 2893 797 2979 qui
827 2892 938 2956 media
960 2893 1003 2958 ad
1027 2893 1158 2958 illorum
1182 2893 1414 2958 conversionem

312 2991 497 3054 necessaria
513 2990 781 3077 suppeditarunt;
796 2999 867 3054 tum
882 3011 982 3076 opera
989 2991 1213 3056 Romanorum
1221 2989 1415 3056 Pontificum

313 3089 369 3174 qni
401 3090 572 3174 episcopos
603 3099 636 3152 et
666 3090 891 3152 missionarios
922 3089 965 3154 ad
989 3088 1079 3154 iham
1104 3090 1352 3154 conversionem
1373 3061 1440 3149 del

314 3186 487 3268 sanarunt,
512 3195 569 3250 aut
593 3196 681 3250 certe
703 3186 879 3252 relationes
903 3209 942 3250 ea
966 3187 1007 3250 de
1031 3209 1066 3250 re
1089 3187 1133 3250 ad
1157 3184 1278 3250 Sedem
1296 3171 1440 3271 Apostol

313 3283 412 3348 licam
444 3283 535 3349 velut
564 3285 606 3349 ad
638 3287 737 3349 totius
760 3285 932 3350 Ecclesiae
963 3294 1062 3371 caput
1091 3285 1197 3348 factas
1226 3295 1415 3371 receperunt

315 3403 484 3468 novasque
508 3384 663 3446 ecclesias
688 3383 871 3448 secundum
895 3384 1034 3448 formam
1050 3381 1291 3447 hierarchicam
1308 3389 1416 3446 erectas

315 3481 382 3544 suis
404 3481 572 3566 rescriptis
596 3490 628 3545 et
651 3482 940 3546 constitutionibus
964 3481 1211 3546 confirmarunt.
1220 3481 1246 3563 ²)
1268 3519 1321 3548 -.
1330 3479 1415 3542 Hisce

315 3579 462 3643 breviter
483 3577 666 3642 observatis
691 3579 799 3664 quoad
824 3579 1048 3644 conditionem
1063 3579 1185 3644 saeculi
1202 3579 1323 3644 decimi
1334 3597 1414 3659 gene-

314 3676 422 3755 ratim,
436 3675 534 3740 modo
548 3677 589 3740 de
598 3675 755 3740 Romanis
765 3675 983 3741 Pontificibus
995 3677 1082 3741 illins
1095 3679 1211 3742 aetatis
1225 3677 1415 3742 disseramus.

390 3895 409 3964 ¹)
427 3897 537 3962 Becker,
556 3895 629 3952 Hist.
643 3899 715 3962 eccl..
735 3897 854 3955 SaecX
868 3899 892 3968 ᾖ.
906 3897 954 3952 VI.
968 3898 1180 3955 Animadversio
1201 3899 1259 3954 Vol.
1272 3899 1317 3952 VI
1330 3915 1354 3964 p.
1366 3893 1414 3949 213.

388 3976 408 4038 ⁹)
427 3975 482 4030 Cfr
501 3976 642 4032 Beckerl.
661 3993 682 4032 c.
702 3977 771 4048 §.1
