2932 4836
332 493 372 546 De
390 491 575 548 Decretalibus
594 492 877 550 Pseudolsidon'anis.
1116 497 1169 552 315

143 637 213 704 112.
247 637 369 701 Narrat
402 657 498 721 porro
533 634 755 718 Hinemarns,
798 638 993 704 Pontificem
1030 640 1169 706 Romam
1213 643 1310 696 ⁹l¹⁰l=¹

66 737 240 802 redeuntem
266 735 359 799 brevi
377 733 573 798 Letharium
592 755 663 800 esse
678 745 838 818 secutum,
863 737 921 801 sed
937 761 1054 823 parum
1070 736 1170 803 heno-

66 835 144 900 ritiee
165 835 288 898 Romae
318 843 505 920 receptum,
539 832 673 898 demum
704 844 815 898 tamen
849 835 1012 920 quaedam
1037 835 1171 901 honoris

66 933 110 998 rel
130 930 377 996 benevolentiae
401 933 495 1015 signa
519 952 629 1014 regem
654 927 853 1012 obtinuisse3
887 931 965 997 inde
989 955 1065 997 eum
1089 935 1171 1020 ejus·

65 1053 119 1118 qne
140 1052 293 1116 sequaces
310 1030 383 1114 jam
402 1030 584 1114 jactatione
609 1028 753 1114 quadam
778 1051 957 1114 angurasse
981 1029 1113 1116 plenam
1138 1033 1172 1096 in

65 1153 115 1194 sua
144 1151 240 1192 cansa
264 1125 481 1213 victoriam.¹)
528 1125 594 1192 Sed
617 1125 713 1190 aliter
742 1125 784 1190 ab
810 1127 982 1192 Hadriano
1014 1139 1046 1193 et
1068 1153 1089 1192 a
1112 1129 1172 1193 Ro·

65 1228 158 1292 manis
186 1247 238 1290 res
269 1225 369 1288 fuisse
395 1223 586 1308 dispositas,
622 1221 779 1286 videlieet
806 1234 964 1288 statutum
988 1225 1105 1307 fuisso,
1138 1236 1174 1289 ut

65 1345 114 1408 per
146 1322 270 1405 legatos
300 1321 472 1385 Pontifieis
510 1323 545 1386 in
580 1318 689 1384 Gallia
723 1342 847 1386 novum
880 1343 999 1386 eausae
1032 1345 1172 1389 examen

64 1422 159 1502 fieret,
191 1443 231 1484 aa
255 1419 333 1484 dein
357 1418 578 1505 subsequente
608 1440 695 1482 anno
721 1419 845 1484 Romae
876 1423 909 1484 in
935 1421 1075 1486 coneilio
1107 1444 1173 1486 am-

64 1519 196 1606 plissimo
228 1527 297 1582 tota
328 1540 428 1582 eausa
465 1515 738 1602 r·etraetaretur.⁹)
785 1515 871 1582 Snus
909 1521 1011 1604 igitur
1039 1519 1094 1584 bie
1125 1531 1173 1586 est

65 1618 144 1682 loeus
166 1615 265 1679 alieni
290 1615 435 1700 synodo,
469 1637 552 1701 quae
577 1637 689 1680 mense
711 1614 802 1680 Julio
827 1639 856 1680 a.
882 1617 946 1681 869
971 1617 1094 1681 Romae
1118 1617 1172 1682 ha-

64 1715 184 1796 bilant,
209 1735 360 1800 quaeque
377 1712 539 1798 ejusmodi
556 1712 763 1798 dispositioni
779 1711 888 1778 locum
908 1713 1046 1778 dederit.
1061 1754 1103 1762 —
1120 1716 1173 1780 Ex

64 1813 207 1878 relatione
230 1812 407 1876 Hineniari
432 1810 613 1895 colligitur,
645 1813 679 1874 in
703 1822 815 1875 monte
839 1810 976 1876 Cassine
1008 1815 1069 1876 ista
1095 1835 1172 1878 uon·

64 1912 131 1974 dum
162 1911 381 1975 determinata
417 1909 535 1990 fuisse,
570 1909 695 1974 Romae
724 1909 918 1974 Letharium
946 1911 1017 1995 jam
1050 1913 1173 1996 optime

63 2008 117 2072 sibi
145 2010 256 2074 omnia
281 2007 398 2072 cedere
423 2009 645 2088 existimasse,
678 2006 736 2071 sed
760 2008 856 2072 aliter
878 2009 920 2072 ab
944 2008 1117 2072 Hadriano
1142 2020 1174 2072 et

63 2107 250 2171 allemanie
274 2115 433 2170 statutum
456 2106 567 2169 fnisse.
615 2104 651 2168 ld
675 2105 787 2191 aliqua
811 2106 937 2189 synodo
961 2104 1076 2170 habita
1100 2129 1173 2171 eve·

64 2205 156 2286 nisse,
191 2225 253 2289 per
283 2224 317 2266 se
341 2204 421 2266 satis
450 2201 621 2288 probabile
653 2212 718 2282 est3
755 2205 788 2266 in
813 2203 975 2288 ejusmodi
1009 2205 1173 2287 synodum

62 2311 159 2366 auteur
183 2323 241 2380 ea,
277 2321 362 2387 qnae
393 2303 427 2364 in
452 2301 599 2364 oratione
630 2300 671 2365 de
702 2323 768 2386 qua
791 2302 921 2384 agimus
952 2301 1172 2373 eontinentur,

64 2401 139 2464 omni
169 2421 212 2462 ex
243 2409 335 2484 parte
367 2401 579 2462 conveniunt.
626 2397 697 2462 Imo
728 2397 770 2462 ab
799 2409 927 2464 oratore
957 2421 996 2464 ea
1026 2402 1173 2486 praecise

64 2563 262 2570 ..ψ-...-

125 2655 144 2722 ’l
166 2655 249 2722 ,Inde
267 2654 383 2708 masnila
403 2653 472 2708 seria
490 2655 602 2708 Romam
628 2654 797 2723 ingrediens,
827 2655 855 2708 in
874 2655 977 2724 palatio
996 2655 1174 2710 Lateraneusi

63 2749 112 2788 oum
134 2735 191 2802 ipso
215 2735 363 2802 apostolice
382 2734 534 2802 prandidit,
551 2737 588 2790 'et
612 2734 684 2788 datis
710 2736 735 2788 ei
760 2733 915 2789 muneribus
939 2735 1059 2790 invasis
1084 2736 1173 2790 aureis

63 2825 85 2867 et
106 2815 242 2885 argenteis
268 2814 402 2878 obtinuit,
430 2821 462 2868 ut
487 2815 512 2868 ei
531 2815 660 2868 Pontifex
685 2815 789 2869 laeuam
815 2819 844 2868 et
862 2815 979 2883 palmam
1003 2832 1035 2869 aa
1059 2815 1174 2870 ferulam

63 2894 141 2958 lant,
168 2897 239 2950 aient
259 2895 379 2950 etfacit.
417 2895 491 2962 Quae
510 2909 621 2948 mouera
645 2895 686 2948 ita
711 2895 768 2962 ipse
793 2901 821 2948 et
839 2895 881 2948 sui
907 2895 1082 2962 interpretati
1100 2903 1173 2957 sunt,

64 2975 176 3030 videlieet
194 2981 227 3029 nt
246 2991 295 3044 per
314 2974 418 3029 laenam
437 2975 469 3029 de
483 2975 631 3030 Waldrnda
649 2974 835 3038 revestiretur,
855 2989 903 3042 per
914 2975 1030 3041 palmam
1044 2975 1174 3030 rictorem

63 3056 125 3109 sein
142 3056 184 3110 his
202 3070 272 3122 qnae
291 3063 417 3123 coeperat
435 3055 640 3118 demonstraret,
659 3071 708 3122 per
724 3054 840 3108 fomlam
853 3053 990 3122 episcopos
1003 3070 1067 3109 suae
1081 3055 1174 3108 volnu-

64 3136 106 3188 tati
129 3137 287 3190 resistentes
314 3135 469 3190 obsistendo
493 3135 698 3203 distringeret.“
736 3135 855 3188 Annales
880 3134 914 3187 ad
938 3151 962 3188 a.
988 3133 1054 3199 869;
1083 3135 1173 3198 Perta,

127 3308 144 3372 ¹)
164 3305 233 3371 ,Sed
257 3305 340 3359 aliter
364 3304 399 3358 ab
423 3304 515 3358 eodem
540 3319 610 3371 papa
636 3309 665 3357 et
689 3303 817 3357 Romanis
843 3303 918 3357 fuere
943 3303 1087 3370 disposita:
1112 3319 1174 3358 nam

64 3382 121 3438 iden
137 3385 261 3453 pentilex
280 3385 435 3439 Formosum
455 3384 606 3452 episcopum
632 3389 660 3436 et
680 3383 763 3437 alium
782 3383 867 3437 etiam
886 3399 945 3437 eum
964 3397 995 3436 eo
1014 3383 1173 3450 episcopum,

64 3462 87 3516 in
102 3464 144 3520 has
161 3465 313 3521 Galliarum
332 3471 425 3533 partes
442 3464 589 3518 mittendos
608 3463 747 3531 disposuit,
768 3468 799 3516 nt
817 3479 876 3516 enm
895 3463 1055 3530 pluralitate
1074 3463 1173 3530 episeo-

65 3555 142 3607 lorun
160 3547 193 3600 de
211 3545 254 3600 luis
273 3559 342 3612 qnae
356 3543 500 3598 Letharius
519 3544 630 3612 petebat
649 3549 808 3605 tractarent,
828 3549 856 3597 et
875 3543 915 3597 illi
934 3543 1063 3597 kalendas
1080 3543 1172 3597 martii

65 3635 121 3686 qnae
143 3626 256 3680 iuterna
281 3625 372 3678 forent
405 3625 434 3678 in
458 3626 560 3691 synode
584 3624 787 3688 renuntiarent,
819 3627 910 3689 quam*
926 3624 1025 3676 Romae
1053 3623 1082 3676 in
1107 3622 1173 3691 ipsis

66 3700 170 3759 kalendis
193 3705 286 3760 munii
319 3705 506 3768 denuntiarit,
535 3719 587 3770 quo
618 3705 701 3759 etiam
726 3710 843 3769 quatuor
866 3703 1003 3772 episcopos
1030 3718 1064 3757 ex
1089 3717 1173 3771 regno

67 3781 187 3850 ludovici,
206 3785 281 3854 regie
301 3783 469 3849 Gennaniaa,
488 3800 548 3838 eum
567 3785 651 3851 ipsius
670 3782 783 3852 legatis,
794 3789 831 3853 ‘et
850 3789 967 3849 quatuor
986 3783 1122 3850 episcopos
1140 3797 1173 3836 aa

67 3875 136 3930 reguo
153 3865 240 3920 caron
260 3881 319 3918 enm
339 3863 397 3931 ejus
417 3866 524 3933 legatia,
545 3871 573 3918 at
593 3865 720 3930 quosdam
739 3863 876 3931 episcopos
895 3878 928 3917 ex
948 3879 1032 3931 regne
1048 3862 1172 3918 Letharii

66 3943 170 4007 epismlis
194 3945 250 3998 suia
275 3943 326 3998 hae
345 3944 498 4000 conditione
517 3945 609 4000 venire
634 3943 784 4012 praecepit,
812 3949 930 4009 atquae
955 3943 983 3996 iu
1001 3943 1104 4011 synodo
1129 3944 1172 3998 sel

67 4024 228 4079 ammiranda
246 4023 291 4078 rel
309 4024 430 4093 gerenda
449 4024 553 4088 forent,
573 4025 601 4078 in
621 4024 741 4092 personis
760 4023 874 4077 aliorum
892 4021 1096 4088 confirmarent,
1115 4027 1172 4076 tam

67 4113 94 4154 ex
114 4105 315 4159 oecidentalibna
340 4104 463 4173 partibus
493 4120 573 4171 quam
598 4121 631 4159 ex
656 4103 842 4159 orientalibus.
879 4101 956 4158 Unde
984 4103 1078 4158 missos
1102 4119 1172 4167 suos,

68 4195 122 4244 ques
146 4200 226 4253 nuper
253 4185 519 4253 Oomtantinopolim
552 4201 600 4254 pro
628 4184 800 4239 contentione
833 4198 913 4249 quarn
940 4183 1085 4238 orientales
1112 4199 1172 4238 eum

68 4257 162 4317 Nieelae
178 4281 246 4334 papa
265 4265 408 4329 habebant,
428 4266 548 4327 miserat,
568 4271 633 4320 time
652 4271 781 4319 venturos
798 4262 950 4332 sperabat.“
989 4263 1100 4319 ibidem.

1211 705 1311 748 Remea.
