2922 4832
293 461 345 516 164
541 459 601 514 XX.
621 458 845 516 1111111111111.
864 459 1204 516 1111111111111111111.

129 607 215 650 ³b¹²⁸¹¹⁸
231 619 278 658 1³¹⁰*
384 605 436 669 13.
485 603 648 686 Quamvis
671 612 782 668 autem
805 602 905 689 plane
922 602 1063 669 indubia
1086 613 1186 690 atque
1202 615 1315 690 aperta
1328 615 1392 668 esset

141 678 274 784 msa..
293 704 329 767 in
351 702 503 768 Ecclesia
535 701 638 767 latina
662 700 880 767 saluberrima
904 701 1086 766 coelibatus
1109 701 1182 786 lex,
1215 713 1323 768 tamen
1342 726 1392 768 sae

293 799 366 864 culo
391 821 478 866 nono
508 799 701 864 sedecimo
733 800 995 864 incontinentiae
1026 801 1129 886 pestis
1162 803 1268 885 magis
1300 804 1391 886 magis·

292 920 356 984 que
380 900 522 984 irrepsit,
547 907 646 983 atque
671 899 706 962 11
730 896 843 979 Italia,
875 899 909 962 11
934 895 1133 980 Germania,
1168 901 1203 962 in
1227 897 1344 984 Anglia
1370 909 1393 962 et

291 994 401 1060 Gallia
424 1019 459 1060 se
483 997 691 1082 propagavit.
716 995 762 1060 Ut
786 1017 864 1058 vero
889 997 1077 1060 accuratius
1101 995 1312 1082 intelligatur,
1334 1019 1393 1083 qua·

289 1092 330 1158 111
352 1094 453 1158 fuerit
468 1103 572 1158 status
588 1115 697 1156 rerum
722 1094 925 1156 miserrimus
941 1093 975 1157 in
1000 1095 1040 1158 iis
1057 1092 1213 1178 ecclesiia,
1238 1097 1274 1159 in
1298 1095 1395 1181 quibus

290 1191 372 1256 tales
395 1191 519 1256 abusus
543 1189 803 1272 invalescebant,
829 1201 954 1277 quanta
971 1213 1050 1256 vero
1065 1191 1144 1256 inde
1168 1191 1246 1256 cleri
1272 1193 1393 1279 abjectio

290 1300 498 1374 sequeretur,
531 1299 563 1353 et
595 1311 694 1375 quam
720 1287 856 1352 difficile
889 1287 989 1352 fuerit
1013 1291 1133 1353 vitium
1151 1289 1224 1376 jam
1247 1301 1394 1354 assuetum

290 1387 469 1468 eradicare,
495 1395 717 1472 opportunum
741 1387 804 1450 erit
827 1385 882 1449 hic
907 1387 1146 1472 inexemplum
1171 1389 1343 1474 peculiaris
1357 1409 1395 1452 se-

290 1482 410 1548 clesiae
445 1485 669 1549 conditionem
701 1483 870 1569 aliquanto
909 1487 1097 1550 accuratius
1132 1508 1309 1573 exponere.
1357 1486 1395 1550 Fa

289 1583 391 1666 igitur
413 1582 611 1664 referemus,
645 1604 730 1668 quae
763 1581 803 1646 de
836 1591 924 1646 statu
957 1581 1117 1648 ecelesiae
1141 1583 1351 1666 Veronensis,
1371 1585 1396 1646 in

290 1701 356 1766 qua
374 1679 447 1764 jam
472 1678 587 1743 ultimo
612 1679 721 1744 medio
746 1677 869 1742 saeculi
901 1678 1022 1744 decimi
1054 1679 1137 1744 haec
1171 1680 1249 1745 cleri
1280 1681 1397 1748 inconti-

291 1779 405 1842 nentia
427 1775 668 1864 praevaluerat,
694 1775 894 1860 colliguntur
918 1799 961 1840 ex
984 1777 1139 1864 operibus
1161 1779 1310 1844 Ratherii
1332 1779 1397 1864 epis

293 1876 378 1960 copi,
403 1875 459 1960 qui
484 1876 558 1938 nisu
582 1876 674 1939 inani
700 1884 816 1938 eontra
839 1873 964 1938 malum
988 1875 1071 1940 illud
1099 1880 1274 1961 pugnavit.
1321 1877 1397 1958 Quae

294 1972 357 2036 ista
380 1973 421 2036 de
444 1995 480 2036 re
504 1973 573 2058 ipse
597 1971 773 2036 Ratherius
796 1971 912 2054 tradit,
941 1976 1134 2058 praesertim
1159 1977 1193 2040 in
1217 1977 1291 2062 ejus
1313 1974 1398 2061 operi·

293 2070 355 2134 bus
379 2070 417 2134 de
446 2067 629 2156 Contempta
653 2093 807 2134 canonum
830 2075 872 2153 (a.
897 2069 976 2156 964)
1008 2083 1041 2135 et
1073 2073 1111 2136 de
1134 2074 1310 2139 Discordia
1331 2077 1399 2138 iuter

294 2169 479 2232 Ratberium
502 2179 532 2232 11
554 2169 683 2232 clericos
707 2169 750 2254 (a.
775 2167 854 2254 968)
879 2170 1137 2256 inveniuntur.¹)

382 2303 433 2368 14.
473 2303 551 2367 Jam
566 2301 644 2366 inde
668 2301 710 2366 ab
731 2303 825 2366 initio
843 2304 1054 2388 episcopatus
1070 2306 1121 2368 sui
1145 2307 1189 2386 (a.
1214 2305 1306 2386 931),
1329 2305 1400 2366 inter

290 2399 484 2464 Ratherium
508 2410 541 2464 et
564 2399 700 2464 clericos
716 2400 924 2464 Veronenses
948 2400 1125 2466 dissidium
1140 2403 1258 2485 viguit,
1283 2412 1401 2488 propter

290 2499 455 2564 diversam
480 2499 678 2563 sententiam
709 2497 751 2562 de
783 2521 948 2564 canonum
971 2521 1012 2562 ac
1040 2499 1235 2585 disciplinae
1260 2501 1396 2564 observa·

288 2600 388 2678 tione,
414 2618 513 2683 quam
537 2596 713 2660 Rathorius
737 2597 885 2680 urgebat,
915 2595 1027 2661 clerici
1051 2607 1255 2684 opponentes
1278 2617 1398 2662 consue·

288 2695 421 2760 tudines
444 2717 520 2760 suas
544 2697 676 2780 penitus
701 2693 931 2780 negligebant3
966 2719 1035 2759 eum
1057 2693 1123 2775 illi,
1154 2698 1202 2760 ait
1223 2695 1397 2768 Ratbcriua,

288 2815 410 2880 semper
439 2793 692 2858 cousuetudinem
724 2803 953 2858 autecessorum
987 2793 1191 2879 pontificibus
1213 2795 1282 2858 suia
1315 2797 1398 2858 iacu-

288 2904 397 2956 caute-r
419 2891 601 2970 rebellium,
635 2893 753 2955 11111111
778 2902 808 2956 11
831 2915 852 2954 a
874 2892 943 2956 Deo
971 2893 1105 2956 dometis
1122 2893 1339 2978 praetrelm'ut
1358 2913 1398 2952 oo·

287 2989 436 3068 nauibus,
468 3011 522 3075 epo
547 2999 672 3053 sanctos
703 2999 732 3052 et
762 3013 784 3052 a
806 2989 875 3052 Deo
905 2989 1044 3054 decretos
1072 3012 1207 3054 canones
1238 3015 1260 3054 a
1283 2987 1398 3054 diabolo

288 3091 425 3154 iaceatis
451 3087 685 3173 prareferendoa
704 3089 887 3173 putaverim
909 3087 1059 3173 11111111)
1107 3089 1276 3153 Maximus
1300 3097 1398 3152 autem

288 3187 413 3254 abusus
436 3197 507 3250 erat
534 3185 728 3251 elericorum
751 3183 980 3264 mulierositas,
1011 3209 1110 3272 quam
1134 3186 1199 3250 late
1223 3198 1257 3250 ct
1279 3185 1399 3273 publice

288 3293 491 3370 grassantem
519 3283 596 3348 dein
621 3282 672 3346 bis
696 3283 808 3346 verbis
831 3284 1006 3369 episcopus
1030 3283 1192 3369 explicat:
1231 3283 1400 3348 Prohibitus

288 3385 371 3447 enim
394 3385 429 3447 iu
453 3383 602 3446 Nicaeae
625 3381 744 3468 19110111
760 3381 906 3446 mulieres
930 3393 995 3446 tam
1018 3381 1321 3447 consuetudinaliter
1336 3391 1400 3442 taat-

287 3503 346 3568 que
363 3480 492 3568 publiea
515 3480 644 3558 labere,
678 3491 743 3542 tam
766 3481 988 3566 parvipensa
1011 3481 1075 3544 Dei
1097 3491 1128 3544 et
1149 3481 1307 3544 domiuum
1328 3499 1400 3540 reor·

288 3581 411 3658 realia,
445 3579 514 3664 apso
538 3599 656 3664 queque
681 3579 789 3641 1111111
811 3579 969 3664 paleariae
997 3581 1032 3642 iu
1067 3589 1189 3643 tautum
1216 3577 1399 3664 posthabito,

288 3689 324 3742 ut
341 3688 456 3763 puteat
480 3677 559 3740 adeo
574 3676 652 3760 fieri
674 3699 738 3739 noa
761 3677 851 3740 modo
876 3675 980 3756 licere,
1003 3677 1059 3742 aed
1081 3679 1177 3740 etiam
1200 3687 1352 3762 oportere,
1373 3681 1401 3734 ut

288 3797 377 3840 uemo
401 3776 456 3840 boe
474 3776 589 3861 faeere
625 3775 772 3838 devitans
801 3775 948 3840 uideatur
971 3777 1016 3840 eia
1046 3777 1183 3861 pessimo
1217 3773 1293 3852 illo,
1328 3769 1401 3858 quod

366 4017 384 4082 ¹)
404 4015 519 4070 Erudite
544 4013 610 4068 haec
628 4019 801 4082 exponuntur
819 4013 852 4066 ab
871 4012 1020 4068 editoribus
1043 4029 1153 4082 eperum
1171 4013 1310 4080 liutharii,
1328 4011 1400 4066 Petro

290 4101 319 4152 et
338 4095 501 4163 Hieronymo
519 4093 659 4160 Ballerini,
678 4093 708 4148 in
735 4094 796 4148 Vita
808 4094 935 4148 111111111ιῖ
954 4092 1012 4162 ejus
1025 4093 1133 4176 sopiptis
1151 4095 1299 4164 praemissa
1311 4089 1400 4166 §.Xlt

290 4191 371 4242 quam
390 4175 583 4243 expositionem
601 4175 745 4243 sequimur.

364 4255 385 4322 ²)
406 4255 543 4309 Discordia
562 4273 588 4312 1.
610 4258 638 4324 l,
659 4253 783 4310 Rathsrii
801 4253 889 4324 Opera
907 4253 956 4310 col.
974 4255 1036 4312 486.
