2932 4836
305 479 357 533 288
462 477 537 536 XVI.
575 477 679 534 Causae
697 477 813 534 celebres
831 483 861 532 et
879 478 1033 533 Deorsmlss
1050 477 1272 535 Pseudo-Isidori.

305 621 508 686 Soromenus
541 641 616 685 oum
648 620 751 686 trudit
772 621 812 686 L.
836 620 899 685 III.
923 643 951 686 c.
979 623 1036 702 10,
1064 643 1129 708 pro
1159 623 1262 688 iri-itis
1283 621 1410 688 labendo

305 742 380 798 esse,
405 741 483 806 quac
498 729 630 804 praeter
645 719 831 784 septantam
847 721 988 807 episcopi
1003 722 1142 784 Romani
1155 719 1286 806 fitert'm
1298 721 1410 808 postest)

396 817 448 880 77.
472 814 678 900 Ampliorem
704 817 838 902 quidem
863 817 896 880 hi
922 819 1098 903 scriptores
1116 817 1199 884 Julii
1223 819 1333 884 verbis
1353 841 1410 883 sen·

306 937 378 980 sum
402 913 594 999 subjiciunt,
620 935 719 999 quam
743 914 807 978 ista
829 935 909 1000 prae
932 937 967 979 se
990 916 1109 981 ferunt.
1149 915 1293 1002 Colliges
1315 925 1410 980 ιιιιιιι

305 1037 348 1078 ex
371 1013 479 1094 hisce,
510 1010 641 1075 saeculo
665 1021 782 1099 quarto
815 1022 848 1076 et
871 1015 986 1098 quinto
1021 1012 1103 1078 illud
1125 1015 1327 1100 principium
1353 1015 1411 1099 jam

305 1111 459 1191 valuisse,
483 1109 522 1174 da
545 1110 679 1194 περοιίἰι
702 1112 834 1199 majoris
856 1113 1003 1174 ιιοιιιιιιι·
1026 1111 1071 1174 ad
1087 1110 1199 1176 Sortem
1212 1111 1412 1199 Apostoliccu

303 1207 506 1296 reformidem
529 1227 612 1286 stoa,
645 1216 824 1293 antequam
854 1208 936 1294 quid
959 1208 1134 1275 definitiva
1161 1213 1290 1276 ratione
1320 1209 1413 1274 decer·

305 1316 417 1386 natur3
442 1305 574 1370 decreta
597 1304 732 1390 majoris
755 1308 913 1370 momenti
938 1308 973 1371 in
997 1308 1134 1391 synodis
1156 1309 1245 1373 facta
1269 1311 1338 1372 vim
1359 1329 1413 1372 non

304 1403 444 1486 habere,
477 1403 543 1466 nisi
565 1424 587 1466 a
610 1399 695 1466 Sede
719 1402 912 1488 Apostolica
936 1404 1188 1487 confirmentur,
1220 1405 1413 1491 synodosque

306 1512 421 1567 contra
452 1499 658 1564 voluntatem
689 1500 728 1566 R.
760 1501 932 1566 Pontidois
964 1502 1124 1568 celebrari
1157 1523 1223 1569 non
1256 1525 1360 1590 posse.
1380 1539 1413 1550 —

306 1585 411 1666 Plane
443 1597 565 1663 similia
586 1599 752 1682 principia
785 1599 976 1686 similesque
999 1600 1133 1686 regulae
1164 1601 1363 1686 colliguntur
1382 1623 1414 1665 cx

305 1696 445 1784 epistola
458 1694 580 1760 XXIX
595 1695 780 1759 Innocentn
793 1697 809 1759 I
825 1697 867 1760 ad
884 1697 1056 1783 episcopos
1070 1696 1341 1784 carthaginensis
1355 1721 1414 1762 oon

306 1795 405 1883 cilii2)
428 1804 524 1858 etex
539 1794 646 1857 Actia
666 1791 833 1859 Consilii
850 1793 1180 1876 Cltulccdoneoais,
1196 1799 1395 1876 Aetioucl,
1388 1819 1414 1860 ιι

306 1915 408 1958 cansa
422 1891 587 1972 Dioscori,
613 1891 667 1954 oui
691 1913 712 1956 ι
725 1891 855 1956 Lucido
879 1891 986 1977 legato
1002 1893 1098 1959 Sedis
1113 1894 1328 1980 Apostolicae
1340 1895 1416 1959 locus
1455 1903 1456 1954 l

306 1994 340 2056 in
355 1989 490 2076 Synodo
510 1998 690 2070 recusatur,
711 1992 787 2075 quio
801 1991 954 2078 synodum
973 1990 1127 2078 (Ephesi)
1147 2015 1244 2058 ausas
1260 2006 1309 2059 est
1318 1995 1416 2081 socero
1455 1969 1456 2028 l

305 2093 373 2154 siaa
398 2089 586 2153 amtordtatc
603 2085 696 2152 Sedis
711 2087 925 2175 Apostolioae,
949 2090 1033 2175 qaod
1054 2113 1215 2230 ιιιιιᾳιιιιιι
1229 2089 1331 2170 licuit,
1352 2113 1416 2154 nou·

260 2209 399 2341 lnquina
414 2185 543 2272 factum
566 2195 621 2248 ast.

395 2283 447 2350 78.
492 2282 583 2346 Dum
617 2303 697 2346 vero
732 2283 767 2346 in
796 2283 948 2348 Pseudo·
959 2225 1192 2351 Decretalibus
1227 2289 1415 2363 conductus,

213 2313 443 2470 ηᾐζῃιψιοιίοι
481 2402 546 2444 noo
579 2401 675 2466 posce
709 2379 864 2445 celebrari
901 2384 970 2447 sinc
1005 2403 1156 2448 comum
1188 2387 1229 2450 R.
1258 2384 1419 2466 Poon'fio't,

306 2481 341 2545 id
366 2478 490 2564 duplici
520 2476 617 2542 modo
641 2477 780 2562 intelligi
809 2489 926 2564 potest.
973 2479 1035 2544 Vel
1060 2482 1120 2562 ita,
1153 2481 1242 2567 quod
1271 2502 1339 2546 nos
1360 2502 1419 2567 pos·

307 2581 373 2642 sint
400 2575 575 2656 celebrari,
610 2577 710 2640 etiam
744 2575 885 2642 concilis
912 2577 1145 2663 provinoiclis,
1178 2593 1293 2646 couno
1321 2579 1419 2644 volun·

307 2686 408 2740 tatem
431 2673 643 2758 Apostolicae
671 2672 783 2756 Sedis,
819 2674 908 2760 quod
937 2697 1049 2740 eorum
1077 2677 1204 2742 deomta
1230 2679 1330 2744 irrita
1356 2679 1418 2742 sint

307 2776 334 2840 si
359 2797 380 2838 a
402 2773 487 2839 Sede
511 2770 703 2856 Apostolica
730 2772 939 2858 rejiciantur,
972 2773 1127 2860 quodque
1151 2777 1280 2840 decreto
1302 2775 1420 2866 majoris

307 2873 454 2936 momenti
485 2867 656 2952 indigeant
679 2869 913 2952 confirmations
943 2869 1042 2958 hujus
1066 2871 1172 2938 Sedis.
1219 2873 1327 2960 Atrpni
1351 2873 1419 2937 hoec

310 2968 475 3056 principia
501 2966 572 3050 jam
596 2977 674 3031 ante
697 2967 888 3032 Decretales
911 2969 1054 3034 Pseudo·
1055 2969 1174 3035 Isidori
1203 2973 1320 3056 agnita
1342 2973 1419 3035 inve·

314 3095 445 3106 W·

383 3137 478 3204 ¹)Cfr.
498 3137 642 3194 Dissertat
663 3145 683 3194 t
703 3137 740 3194 H.
760 3157 785 3208 p.
806 3141 841 3194 20
859 3157 914 3210 sqq.
1454 3075 1455 3180 l

382 3219 436 3286 ⁹„)
440 3219 473 3272 In
491 3217 659 3286 requirendis
678 3219 728 3274 Dei
747 3219 838 3285 rebus,
864 3236 930 3287 quas
949 3220 1021 3278 omni
1040 3237 1098 3275 cum
1117 3221 1303 3279 sollicitudine
1322 3223 1420 3278 deceta

283 3325 284 3328 ¹
309 3297 506 3362 sacerdotibus,
531 3297 648 3353 maxine
671 3315 736 3353 vero
762 3314 861 3354 avere
882 3301 1010 3368 justoque
1035 3307 1063 3355 et
1081 3303 1213 3358 catholico
1238 3304 1353 3358 tractari
1371 3317 1420 3356 con·

309 3382 378 3446 cilio,
397 3379 527 3446 autiquae
545 3377 702 3434 traditionis
720 3381 842 3448 exempla
860 3387 1013 3447 servantes,
1037 3389 1066 3436 et
1084 3383 1284 3439 ecclesiasticae
1304 3395 1422 3439 memores

309 3459 473 3528 ‹dscipliuau
487 3461 595 3513 vestrae
605 3459 745 3528 religionis
755 3461 878 3530 rigorem
892 3477 945 3518 non
954 3462 1042 3517 minus
1051 3475 1123 3517 nnnc
1132 3464 1161 3518 in
1170 3464 1341 3529 complendo,
1353 3477 1422 3532 quan

309 3549 470 3598 ontearum
488 3537 715 3605 pronuntiaretis,
733 3556 800 3595 vera
818 3541 924 3597 ratione
942 3541 1084 3610 firmastis,
1103 3543 1149 3612 qui
1167 3544 1201 3598 ad
1219 3549 1345 3600 nostrum
1362 3540 1421 3598 rela-

310 3621 420 3678 rendum
440 3615 609 3686 approbastis
628 3635 686 3674 csse
702 3621 849 3688 judicium,
878 3621 993 3676 scientes
1013 3622 1077 3691 quid
1095 3624 1259 3691 apostolicae
1276 3623 1349 3688 sedi,
1372 3637 1421 3676 cum

310 3717 400 3756 omnes
419 3696 542 3752 hocloco
561 3697 644 3766 positi
662 3699 748 3769 ipsum
768 3701 843 3767 sequi
862 3701 1042 3756 desideremus
1061 3704 1233 3770 Apostolum,
1252 3703 1393 3759 debeatur.
1409 3717 1423 3752 ι

311 3797 362 3849 qno
380 3781 438 3848 ipsc
456 3777 626 3846 episcopatus
645 3785 673 3832 ct
691 3785 752 3834 tota
770 3783 919 3836 auctoritas
938 3781 1053 3836 nominis
1071 3783 1152 3854 hujus
1171 3784 1288 3839 emersit.
1311 3825 1357 3840 ...
1379 3779 1421 3833 Vel

311 3862 338 3916 id
356 3877 428 3924 vero,
446 3855 517 3925 quod
534 3861 643 3924 patrum
662 3859 793 3916 instituto
811 3862 971 3916 ssosrdotali
989 3859 1078 3917 ottloio
1096 3865 1282 3918 custodientes
1301 3879 1353 3918 non
1371 3875 1422 3916 cst·

311 3943 377 3998 setis
401 3955 459 3996 asso
478 3936 619 4002 witardo,
644 3941 714 4006 quod
740 3940 780 3996 illi
798 3958 852 3996 non
870 3941 1002 4007 humens,
1029 3943 1077 3998 sed
1095 3943 1189 4000 diviua
1205 3945 1349 4000 decrevere
1371 3955 1421 3996 seu·

311 4023 414 4086 tentia,
439 4026 471 4076 ut
490 4016 619 4086 quidquid
645 4021 767 4086 quamvis
792 4021 824 4076 de
843 4021 985 4091 disjunctis
1010 4023 1174 4092 remotisque
1197 4025 1344 4094 provinciis
1368 4035 1420 4090 agt-

311 4110 400 4167 retur,
419 4117 472 4155 non
491 4097 565 4166 prius
585 4098 713 4154 ducerent
732 4101 892 4168 finiendum,
915 4102 968 4158 nisi
987 4102 1021 4156 ad
1039 4102 1120 4174 huius
1138 4103 1209 4159 sedis
1228 4105 1354 4160 notitiam
1371 4115 1420 4172 ptr·

312 4183 431 4246 veniret,
456 4187 489 4235 ut
508 4183 567 4232 tota
591 4182 672 4250 hujus
691 4181 856 4236 anctoritate
878 4181 954 4252 justa
980 4197 1048 4250 quoe
1073 4181 1158 4239 tuerit
1177 4184 1362 4253 pronuntiatio
1385 4181 1420 4233 fir·

311 4265 455 4318 mereunt
476 4279 501 4317 n.
523 4263 544 4316 1.
566 4263 707 4328 Constant,
726 4263 794 4330 Epp.
813 4261 871 4319 RR.
891 4263 944 4320 PP.
964 4277 990 4331 p.
1010 4263 1073 4318 888.
