3054 4834
317 490 369 542 366
598 491 688 546 xxss.
708 491 901 545 Controversia
919 491 953 545 de
970 491 1155 545 Investitaris.

409 635 458 698 11,
491 634 562 698 Rex
577 655 636 718 per
649 633 776 720 aliquot
789 655 896 698 annos
914 633 1008 700 bellis
1031 643 1064 698 et
1088 635 1279 698 domesticis
1304 636 1441 718 negotiis

317 732 468 796 detentus
491 732 555 796 fuit
577 732 620 796 ab
645 733 763 796 itinere
783 732 932 796 Romano
956 732 1179 818 suscipiendo,
1204 753 1245 796 ac
1268 743 1442 817 propterca

316 830 486 894 Pascbalis
512 827 719 914 indulgentia
744 832 777 894 in
802 851 877 894 eum
903 853 981 894 119119
1005 842 1063 895 est.
1094 832 1193 895 Anno
1217 841 1331 895 autem
1359 831 1441 893 litu

315 929 481 992 Henriens
504 928 535 990 V
567 951 600 992 se
632 928 674 991 ad
698 929 944 1014 expeditionem
970 929 1165 1010 Romanam,
1197 941 1237 991 nt
1259 929 1443 1013 Imperator

315 1036 536 1108 coronaretur,
560 1027 717 1108 accinxit,
743 1038 775 1090 et
798 1028 861 1090 ista
885 1026 925 1090 de
949 1048 984 1089 re
1008 1028 1227 1111 interipsum
1251 1035 1285 1090 et
1309 1027 1442 1090 Pontifi-

315 1146 386 1188 cem
419 1133 532 1188 actum
560 1133 618 1188 est.
666 1123 810 1189 Decreta
834 1133 948 1188 contra
973 1126 1187 1188 investituras
1209 1123 1388 1188 Paschalis
1411 1125 1442 1188 19

314 1221 440 1307 synodo
473 1223 690 1287 Lateranensi
729 1223 783 1287 1119
810 1225 827 1287 7
852 1223 962 1286 Martii
999 1245 1029 1288 a.
1057 1222 1144 1286 1110
1165 1225 1362 1306 renovavit,
1400 1225 1445 1285 ita

314 1322 507 1406 Imperatori
537 1323 617 1384 satis
648 1322 858 1404 significans,
893 1323 1018 1406 ipsum,
1052 1323 1114 1384 nisi
1148 1323 1361 1385 renuntiaret
1400 1324 1442 1384 in·

314 1421 493 1500 vestituris,
518 1439 672 1482 coronam
690 1420 825 1503 Imperii
850 1429 1079 1504 suscepturum
1105 1439 1171 1484 non
1195 1441 1277 1483 esse.
1326 1419 1445 1482 Mense

167 1535 280 1585 saunas
314 1515 466 1600 Augusto
490 1518 568 1580 anni
597 1519 683 1580 1110
706 1517 953 1602 expeditionem
982 1519 1015 1580 in
1042 1517 1172 1581 ltaliam
1196 1517 1371 1582 Henrieus
1400 1521 1446 1582 in-

143 1603 261 1716 ΠἛῚ
280 1606 303 1646 ⁵¹¹
313 1618 410 1699 cepit,
436 1617 613 1700 superioris
637 1615 753 1680 Italiae
776 1625 887 1702 partes
909 1614 1049 1678 rebelles
1080 1615 1143 1679 sibi
1168 1615 1334 1694 submisit,
1372 1617 1444 1680 Flo·

241 1705 246 1716 '
311 1715 435 1776 1991199
459 1713 603 1794 divertit,
628 1724 728 1799 atque
752 1713 831 1778 inde
854 1723 1002 1798 tempore
1019 1711 1154 1776 hiemali
1168 1733 1283 1776 versus
1298 1711 1443 1777 Romam

312 1833 387 1874 curm
413 1813 517 1896 copiis
542 1813 609 1875 suis
632 1803 800 1896 profectus
823 1821 880 1876 est.
907 1847 946 1858 -
975 1810 1087 1890 Quum
1112 1809 1247 1874 Aretias
1269 1813 1442 1896 pervenis·

311 1919 368 1992 set,
403 1909 540 1973 Romam
575 1909 664 1972 misit
695 1909 818 1994 legatos
843 1931 919 1972 cum
944 1907 1061 1972 litteris
1084 1907 1128 1972 ad
1152 1909 1254 1988 cives,
1284 1921 1440 1972 senatum

310 2031 350 2070 ac
374 2008 581 2088 Pontificem,
607 2017 639 2070 et
662 2031 681 2071 a
706 2007 858 2071 Paselrali
882 2007 917 2070 II
941 2006 1067 2092 aliquot
1091 2027 1243 2092 proceres
1264 2029 1308 2070 ac
1332 2007 1439 2092 digni·

310 2105 385 2168 tarii
410 2106 579 2169 constituti
604 2115 690 2186 sunt,
719 2107 776 2191 qui
802 2127 876 2169 curn
902 2105 1020 2188 legatis
1043 2105 1257 2190 Imperatoris
1282 2105 1326 2169 de
1351 2127 1440 2170 core

310 2206 445 2267 natione
468 2213 614 2282 agerent.
1051 2219 1057 2232 ·

400 2401 451 2463 15.
499 2399 618 2479 Quum*
644 2398 816 2463 Pontificis
846 2397 1013 2484 deputati,
1056 2419 1197 2484 quorum
1231 2410 1335 2484 capnt
1368 2412 1435 2462 erat

308 2497 425 2560 Petrus
449 2498 571 2562 Leonis
604 2496 724 2561 nobilis
748 2497 927 2576 Romanus,
961 2496 1192 2581 postulassent,
1225 2509 1260 2559 ut
1294 2518 1358 2560 rex
1391 2499 1436 2560 in-

309 2598 486 2659 vestituras
510 2595 700 2677 dimitteret,
732 2597 825 2658 missi
849 2597 936 2679 regis
959 2605 1187 2680 reposuerunt,
1212 2594 1247 2658 id
1271 2595 1346 2659 lieri
1372 2617 1434 2660 non
1517 2601 1518 2640 1

308 2715 403 2779 posse
434 2693 475 2757 ob
507 2692 611 2758 multa
641 2692 742 2756 feuda
773 2701 805 2756 et
835 2692 969 2775 regalia,
1002 2696 1146 2777 quaein
1172 2693 1330 2756 manibus
1356 2697 1436 2778 epis·

309 2813 465 2878 caporum
490 2801 592 2856 erant.
641 2792 726 2854 Tum
751 2791 923 2860 Pontifieis
948 2791 1095 2876 deputati
1119 2805 1379 2876 proposuerunt,
1404 2805 1440 2853 nt

309 2889 475 2976 praesules
510 2891 622 2954 omnia
652 2888 753 2953 feuda
784 2899 816 2952 91
839 2888 964 2973 regalia
986 2891 1056 2974 regi
1085 2887 1251 2968 cederent,
1285 2891 1438 2952 contenti

229 3067 234 3079 Ι
307 2987 437 3052 allodiis
461 2987 685 3060 ecelesiarum,
718 2985 942 3050 oblationibus
966 2986 1125 3069 fidelium,
1158 2995 1191 3050 et
1213 2987 1440 3071 proventibus

308 3086 544 3152 benetie-iorum
570 3107 655 3171 quae
680 3083 828 3148 eeclesiis
851 3087 984 3170 propria
1008 3095 1113 3165 erant,
1146 3093 1248 3168 utque
1271 3103 1312 3147 eo
1338 3097 1439 3169 pacto
1517 3129 1518 3150 1

306 3207 365 3248 rex
390 3186 432 3249 ab
457 3186 654 3248 investitura
678 3183 857 3260 desisteret,
890 3195 924 3246 et
956 3182 1133 3246 electiones
1156 3181 1282 3245 liberae
1313 3199 1437 3246 essent.
1517 3229 1518 3240 2

134 3280 382 3348 p‘'0¹²²‘¹¹⁸⁰⁰³·Hoc
405 3283 562 3348 videlieet
584 3279 765 3358 Paschalir,
798 3280 969 3365 apostolici
995 3281 1069 3360 viri,
1095 3291 1164 3344 erat
1188 3280 1369 3344 consilinm
1395 3280 1435 3344 ad
1517 3321 1518 3340 1

176 3353 255 3395 *mm
308 3381 556 3446 inextricabiles
580 3381 621 3444 de
645 3379 851 3442 investituris
875 3378 1088 3442 difficultates
1112 3377 1300 3443 solvendas.
1351 3377 1437 3444 Cen·
1517 3393 1518 3396 ’

306 3480 408 3560 sebat,
441 3481 551 3565 potins
582 3499 652 3542 esse
687 3487 723 3540 ut
754 3477 922 3561 praesules
952 3489 985 3541 et
1008 3475 1166 3540 ecclesiae
1190 3479 1382 3561 provinciis
1405 3491 1435 3539 et

305 3577 489 3642 latifundiis
513 3574 586 3656 illis,
613 3575 740 3640 divitiis
764 3583 863 3659 atque
888 3574 1078 3653 honoribus,
1103 3595 1189 3660 quae
1206 3573 1382 3639 extendis
1404 3591 1435 3638 et

304 3674 471 3759 regalibus
501 3673 752 3758 proveniebant,
788 3673 1054 3748 destituerentur,
1089 3684 1192 3759 utque
1217 3676 1436 3759 pauperiores

304 3773 450 3859 quidem,
475 3772 533 3836 sed
558 3773 702 3835 servitiis
718 3772 817 3836 etiam
835 3771 1058 3836 saecularibus
1075 3771 1181 3852 liberi,
1205 3771 1434 3836 ecclesiastica

303 3881 432 3935 tantum
463 3879 658 3934 tractarent:
700 3891 798 3956 quam
830 3881 867 3934 ut
895 3871 1112 3934 investiturae
1144 3883 1176 3933 91
1205 3870 1434 3954 dependentia

304 3968 434 4034 servilis
472 3968 685 4032 ecclesiarum
728 3970 948 4053 persisterent.
996 3967 1077 4032 Erat
1111 3979 1220 4032 autem
1263 3967 1429 4050 ejusmodi

304 4066 475 4132 consilium
502 4066 605 4132 nobili
633 4065 777 4152 quadam
801 4068 925 4151 pictate
950 4067 1091 4144 insigne,
1116 4077 1149 4129 et
1172 4063 1334 4129 Pontifice
1360 4065 1430 4148 dig-

303 4187 401 4246 num3
442 4165 499 4228 sed
532 4167 643 4228 minus
677 4175 841 4228 versatum
879 4165 1004 4228 dixeris
1036 4164 1136 4228 sivisse
1166 4161 1366 4228 Pascbalem
1394 4165 1426 4226 in

303 4265 444 4346 negotiis
476 4261 597 4326 saeculi
629 4260 821 4338 tractandis,
858 4264 1034 4349 minasque
1074 4263 1267 4347 cognovisse
1304 4273 1424 4325 statum
