<?xml version="1.0" encoding="UTF-8"?>
<!DOCTYPE html PUBLIC "-//W3C//DTD XHTML 1.0 Transitional//EN"
    "http://www.w3.org/TR/xhtml1/DTD/xhtml1-transitional.dtd">
<html xmlns="http://www.w3.org/1999/xhtml" xml:lang="en" lang="en">
 <head>
  <title>
</title>
<meta http-equiv="Content-Type" content="text/html;charset=utf-8" />
  <meta name='ocr-system' content='tesseract 3.04.00' />
  <meta name='ocr-capabilities' content='ocr_page ocr_carea ocr_par ocr_line ocrx_word'/>
</head>
<body>
  <div class='ocr_page' id='page_1' title='image "./dissertationess01junggoog_0669.png"; bbox 0 0 2922 4832; ppageno 0'>
   <div class='ocr_carea' id='block_1_1' title="bbox 307 475 1208 530">
    <p class='ocr_par' dir='ltr' id='par_1_1' title="bbox 307 475 1208 530">
     <span class='ocr_line' id='line_1_1' title="bbox 307 475 1208 530; baseline 0 -2"><span class='ocrx_word' id='word_1_1' title='bbox 307 475 360 528; x_wconf 78' lang='lat'><strong>198</strong></span> <span class='ocrx_word' id='word_1_2' title='bbox 543 476 601 530; x_wconf 83' lang='lat' dir='ltr'><strong>XX.</strong></span> <span class='ocrx_word' id='word_1_3' title='bbox 621 476 661 530; x_wconf 88' lang='lat' dir='ltr'><strong>De</strong></span> <span class='ocrx_word' id='word_1_4' title='bbox 680 482 757 529; x_wconf 86' lang='lat' dir='ltr'><strong>statu</strong></span> <span class='ocrx_word' id='word_1_5' title='bbox 776 476 847 529; x_wconf 85' lang='lat' dir='ltr'><strong>Eccl.</strong></span> <span class='ocrx_word' id='word_1_6' title='bbox 866 475 954 529; x_wconf 86' lang='lat' dir='ltr'><strong>medio</strong></span> <span class='ocrx_word' id='word_1_7' title='bbox 972 491 1040 530; x_wconf 87' lang='lat' dir='ltr'><strong>saec.</strong></span> <span class='ocrx_word' id='word_1_8' title='bbox 1061 475 1208 529; x_wconf 86' lang='lat' dir='ltr'><strong>undecimo.</strong></span> 
     </span>
    </p>
   </div>
   <div class='ocr_carea' id='block_1_2' title="bbox 303 617 1447 2272">
    <p class='ocr_par' dir='ltr' id='par_1_2' title="bbox 303 617 1447 2272">
     <span class='ocr_line' id='line_1_2' title="bbox 304 617 1404 705; baseline 0 -23"><span class='ocrx_word' id='word_1_9' title='bbox 304 643 345 682; x_wconf 84' lang='lat' dir='ltr'><strong>ac</strong></span> <span class='ocrx_word' id='word_1_10' title='bbox 368 617 468 699; x_wconf 88' lang='lat' dir='ltr'><strong>clero,</strong></span> <span class='ocrx_word' id='word_1_11' title='bbox 493 620 752 703; x_wconf 85' lang='lat' dir='ltr'><strong>suffragantibus</strong></span> <span class='ocrx_word' id='word_1_12' title='bbox 775 618 879 684; x_wconf 88' lang='lat' dir='ltr'><strong>laicis.</strong></span> <span class='ocrx_word' id='word_1_13' title='bbox 922 619 1137 684; x_wconf 81' lang='lat' dir='ltr'><strong>Confirmatio</strong></span> <span class='ocrx_word' id='word_1_14' title='bbox 1161 619 1258 684; x_wconf 86' lang='lat' dir='ltr'><strong>electi</strong></span> <span class='ocrx_word' id='word_1_15' title='bbox 1281 621 1404 705; x_wconf 79' lang='lat' dir='ltr'><strong>episcopi</strong></span> 
     </span>
     <span class='ocr_line' id='line_1_3' title="bbox 304 716 1403 803; baseline 0 -23"><span class='ocrx_word' id='word_1_16' title='bbox 304 741 325 780; x_wconf 90' lang='lat' dir='ltr'><strong>a</strong></span> <span class='ocrx_word' id='word_1_17' title='bbox 350 717 558 803; x_wconf 79' lang='lat' dir='ltr'><strong>metropolita</strong></span> <span class='ocrx_word' id='word_1_18' title='bbox 581 716 696 798; x_wconf 83' lang='lat' dir='ltr'><strong>tiebat,</strong></span> <span class='ocrx_word' id='word_1_19' title='bbox 721 729 852 781; x_wconf 89' lang='lat' dir='ltr'><strong>etcum</strong></span> <span class='ocrx_word' id='word_1_20' title='bbox 878 739 951 781; x_wconf 91' lang='lat' dir='ltr'><strong>eam</strong></span> <span class='ocrx_word' id='word_1_21' title='bbox 975 716 1216 803; x_wconf 89' lang='lat' dir='ltr'><strong>utplurimum</strong></span> <span class='ocrx_word' id='word_1_22' title='bbox 1239 720 1403 782; x_wconf 76' lang='lat' dir='ltr'><strong>stetimus·</strong></span> 
     </span>
     <span class='ocr_line' id='line_1_4' title="bbox 305 814 1407 900; baseline 0 -22"><span class='ocrx_word' id='word_1_23' title='bbox 305 818 432 900; x_wconf 88' lang='lat' dir='ltr'><strong>ciperet</strong></span> <span class='ocrx_word' id='word_1_24' title='bbox 470 818 691 896; x_wconf 87' lang='lat' dir='ltr'><strong>consecratio,</strong></span> <span class='ocrx_word' id='word_1_25' title='bbox 734 818 790 880; x_wconf 90' lang='lat' dir='ltr'><strong>vix</strong></span> <span class='ocrx_word' id='word_1_26' title='bbox 823 838 891 880; x_wconf 85' lang='lat' dir='ltr'><strong>uua</strong></span> <span class='ocrx_word' id='word_1_27' title='bbox 929 815 971 880; x_wconf 88' lang='lat' dir='ltr'><strong>ab</strong></span> <span class='ocrx_word' id='word_1_28' title='bbox 1008 814 1111 880; x_wconf 86' lang='lat' dir='ltr'><strong>altera</strong></span> <span class='ocrx_word' id='word_1_29' title='bbox 1152 815 1407 900; x_wconf 74' lang='lat' dir='ltr'><strong>distinguebatur.</strong></span> 
     </span>
     <span class='ocr_line' id='line_1_5' title="bbox 305 913 1405 999; baseline 0 -23"><span class='ocrx_word' id='word_1_30' title='bbox 305 913 537 998; x_wconf 81' lang='lat' dir='ltr'><strong>Metropolitae</strong></span> <span class='ocrx_word' id='word_1_31' title='bbox 573 937 592 978; x_wconf 86' lang='lat' dir='ltr'><strong>a</strong></span> <span class='ocrx_word' id='word_1_32' title='bbox 629 913 714 978; x_wconf 84' lang='lat' dir='ltr'><strong>Sede</strong></span> <span class='ocrx_word' id='word_1_33' title='bbox 750 913 943 999; x_wconf 85' lang='lat' dir='ltr'><strong>Apostolica</strong></span> <span class='ocrx_word' id='word_1_34' title='bbox 984 913 1204 978; x_wconf 86' lang='lat' dir='ltr'><strong>confirmandi</strong></span> <span class='ocrx_word' id='word_1_35' title='bbox 1238 923 1344 993; x_wconf 67' lang='lat' dir='ltr'><strong>erant,</strong></span> <span class='ocrx_word' id='word_1_36' title='bbox 1372 929 1405 976; x_wconf 86' lang='lat' dir='ltr'><strong>at·</strong></span> 
     </span>
     <span class='ocr_line' id='line_1_6' title="bbox 305 1011 1406 1096; baseline -0.003 -20"><span class='ocrx_word' id='word_1_37' title='bbox 305 1023 417 1078; x_wconf 84' lang='lat' dir='ltr'><strong>tamen</strong></span> <span class='ocrx_word' id='word_1_38' title='bbox 446 1011 691 1096; x_wconf 87' lang='lat' dir='ltr'><strong>metropolitani</strong></span> <span class='ocrx_word' id='word_1_39' title='bbox 716 1023 809 1076; x_wconf 82' lang='lat' dir='ltr'><strong>extra</strong></span> <span class='ocrx_word' id='word_1_40' title='bbox 835 1011 964 1077; x_wconf 84' lang='lat' dir='ltr'><strong>ltaliam</strong></span> <span class='ocrx_word' id='word_1_41' title='bbox 989 1013 1171 1090; x_wconf 90' lang='lat' dir='ltr'><strong>constituti,</strong></span> <span class='ocrx_word' id='word_1_42' title='bbox 1206 1021 1359 1096; x_wconf 87' lang='lat' dir='ltr'><strong>poterant,</strong></span> <span class='ocrx_word' id='word_1_43' title='bbox 1386 1013 1406 1073; x_wconf 79' lang='lat' dir='ltr'><strong>si</strong></span> 
     </span>
     <span class='ocr_line' id='line_1_7' title="bbox 305 1109 1406 1193; baseline 0 -21"><span class='ocrx_word' id='word_1_44' title='bbox 305 1111 455 1173; x_wconf 90' lang='lat' dir='ltr'><strong>unanimi</strong></span> <span class='ocrx_word' id='word_1_45' title='bbox 489 1132 651 1175; x_wconf 89' lang='lat' dir='ltr'><strong>consensu</strong></span> <span class='ocrx_word' id='word_1_46' title='bbox 685 1109 780 1174; x_wconf 90' lang='lat' dir='ltr'><strong>electi</strong></span> <span class='ocrx_word' id='word_1_47' title='bbox 815 1119 919 1187; x_wconf 86' lang='lat' dir='ltr'><strong>erunt,</strong></span> <span class='ocrx_word' id='word_1_48' title='bbox 948 1109 1020 1193; x_wconf 90' lang='lat' dir='ltr'><strong>jam</strong></span> <span class='ocrx_word' id='word_1_49' title='bbox 1045 1121 1122 1174; x_wconf 88' lang='lat' dir='ltr'><strong>unte</strong></span> <span class='ocrx_word' id='word_1_50' title='bbox 1147 1111 1406 1174; x_wconf 86' lang='lat' dir='ltr'><strong>confirmationem</strong></span> 
     </span>
     <span class='ocr_line' id='line_1_8' title="bbox 305 1205 1411 1292; baseline 0 -24"><span class='ocrx_word' id='word_1_51' title='bbox 305 1207 462 1272; x_wconf 86' lang='lat' dir='ltr'><strong>ecclesias</strong></span> <span class='ocrx_word' id='word_1_52' title='bbox 500 1230 577 1272; x_wconf 88' lang='lat' dir='ltr'><strong>suas</strong></span> <span class='ocrx_word' id='word_1_53' title='bbox 616 1207 859 1274; x_wconf 86' lang='lat' dir='ltr'><strong>administrare.</strong></span> <span class='ocrx_word' id='word_1_54' title='bbox 910 1207 1022 1287; x_wconf 83' lang='lat' dir='ltr'><strong>Quum</strong></span> <span class='ocrx_word' id='word_1_55' title='bbox 1053 1207 1142 1292; x_wconf 88' lang='lat' dir='ltr'><strong>leges</strong></span> <span class='ocrx_word' id='word_1_56' title='bbox 1181 1207 1271 1290; x_wconf 84' lang='lat' dir='ltr'><strong>illae,</strong></span> <span class='ocrx_word' id='word_1_57' title='bbox 1308 1205 1411 1292; x_wconf 81' lang='lat' dir='ltr'><strong>quibus</strong></span> 
     </span>
     <span class='ocr_line' id='line_1_9' title="bbox 305 1303 1447 1392; baseline -0.003 -23"><span class='ocrx_word' id='word_1_58' title='bbox 305 1304 482 1370; x_wconf 82' lang='lat' dir='ltr'><strong>electiones</strong></span> <span class='ocrx_word' id='word_1_59' title='bbox 520 1315 552 1369; x_wconf 89' lang='lat' dir='ltr'><strong>et</strong></span> <span class='ocrx_word' id='word_1_60' title='bbox 585 1306 852 1370; x_wconf 83' lang='lat' dir='ltr'><strong>confirmationes</strong></span> <span class='ocrx_word' id='word_1_61' title='bbox 897 1307 1127 1392; x_wconf 87' lang='lat' dir='ltr'><strong>cpiscoporum</strong></span> <span class='ocrx_word' id='word_1_62' title='bbox 1162 1303 1406 1370; x_wconf 78' lang='lat' dir='ltr'><strong>moderabantur.</strong></span> <span class='ocrx_word' id='word_1_63' title='bbox 1446 1373 1447 1376; x_wconf 8' lang='grc' dir='ltr'><strong>Ἴ</strong></span> 
     </span>
     <span class='ocr_line' id='line_1_10' title="bbox 304 1402 1447 1488; baseline 0.003 -22"><span class='ocrx_word' id='word_1_64' title='bbox 304 1427 324 1466; x_wconf 84' lang='lat' dir='ltr'><strong>e</strong></span> <span class='ocrx_word' id='word_1_65' title='bbox 349 1402 434 1466; x_wconf 80' lang='lat' dir='ltr'><strong>Sede</strong></span> <span class='ocrx_word' id='word_1_66' title='bbox 460 1402 652 1488; x_wconf 85' lang='lat' dir='ltr'><strong>Apostolica</strong></span> <span class='ocrx_word' id='word_1_67' title='bbox 676 1414 817 1467; x_wconf 87' lang='lat' dir='ltr'><strong>statutae</strong></span> <span class='ocrx_word' id='word_1_68' title='bbox 843 1402 895 1467; x_wconf 87' lang='lat' dir='ltr'><strong>vel</strong></span> <span class='ocrx_word' id='word_1_69' title='bbox 919 1404 1069 1468; x_wconf 83' lang='lat' dir='ltr'><strong>firmatae</strong></span> <span class='ocrx_word' id='word_1_70' title='bbox 1093 1405 1242 1484; x_wconf 86' lang='lat' dir='ltr'><strong>fuissent,</strong></span> <span class='ocrx_word' id='word_1_71' title='bbox 1266 1425 1408 1488; x_wconf 83' lang='lat' dir='ltr'><strong>suumque</strong></span> <span class='ocrx_word' id='word_1_72' title='bbox 1446 1465 1447 1470; x_wconf 73' lang='grc'>,</span> 
     </span>
     <span class='ocr_line' id='line_1_11' title="bbox 306 1500 1447 1587; baseline -0.002 -23"><span class='ocrx_word' id='word_1_73' title='bbox 306 1501 383 1565; x_wconf 89' lang='lat' dir='ltr'><strong>iude</strong></span> <span class='ocrx_word' id='word_1_74' title='bbox 408 1500 570 1566; x_wconf 88' lang='lat' dir='ltr'><strong>baberent</strong></span> <span class='ocrx_word' id='word_1_75' title='bbox 592 1501 739 1566; x_wconf 86' lang='lat' dir='ltr'><strong>valorem</strong></span> <span class='ocrx_word' id='word_1_76' title='bbox 758 1501 952 1587; x_wconf 88' lang='lat' dir='ltr'><strong>juridicum,</strong></span> <span class='ocrx_word' id='word_1_77' title='bbox 977 1523 1147 1587; x_wconf 89' lang='lat' dir='ltr'><strong>quumque</strong></span> <span class='ocrx_word' id='word_1_78' title='bbox 1171 1501 1254 1565; x_wconf 89' lang='lat' dir='ltr'><strong>baec</strong></span> <span class='ocrx_word' id='word_1_79' title='bbox 1269 1501 1364 1566; x_wconf 84' lang='lat' dir='ltr'><strong>Sedes</strong></span> <span class='ocrx_word' id='word_1_80' title='bbox 1382 1503 1408 1562; x_wconf 91' lang='lat' dir='ltr'><strong>iu</strong></span> <span class='ocrx_word' id='word_1_81' title='bbox 1446 1533 1447 1536; x_wconf 34' lang='lat'>¹</span> 
     </span>
     <span class='ocr_line' id='line_1_12' title="bbox 304 1598 1410 1684; baseline 0 -22"><span class='ocrx_word' id='word_1_82' title='bbox 304 1599 650 1664; x_wconf 85' lang='lat' dir='ltr'><strong>electionibusdubiis</strong></span> <span class='ocrx_word' id='word_1_83' title='bbox 667 1600 720 1664; x_wconf 88' lang='lat' dir='ltr'><strong>vel</strong></span> <span class='ocrx_word' id='word_1_84' title='bbox 735 1598 888 1684; x_wconf 84' lang='lat' dir='ltr'><strong>litigiosis</strong></span> <span class='ocrx_word' id='word_1_85' title='bbox 905 1601 1068 1664; x_wconf 89' lang='lat' dir='ltr'><strong>sententia</strong></span> <span class='ocrx_word' id='word_1_86' title='bbox 1084 1621 1144 1664; x_wconf 87' lang='lat' dir='ltr'><strong>sua</strong></span> <span class='ocrx_word' id='word_1_87' title='bbox 1167 1622 1236 1664; x_wconf 89' lang='lat' dir='ltr'><strong>rem</strong></span> <span class='ocrx_word' id='word_1_88' title='bbox 1250 1599 1410 1664; x_wconf 86' lang='lat' dir='ltr'><strong>dirimeret.</strong></span> 
     </span>
     <span class='ocr_line' id='line_1_13' title="bbox 306 1698 1447 1784; baseline -0.004 -24"><span class='ocrx_word' id='word_1_89' title='bbox 306 1705 406 1782; x_wconf 85' lang='lat' dir='ltr'><strong>patet,</strong></span> <span class='ocrx_word' id='word_1_90' title='bbox 431 1700 531 1761; x_wconf 87' lang='lat' dir='ltr'><strong>ctiam</strong></span> <span class='ocrx_word' id='word_1_91' title='bbox 556 1710 625 1762; x_wconf 89' lang='lat' dir='ltr'><strong>tum</strong></span> <span class='ocrx_word' id='word_1_92' title='bbox 642 1698 738 1783; x_wconf 90' lang='lat' dir='ltr'><strong>pleno</strong></span> <span class='ocrx_word' id='word_1_93' title='bbox 764 1699 877 1782; x_wconf 85' lang='lat' dir='ltr'><strong>vigore</strong></span> <span class='ocrx_word' id='word_1_94' title='bbox 896 1700 974 1784; x_wconf 83' lang='lat' dir='ltr'><strong>jura</strong></span> <span class='ocrx_word' id='word_1_95' title='bbox 998 1699 1048 1762; x_wconf 89' lang='lat' dir='ltr'><strong>sui</strong></span> <span class='ocrx_word' id='word_1_96' title='bbox 1073 1700 1234 1784; x_wconf 86' lang='lat' dir='ltr'><strong>primatus</strong></span> <span class='ocrx_word' id='word_1_97' title='bbox 1249 1699 1410 1762; x_wconf 61' lang='lat' dir='ltr'><strong>Pontifices¹</strong></span> <span class='ocrx_word' id='word_1_98' title='bbox 1446 1759 1447 1774; x_wconf 53' lang='lat'><strong>,</strong></span> 
     </span>
     <span class='ocr_line' id='line_1_14' title="bbox 305 1795 1447 1883; baseline -0.002 -25"><span class='ocrx_word' id='word_1_99' title='bbox 305 1795 369 1858; x_wconf 92' lang='lat' dir='ltr'><strong>sibi</strong></span> <span class='ocrx_word' id='word_1_100' title='bbox 395 1795 592 1860; x_wconf 84' lang='lat' dir='ltr'><strong>vindicasse.</strong></span> <span class='ocrx_word' id='word_1_101' title='bbox 639 1797 796 1860; x_wconf 81' lang='lat' dir='ltr'><strong>Attamen</strong></span> <span class='ocrx_word' id='word_1_102' title='bbox 829 1796 961 1883; x_wconf 81' lang='lat' dir='ltr'><strong>quando</strong></span> <span class='ocrx_word' id='word_1_103' title='bbox 987 1795 1084 1860; x_wconf 92' lang='lat' dir='ltr'><strong>modo</strong></span> <span class='ocrx_word' id='word_1_104' title='bbox 1108 1798 1259 1882; x_wconf 85' lang='lat' dir='ltr'><strong>exposito</strong></span> <span class='ocrx_word' id='word_1_105' title='bbox 1286 1797 1317 1860; x_wconf 92' lang='lat' dir='ltr'><strong>in</strong></span> <span class='ocrx_word' id='word_1_106' title='bbox 1340 1817 1409 1859; x_wconf 78' lang='lat' dir='ltr'><strong>crea¹</strong></span> <span class='ocrx_word' id='word_1_107' title='bbox 1446 1799 1447 1806; x_wconf 76' lang='grc'>’</span> 
     </span>
     <span class='ocr_line' id='line_1_15' title="bbox 303 1894 1447 1980; baseline 0 -24"><span class='ocrx_word' id='word_1_108' title='bbox 303 1895 394 1956; x_wconf 90' lang='lat' dir='ltr'><strong>tione</strong></span> <span class='ocrx_word' id='word_1_109' title='bbox 418 1895 646 1979; x_wconf 87' lang='lat' dir='ltr'><strong>episcoporum</strong></span> <span class='ocrx_word' id='word_1_110' title='bbox 676 1897 788 1958; x_wconf 84' lang='lat' dir='ltr'><strong>omniu</strong></span> <span class='ocrx_word' id='word_1_111' title='bbox 811 1894 873 1959; x_wconf 87' lang='lat' dir='ltr'><strong>sibi</strong></span> <span class='ocrx_word' id='word_1_112' title='bbox 900 1905 1141 1978; x_wconf 80' lang='lat' dir='ltr'><strong>usurpaverant</strong></span> <span class='ocrx_word' id='word_1_113' title='bbox 1164 1896 1339 1980; x_wconf 85' lang='lat' dir='ltr'><strong>principes,</strong></span> <span class='ocrx_word' id='word_1_114' title='bbox 1364 1894 1409 1956; x_wconf 76' lang='lat' dir='ltr'><strong>lto·</strong></span> <span class='ocrx_word' id='word_1_115' title='bbox 1446 1959 1447 1970; x_wconf 57' lang='lat'><strong>,</strong></span> 
     </span>
     <span class='ocr_line' id='line_1_16' title="bbox 304 1991 1447 2077; baseline 0.002 -23"><span class='ocrx_word' id='word_1_116' title='bbox 304 2013 477 2055; x_wconf 84' lang='lat' dir='ltr'><strong>manorum</strong></span> <span class='ocrx_word' id='word_1_117' title='bbox 504 1993 701 2056; x_wconf 90' lang='lat' dir='ltr'><strong>Pontificum</strong></span> <span class='ocrx_word' id='word_1_118' title='bbox 731 1991 967 2077; x_wconf 82' lang='lat' dir='ltr'><strong>Ecclesiaequo</strong></span> <span class='ocrx_word' id='word_1_119' title='bbox 1005 1994 1184 2056; x_wconf 82' lang='lat' dir='ltr'><strong>arroteritae</strong></span> <span class='ocrx_word' id='word_1_120' title='bbox 1216 2005 1248 2056; x_wconf 92' lang='lat' dir='ltr'><strong>et</strong></span> <span class='ocrx_word' id='word_1_121' title='bbox 1284 1993 1412 2057; x_wconf 84' lang='lat' dir='ltr'><strong>influxus</strong></span> <span class='ocrx_word' id='word_1_122' title='bbox 1446 2049 1447 2056; x_wconf 72' lang='grc'>,</span> 
     </span>
     <span class='ocr_line' id='line_1_17' title="bbox 305 2089 1447 2174; baseline -0.002 -23"><span class='ocrx_word' id='word_1_123' title='bbox 305 2091 453 2154; x_wconf 82' lang='lat' dir='ltr'><strong>irrexime</strong></span> <span class='ocrx_word' id='word_1_124' title='bbox 474 2102 567 2174; x_wconf 85' lang='lat' dir='ltr'><strong>parto</strong></span> <span class='ocrx_word' id='word_1_125' title='bbox 588 2089 760 2155; x_wconf 84' lang='lat' dir='ltr'><strong>obliterata</strong></span> <span class='ocrx_word' id='word_1_126' title='bbox 784 2089 969 2169; x_wconf 89' lang='lat' dir='ltr'><strong>videbatur,</strong></span> <span class='ocrx_word' id='word_1_127' title='bbox 980 2092 1004 2170; x_wconf 88' lang='lat'><strong>¹)</strong></span> <span class='ocrx_word' id='word_1_128' title='bbox 1028 2089 1188 2154; x_wconf 89' lang='lat' dir='ltr'><strong>laicorum</strong></span> <span class='ocrx_word' id='word_1_129' title='bbox 1211 2089 1409 2154; x_wconf 81' lang='lat' dir='ltr'><strong>dominationi</strong></span> <span class='ocrx_word' id='word_1_130' title='bbox 1446 2163 1447 2174; x_wconf 10' lang='grc' dir='ltr'>ἵ</span> 
     </span>
     <span class='ocr_line' id='line_1_18' title="bbox 306 2187 1411 2272; baseline -0.002 -22"><span class='ocrx_word' id='word_1_131' title='bbox 306 2199 338 2250; x_wconf 91' lang='lat' dir='ltr'><strong>et</strong></span> <span class='ocrx_word' id='word_1_132' title='bbox 357 2188 494 2252; x_wconf 81' lang='lat' dir='ltr'><strong>arbitrio</strong></span> <span class='ocrx_word' id='word_1_133' title='bbox 510 2189 659 2252; x_wconf 75' lang='lat' dir='ltr'><strong>Ecclesia</strong></span> <span class='ocrx_word' id='word_1_134' title='bbox 684 2189 833 2272; x_wconf 84' lang='lat' dir='ltr'><strong>subjecta</strong></span> <span class='ocrx_word' id='word_1_135' title='bbox 857 2199 936 2262; x_wconf 87' lang='lat' dir='ltr'><strong>erat,</strong></span> <span class='ocrx_word' id='word_1_136' title='bbox 961 2199 993 2251; x_wconf 88' lang='lat' dir='ltr'><strong>et</strong></span> <span class='ocrx_word' id='word_1_137' title='bbox 1015 2187 1101 2252; x_wconf 87' lang='lat' dir='ltr'><strong>mala</strong></span> <span class='ocrx_word' id='word_1_138' title='bbox 1118 2191 1265 2253; x_wconf 81' lang='lat' dir='ltr'><strong>niaximu</strong></span> <span class='ocrx_word' id='word_1_139' title='bbox 1290 2187 1411 2252; x_wconf 75' lang='lat' dir='ltr'><strong>invales-</strong></span> 
     </span>
    </p>
   </div>
   <div class='ocr_carea' id='block_1_3' title="bbox 306 2284 1447 2412">
    <p class='ocr_par' dir='ltr' id='par_1_3' title="bbox 306 2283 1447 2412">
     <span class='ocr_line' id='line_1_19' title="bbox 306 2284 1410 2371; baseline -0.004 -23"><span class='ocrx_word' id='word_1_140' title='bbox 306 2284 439 2360; x_wconf 83' lang='lat' dir='ltr'><strong>cebant,</strong></span> <span class='ocrx_word' id='word_1_141' title='bbox 472 2307 575 2371; x_wconf 88' lang='lat' dir='ltr'><strong>quum</strong></span> <span class='ocrx_word' id='word_1_142' title='bbox 616 2289 648 2351; x_wconf 91' lang='lat' dir='ltr'><strong>in</strong></span> <span class='ocrx_word' id='word_1_143' title='bbox 683 2289 744 2350; x_wconf 85' lang='lat' dir='ltr'><strong>ista</strong></span> <span class='ocrx_word' id='word_1_144' title='bbox 768 2286 938 2350; x_wconf 79' lang='lat' dir='ltr'><strong>Ecclesiae</strong></span> <span class='ocrx_word' id='word_1_145' title='bbox 974 2287 1133 2350; x_wconf 88' lang='lat' dir='ltr'><strong>servitute</strong></span> <span class='ocrx_word' id='word_1_146' title='bbox 1156 2288 1257 2350; x_wconf 88' lang='lat' dir='ltr'><strong>etiam</strong></span> <span class='ocrx_word' id='word_1_147' title='bbox 1292 2285 1410 2350; x_wconf 88' lang='lat' dir='ltr'><strong>inconti-</strong></span> 
     </span>
     <span class='ocr_line' id='line_1_20' title="bbox 1446 2383 1447 2412; baseline 0 0"><span class='ocrx_word' id='word_1_148' title='bbox 1446 2383 1447 2412; x_wconf 94' lang='lat' dir='ltr'><strong>l</strong></span> 
     </span>
    </p>
   </div>
   <div class='ocr_carea' id='block_1_4' title="bbox 161 2383 1447 2577">
    <p class='ocr_par' dir='ltr' id='par_1_4' title="bbox 161 2383 1447 2577">
     <span class='ocr_line' id='line_1_21' title="bbox 305 2383 1377 2470; baseline 0 -24"><span class='ocrx_word' id='word_1_149' title='bbox 305 2385 420 2447; x_wconf 85' lang='lat' dir='ltr'><strong>nentia</strong></span> <span class='ocrx_word' id='word_1_150' title='bbox 443 2385 650 2448; x_wconf 85' lang='lat' dir='ltr'><strong>sacerdotum</strong></span> <span class='ocrx_word' id='word_1_151' title='bbox 676 2395 707 2448; x_wconf 88' lang='lat' dir='ltr'><strong>et</strong></span> <span class='ocrx_word' id='word_1_152' title='bbox 731 2386 870 2448; x_wconf 87' lang='lat' dir='ltr'><strong>simonia</strong></span> <span class='ocrx_word' id='word_1_153' title='bbox 894 2386 1031 2470; x_wconf 91' lang='lat' dir='ltr'><strong>impune</strong></span> <span class='ocrx_word' id='word_1_154' title='bbox 1055 2395 1188 2469; x_wconf 88' lang='lat' dir='ltr'><strong>possent</strong></span> <span class='ocrx_word' id='word_1_155' title='bbox 1211 2383 1377 2469; x_wconf 89' lang='lat' dir='ltr'><strong>pullulare.</strong></span> 
     </span>
     <span class='ocr_line' id='line_1_22' title="bbox 161 2489 1447 2577; baseline -0.007 -22"><span class='ocrx_word' id='word_1_156' title='bbox 161 2489 267 2540; x_wconf 58' lang='grc' dir='ltr'><strong>ΜΨ*</strong></span> <span class='ocrx_word' id='word_1_157' title='bbox 395 2492 449 2554; x_wconf 78' lang='grc' dir='ltr'><strong>4Ῑ.</strong></span> <span class='ocrx_word' id='word_1_158' title='bbox 500 2491 665 2554; x_wconf 87' lang='lat' dir='ltr'><strong>Describit</strong></span> <span class='ocrx_word' id='word_1_159' title='bbox 689 2491 866 2556; x_wconf 85' lang='lat' dir='ltr'><strong>Anselrnus</strong></span> <span class='ocrx_word' id='word_1_160' title='bbox 890 2491 1053 2555; x_wconf 87' lang='lat' dir='ltr'><strong>Lucensis</strong></span> <span class='ocrx_word' id='word_1_161' title='bbox 1085 2493 1117 2554; x_wconf 88' lang='lat' dir='ltr'><strong>in</strong></span> <span class='ocrx_word' id='word_1_162' title='bbox 1142 2513 1201 2554; x_wconf 88' lang='lat' dir='ltr'><strong>suo</strong></span> <span class='ocrx_word' id='word_1_163' title='bbox 1226 2491 1412 2577; x_wconf 77' lang='lat' dir='ltr'><strong>Apolopctiro</strong></span> <span class='ocrx_word' id='word_1_164' title='bbox 1446 2533 1447 2546; x_wconf 66' lang='lat'><strong>.</strong></span> 
     </span>
    </p>
   </div>
   <div class='ocr_carea' id='block_1_5' title="bbox 144 2558 1447 2676">
    <p class='ocr_par' dir='ltr' id='par_1_5' title="bbox 144 2558 1447 2676">
     <span class='ocr_line' id='line_1_23' title="bbox 144 2558 1447 2676; baseline 0.009 -35"><span class='ocrx_word' id='word_1_165' title='bbox 144 2559 232 2600; x_wconf 46' lang='lat'><strong>³³⁸⁵&amp;</strong></span> <span class='ocrx_word' id='word_1_166' title='bbox 249 2558 285 2600; x_wconf 59' lang='lat' dir='ltr'><strong>&#39;l&#39;</strong></span> <span class='ocrx_word' id='word_1_167' title='bbox 298 2611 365 2674; x_wconf 82' lang='lat' dir='ltr'><strong>pro</strong></span> <span class='ocrx_word' id='word_1_168' title='bbox 394 2587 546 2676; x_wconf 73' lang='lat' dir='ltr'><strong>Greyorio</strong></span> <span class='ocrx_word' id='word_1_169' title='bbox 585 2589 649 2652; x_wconf 79' lang='lat' dir='ltr'><strong>Vll</strong></span> <span class='ocrx_word' id='word_1_170' title='bbox 685 2600 798 2653; x_wconf 68' lang='lat' dir='ltr'><strong>econtra</strong></span> <span class='ocrx_word' id='word_1_171' title='bbox 830 2587 1029 2652; x_wconf 73' lang='lat' dir='ltr'><strong>siuibertum</strong></span> <span class='ocrx_word' id='word_1_172' title='bbox 1062 2611 1120 2652; x_wconf 89' lang='lat' dir='ltr'><strong>seu</strong></span> <span class='ocrx_word' id='word_1_173' title='bbox 1152 2587 1352 2653; x_wconf 81' lang='lat' dir='ltr'><strong>Clementem</strong></span> <span class='ocrx_word' id='word_1_174' title='bbox 1374 2585 1411 2650; x_wconf 93' lang='lat' dir='ltr'><strong>lll</strong></span> <span class='ocrx_word' id='word_1_175' title='bbox 1446 2573 1447 2622; x_wconf 86' lang='lat' dir='ltr'><strong>l</strong></span> 
     </span>
    </p>
   </div>
   <div class='ocr_carea' id='block_1_6' title="bbox 298 2686 1415 3361">
    <p class='ocr_par' dir='ltr' id='par_1_6' title="bbox 298 2686 1415 3361">
     <span class='ocr_line' id='line_1_24' title="bbox 305 2686 1412 2773; baseline -0.004 -24"><span class='ocrx_word' id='word_1_176' title='bbox 305 2688 499 2773; x_wconf 82' lang='lat' dir='ltr'><strong>antipapam</strong></span> <span class='ocrx_word' id='word_1_177' title='bbox 511 2687 536 2768; x_wconf 71' lang='grc'><strong>2)</strong></span> <span class='ocrx_word' id='word_1_178' title='bbox 559 2689 652 2750; x_wconf 85' lang='lat' dir='ltr'><strong>tetris</strong></span> <span class='ocrx_word' id='word_1_179' title='bbox 677 2686 841 2750; x_wconf 88' lang='lat' dir='ltr'><strong>coloribus</strong></span> <span class='ocrx_word' id='word_1_180' title='bbox 864 2686 987 2750; x_wconf 88' lang='lat' dir='ltr'><strong>abusus</strong></span> <span class='ocrx_word' id='word_1_181' title='bbox 1011 2708 1053 2749; x_wconf 89' lang='lat' dir='ltr'><strong>ex</strong></span> <span class='ocrx_word' id='word_1_182' title='bbox 1070 2687 1131 2750; x_wconf 89' lang='lat' dir='ltr'><strong>ista</strong></span> <span class='ocrx_word' id='word_1_183' title='bbox 1154 2708 1270 2771; x_wconf 84' lang='lat' dir='ltr'><strong>regum</strong></span> <span class='ocrx_word' id='word_1_184' title='bbox 1298 2707 1412 2770; x_wconf 81' lang='lat' dir='ltr'><strong>usurpa-</strong></span> 
     </span>
     <span class='ocr_line' id='line_1_25' title="bbox 307 2784 1414 2870; baseline -0.002 -23"><span class='ocrx_word' id='word_1_185' title='bbox 307 2787 397 2848; x_wconf 88' lang='lat' dir='ltr'><strong>tione</strong></span> <span class='ocrx_word' id='word_1_186' title='bbox 422 2796 569 2870; x_wconf 88' lang='lat' dir='ltr'><strong>tempore</strong></span> <span class='ocrx_word' id='word_1_187' title='bbox 593 2784 729 2848; x_wconf 89' lang='lat' dir='ltr'><strong>Heur·ici</strong></span> <span class='ocrx_word' id='word_1_188' title='bbox 755 2784 802 2848; x_wconf 80' lang='lat' dir='ltr'><strong>lv</strong></span> <span class='ocrx_word' id='word_1_189' title='bbox 828 2785 1054 2848; x_wconf 83' lang='lat' dir='ltr'><strong>scaturientes.</strong></span> <span class='ocrx_word' id='word_1_190' title='bbox 1102 2786 1174 2848; x_wconf 71' lang='lat' dir='ltr'><strong>nee</strong></span> <span class='ocrx_word' id='word_1_191' title='bbox 1198 2796 1280 2862; x_wconf 84' lang='lat' dir='ltr'><strong>taus,</strong></span> <span class='ocrx_word' id='word_1_192' title='bbox 1314 2785 1414 2868; x_wconf 88' lang='lat' dir='ltr'><strong>inquit.</strong></span> 
     </span>
     <span class='ocr_line' id='line_1_26' title="bbox 307 2881 1415 2968; baseline -0.001 -23"><span class='ocrx_word' id='word_1_193' title='bbox 307 2885 375 2946; x_wconf 80' lang='lat' dir='ltr'><strong>sine</strong></span> <span class='ocrx_word' id='word_1_194' title='bbox 406 2884 636 2948; x_wconf 79' lang='lat' dir='ltr'><strong>intermissione</strong></span> <span class='ocrx_word' id='word_1_195' title='bbox 670 2883 775 2946; x_wconf 83' lang='lat' dir='ltr'><strong>cendit</strong></span> <span class='ocrx_word' id='word_1_196' title='bbox 798 2883 1009 2968; x_wconf 80' lang='lat' dir='ltr'><strong>episcopatus,</strong></span> <span class='ocrx_word' id='word_1_197' title='bbox 1041 2881 1145 2945; x_wconf 81' lang='lat' dir='ltr'><strong>edictu</strong></span> <span class='ocrx_word' id='word_1_198' title='bbox 1172 2903 1362 2968; x_wconf 76' lang='lat' dir='ltr'><strong>proponeris,</strong></span> <span class='ocrx_word' id='word_1_199' title='bbox 1389 2889 1415 2937; x_wconf 77' lang='lat' dir='ltr'><strong>ut</strong></span> 
     </span>
     <span class='ocr_line' id='line_1_27' title="bbox 306 2977 1414 3066; baseline -0.004 -24"><span class='ocrx_word' id='word_1_200' title='bbox 306 2979 415 3043; x_wconf 82' lang='lat' dir='ltr'><strong>nullus</strong></span> <span class='ocrx_word' id='word_1_201' title='bbox 447 2979 599 3044; x_wconf 72' lang='lat' dir='ltr'><strong>babeatis-r·</strong></span> <span class='ocrx_word' id='word_1_202' title='bbox 618 2981 786 3066; x_wconf 80' lang='lat' dir='ltr'><strong>episcopus</strong></span> <span class='ocrx_word' id='word_1_203' title='bbox 810 2983 864 3066; x_wconf 87' lang='lat' dir='ltr'><strong>qua&#39;</strong></span> <span class='ocrx_word' id='word_1_204' title='bbox 888 3005 909 3043; x_wconf 87' lang='lat' dir='ltr'><strong>a</strong></span> <span class='ocrx_word' id='word_1_205' title='bbox 932 2980 1015 3044; x_wconf 82' lang='lat' dir='ltr'><strong>clerc</strong></span> <span class='ocrx_word' id='word_1_206' title='bbox 1039 2979 1163 3056; x_wconf 82' lang='lat' dir='ltr'><strong>electus,</strong></span> <span class='ocrx_word' id='word_1_207' title='bbox 1196 2977 1245 3044; x_wconf 82' lang='lat' dir='ltr'><strong>vel</strong></span> <span class='ocrx_word' id='word_1_208' title='bbox 1269 3005 1291 3043; x_wconf 85' lang='lat' dir='ltr'><strong>a</strong></span> <span class='ocrx_word' id='word_1_209' title='bbox 1309 2977 1414 3066; x_wconf 83' lang='lat' dir='ltr'><strong>populo</strong></span> 
     </span>
     <span class='ocr_line' id='line_1_28' title="bbox 298 3074 1413 3165; baseline -0.003 -25"><span class='ocrx_word' id='word_1_210' title='bbox 298 3077 406 3163; x_wconf 81' lang='lat' dir='ltr'><strong>fuerit</strong></span> <span class='ocrx_word' id='word_1_211' title='bbox 429 3081 594 3165; x_wconf 75' lang='lat' dir='ltr'><strong>conpetitor,</strong></span> <span class='ocrx_word' id='word_1_212' title='bbox 618 3079 683 3141; x_wconf 83' lang='lat' dir='ltr'><strong>uici</strong></span> <span class='ocrx_word' id='word_1_213' title='bbox 702 3079 1031 3164; x_wconf 67' lang='lat' dir='ltr'><strong>praecesserit-bonor·</strong></span> <span class='ocrx_word' id='word_1_214' title='bbox 1046 3080 1159 3162; x_wconf 78' lang='lat' dir='ltr'><strong>sepius,</strong></span> <span class='ocrx_word' id='word_1_215' title='bbox 1184 3079 1277 3162; x_wconf 70' lang='lat' dir='ltr'><strong>paesi</strong></span> <span class='ocrx_word' id='word_1_216' title='bbox 1300 3079 1363 3162; x_wconf 80' lang='lat' dir='ltr'><strong>ipra</strong></span> <span class='ocrx_word' id='word_1_217' title='bbox 1382 3074 1413 3136; x_wconf 82' lang='lat' dir='ltr'><strong>sit</strong></span> 
     </span>
     <span class='ocr_line' id='line_1_29' title="bbox 305 3175 1413 3264; baseline -0.004 -26"><span class='ocrx_word' id='word_1_218' title='bbox 305 3178 398 3264; x_wconf 73' lang='lat' dir='ltr'><strong>liujus</strong></span> <span class='ocrx_word' id='word_1_219' title='bbox 420 3178 497 3240; x_wconf 82' lang='lat' dir='ltr'><strong>ostii</strong></span> <span class='ocrx_word' id='word_1_220' title='bbox 508 3179 669 3242; x_wconf 66' lang='lat' dir='ltr'><strong>usuarios.</strong></span> <span class='ocrx_word' id='word_1_221' title='bbox 682 3175 707 3260; x_wconf 78' lang='lat'><strong>³)</strong></span> <span class='ocrx_word' id='word_1_222' title='bbox 721 3225 748 3240; x_wconf 89' lang='lat'><strong>..</strong></span> <span class='ocrx_word' id='word_1_223' title='bbox 773 3177 835 3240; x_wconf 86' lang='lat' dir='ltr'><strong>Vos</strong></span> <span class='ocrx_word' id='word_1_224' title='bbox 847 3175 1007 3240; x_wconf 77' lang='lat' dir='ltr'><strong>Ecclesiae</strong></span> <span class='ocrx_word' id='word_1_225' title='bbox 1031 3175 1202 3240; x_wconf 72' lang='lat' dir='ltr'><strong>cadrclr&#39;cue</strong></span> <span class='ocrx_word' id='word_1_226' title='bbox 1226 3199 1320 3259; x_wconf 80' lang='lat' dir='ltr'><strong>quum</strong></span> <span class='ocrx_word' id='word_1_227' title='bbox 1340 3176 1413 3236; x_wconf 75' lang='lat' dir='ltr'><strong>intrr-</strong></span> 
     </span>
     <span class='ocr_line' id='line_1_30' title="bbox 306 3269 1413 3361; baseline -0.002 -26"><span class='ocrx_word' id='word_1_228' title='bbox 306 3276 397 3336; x_wconf 81' lang='lat' dir='ltr'><strong>siatr&#39;s</strong></span> <span class='ocrx_word' id='word_1_229' title='bbox 415 3297 477 3360; x_wconf 82' lang='lat' dir='ltr'><strong>per</strong></span> <span class='ocrx_word' id='word_1_230' title='bbox 500 3286 596 3338; x_wconf 83' lang='lat' dir='ltr'><strong>totum</strong></span> <span class='ocrx_word' id='word_1_231' title='bbox 619 3297 747 3361; x_wconf 73' lang='lat' dir='ltr'><strong>sepire-m</strong></span> <span class='ocrx_word' id='word_1_232' title='bbox 771 3325 779 3339; x_wconf 96' lang='lat'><strong>.</strong></span> <span class='ocrx_word' id='word_1_233' title='bbox 806 3323 812 3336; x_wconf 97' lang='lat'><strong>.</strong></span> <span class='ocrx_word' id='word_1_234' title='bbox 841 3330 845 3339; x_wconf 85' lang='lat'><strong>.</strong></span> <span class='ocrx_word' id='word_1_235' title='bbox 873 3273 1006 3337; x_wconf 83' lang='lat' dir='ltr'><strong>membru</strong></span> <span class='ocrx_word' id='word_1_236' title='bbox 1021 3273 1211 3348; x_wconf 75' lang='lat' dir='ltr'><strong>distrahitis,</strong></span> <span class='ocrx_word' id='word_1_237' title='bbox 1236 3283 1265 3334; x_wconf 87' lang='lat' dir='ltr'><strong>ct</strong></span> <span class='ocrx_word' id='word_1_238' title='bbox 1279 3273 1315 3334; x_wconf 81' lang='lat' dir='ltr'><strong>irr</strong></span> <span class='ocrx_word' id='word_1_239' title='bbox 1335 3269 1413 3334; x_wconf 74' lang='lat' dir='ltr'><strong>serti·</strong></span> 
     </span>
    </p>
   </div>
   <div class='ocr_carea' id='block_1_7' title="bbox 307 3517 1447 4311">
    <p class='ocr_par' dir='ltr' id='par_1_7' title="bbox 307 3517 1415 3978">
     <span class='ocr_line' id='line_1_31' title="bbox 339 3517 1414 3588; baseline -0.01 -12"><span class='ocrx_word' id='word_1_240' title='bbox 339 3583 341 3588; x_wconf 49' lang='grc'><strong>,</strong></span> <span class='ocrx_word' id='word_1_241' title='bbox 384 3523 403 3584; x_wconf 82' lang='lat' dir='ltr'><strong>¹l</strong></span> <span class='ocrx_word' id='word_1_242' title='bbox 423 3521 596 3576; x_wconf 82' lang='lat' dir='ltr'><strong>Manifestum</strong></span> <span class='ocrx_word' id='word_1_243' title='bbox 610 3529 660 3584; x_wconf 86' lang='lat' dir='ltr'><strong>est,</strong></span> <span class='ocrx_word' id='word_1_244' title='bbox 679 3519 857 3573; x_wconf 87' lang='lat' dir='ltr'><strong>conditionem</strong></span> <span class='ocrx_word' id='word_1_245' title='bbox 872 3519 945 3572; x_wconf 83' lang='lat' dir='ltr'><strong>illuur</strong></span> <span class='ocrx_word' id='word_1_246' title='bbox 959 3535 1048 3572; x_wconf 84' lang='lat' dir='ltr'><strong>rerum</strong></span> <span class='ocrx_word' id='word_1_247' title='bbox 1067 3517 1183 3572; x_wconf 81' lang='lat' dir='ltr'><strong>conferri</strong></span> <span class='ocrx_word' id='word_1_248' title='bbox 1203 3533 1257 3571; x_wconf 92' lang='lat' dir='ltr'><strong>nou</strong></span> <span class='ocrx_word' id='word_1_249' title='bbox 1277 3531 1351 3584; x_wconf 83' lang='lat' dir='ltr'><strong>posse</strong></span> <span class='ocrx_word' id='word_1_250' title='bbox 1368 3529 1414 3565; x_wconf 81' lang='lat' dir='ltr'><strong>curu</strong></span> 
     </span>
     <span class='ocr_line' id='line_1_32' title="bbox 307 3593 1413 3670; baseline -0.014 -14"><span class='ocrx_word' id='word_1_251' title='bbox 307 3605 360 3656; x_wconf 83' lang='lat' dir='ltr'><strong>usn</strong></span> <span class='ocrx_word' id='word_1_252' title='bbox 379 3601 423 3670; x_wconf 90' lang='lat' dir='ltr'><strong>qui</strong></span> <span class='ocrx_word' id='word_1_253' title='bbox 444 3609 536 3656; x_wconf 89' lang='lat' dir='ltr'><strong>nostro</strong></span> <span class='ocrx_word' id='word_1_254' title='bbox 556 3610 674 3668; x_wconf 86' lang='lat' dir='ltr'><strong>tempore</strong></span> <span class='ocrx_word' id='word_1_255' title='bbox 694 3601 721 3654; x_wconf 92' lang='lat' dir='ltr'><strong>in</strong></span> <span class='ocrx_word' id='word_1_256' title='bbox 741 3599 835 3654; x_wconf 86' lang='lat' dir='ltr'><strong>multis</strong></span> <span class='ocrx_word' id='word_1_257' title='bbox 854 3599 947 3668; x_wconf 86' lang='lat' dir='ltr'><strong>regnis</strong></span> <span class='ocrx_word' id='word_1_258' title='bbox 966 3597 1105 3652; x_wconf 85' lang='lat' dir='ltr'><strong>catholicis</strong></span> <span class='ocrx_word' id='word_1_259' title='bbox 1124 3597 1238 3663; x_wconf 85' lang='lat' dir='ltr'><strong>obtinet,</strong></span> <span class='ocrx_word' id='word_1_260' title='bbox 1256 3605 1289 3650; x_wconf 89' lang='lat' dir='ltr'><strong>ut</strong></span> <span class='ocrx_word' id='word_1_261' title='bbox 1306 3593 1413 3648; x_wconf 73' lang='lat' dir='ltr'><strong>videlicet</strong></span> 
     </span>
     <span class='ocr_line' id='line_1_33' title="bbox 308 3669 1414 3752; baseline -0.007 -16"><span class='ocrx_word' id='word_1_262' title='bbox 308 3683 471 3752; x_wconf 79' lang='lat' dir='ltr'><strong>guberuium</strong></span> <span class='ocrx_word' id='word_1_263' title='bbox 486 3687 642 3750; x_wconf 79' lang='lat' dir='ltr'><strong>praesentet</strong></span> <span class='ocrx_word' id='word_1_264' title='bbox 661 3680 733 3734; x_wconf 88' lang='lat' dir='ltr'><strong>viros</strong></span> <span class='ocrx_word' id='word_1_265' title='bbox 752 3680 785 3733; x_wconf 88' lang='lat' dir='ltr'><strong>sd</strong></span> <span class='ocrx_word' id='word_1_266' title='bbox 803 3680 880 3734; x_wconf 87' lang='lat' dir='ltr'><strong>sedes</strong></span> <span class='ocrx_word' id='word_1_267' title='bbox 899 3679 1072 3746; x_wconf 85' lang='lat' dir='ltr'><strong>episcopales.</strong></span> <span class='ocrx_word' id='word_1_268' title='bbox 1094 3679 1231 3732; x_wconf 81' lang='lat' dir='ltr'><strong>Romarm</strong></span> <span class='ocrx_word' id='word_1_269' title='bbox 1249 3675 1320 3730; x_wconf 85' lang='lat' dir='ltr'><strong>enirn</strong></span> <span class='ocrx_word' id='word_1_270' title='bbox 1339 3669 1414 3728; x_wconf 73' lang='lat' dir='ltr'><strong>roat-</strong></span> 
     </span>
     <span class='ocr_line' id='line_1_34' title="bbox 308 3755 1415 3824; baseline -0.006 -8"><span class='ocrx_word' id='word_1_271' title='bbox 308 3764 355 3818; x_wconf 83' lang='lat' dir='ltr'><strong>tex</strong></span> <span class='ocrx_word' id='word_1_272' title='bbox 379 3762 464 3817; x_wconf 86' lang='lat' dir='ltr'><strong>libera</strong></span> <span class='ocrx_word' id='word_1_273' title='bbox 488 3761 652 3816; x_wconf 84' lang='lat' dir='ltr'><strong>auctoritate</strong></span> <span class='ocrx_word' id='word_1_274' title='bbox 676 3777 726 3814; x_wconf 89' lang='lat' dir='ltr'><strong>sua</strong></span> <span class='ocrx_word' id='word_1_275' title='bbox 750 3760 811 3815; x_wconf 88' lang='lat' dir='ltr'><strong>dein</strong></span> <span class='ocrx_word' id='word_1_276' title='bbox 837 3775 882 3814; x_wconf 87' lang='lat' dir='ltr'><strong>eos</strong></span> <span class='ocrx_word' id='word_1_277' title='bbox 907 3759 1049 3814; x_wconf 84' lang='lat' dir='ltr'><strong>coufirmat</strong></span> <span class='ocrx_word' id='word_1_278' title='bbox 1073 3769 1098 3814; x_wconf 88' lang='lat' dir='ltr'><strong>et</strong></span> <span class='ocrx_word' id='word_1_279' title='bbox 1119 3757 1265 3813; x_wconf 82' lang='lat' dir='ltr'><strong>constitnit</strong></span> <span class='ocrx_word' id='word_1_280' title='bbox 1287 3755 1415 3824; x_wconf 63' lang='lat' dir='ltr'><strong>spiam</strong></span> 
     </span>
     <span class='ocr_line' id='line_1_35' title="bbox 309 3836 1415 3908; baseline -0.01 -11"><span class='ocrx_word' id='word_1_281' title='bbox 309 3859 359 3898; x_wconf 88' lang='lat' dir='ltr'><strong>nec</strong></span> <span class='ocrx_word' id='word_1_282' title='bbox 377 3851 442 3896; x_wconf 87' lang='lat' dir='ltr'><strong>ante</strong></span> <span class='ocrx_word' id='word_1_283' title='bbox 460 3839 608 3896; x_wconf 84' lang='lat' dir='ltr'><strong>consecrari</strong></span> <span class='ocrx_word' id='word_1_284' title='bbox 627 3850 747 3908; x_wconf 85' lang='lat' dir='ltr'><strong>possrrut.</strong></span> <span class='ocrx_word' id='word_1_285' title='bbox 785 3841 830 3894; x_wconf 86' lang='lat' dir='ltr'><strong>ltu</strong></span> <span class='ocrx_word' id='word_1_286' title='bbox 849 3839 966 3897; x_wconf 81' lang='lat' dir='ltr'><strong>influxus</strong></span> <span class='ocrx_word' id='word_1_287' title='bbox 991 3845 1020 3892; x_wconf 86' lang='lat' dir='ltr'><strong>ct</strong></span> <span class='ocrx_word' id='word_1_288' title='bbox 1038 3837 1187 3892; x_wconf 80' lang='lat' dir='ltr'><strong>auctoritas</strong></span> <span class='ocrx_word' id='word_1_289' title='bbox 1206 3836 1340 3891; x_wconf 76' lang='lat' dir='ltr'><strong>Ecclesiae</strong></span> <span class='ocrx_word' id='word_1_290' title='bbox 1362 3839 1415 3898; x_wconf 75' lang='lat' dir='ltr'><strong>apte</strong></span> 
     </span>
     <span class='ocr_line' id='line_1_36' title="bbox 308 3931 461 3978; baseline 0.013 -2"><span class='ocrx_word' id='word_1_291' title='bbox 308 3931 461 3978; x_wconf 80' lang='lat' dir='ltr'><strong>serrantur.</strong></span> 
     </span>
    </p>

    <p class='ocr_par' dir='ltr' id='par_1_8' title="bbox 308 3991 1447 4232">
     <span class='ocr_line' id='line_1_37' title="bbox 371 3991 1447 4100; baseline -0.013 -43"><span class='ocrx_word' id='word_1_292' title='bbox 371 3991 405 4071; x_wconf 62' lang='lat' dir='ltr'><strong>vl)</strong></span> <span class='ocrx_word' id='word_1_293' title='bbox 424 4003 441 4056; x_wconf 89' lang='lat' dir='ltr'>S</span> <span class='ocrx_word' id='word_1_294' title='bbox 470 4001 592 4056; x_wconf 77' lang='lat' dir='ltr'><strong>Anselmi</strong></span> <span class='ocrx_word' id='word_1_295' title='bbox 613 4001 740 4056; x_wconf 86' lang='lat' dir='ltr'><strong>Lucensis</strong></span> <span class='ocrx_word' id='word_1_296' title='bbox 763 3999 879 4068; x_wconf 86' lang='lat' dir='ltr'><strong>episcopi</strong></span> <span class='ocrx_word' id='word_1_297' title='bbox 897 3997 973 4052; x_wconf 86' lang='lat' dir='ltr'><strong>Libri</strong></span> <span class='ocrx_word' id='word_1_298' title='bbox 996 3998 1049 4052; x_wconf 91' lang='lat' dir='ltr'><strong>duo</strong></span> <span class='ocrx_word' id='word_1_299' title='bbox 1068 4001 1162 4051; x_wconf 88' lang='lat' dir='ltr'><strong>contra</strong></span> <span class='ocrx_word' id='word_1_300' title='bbox 1181 3997 1339 4052; x_wconf 85' lang='lat' dir='ltr'><strong>Guibertnm</strong></span> <span class='ocrx_word' id='word_1_301' title='bbox 1357 3991 1413 4044; x_wconf 83' lang='lat' dir='ltr'><strong>anti·</strong></span> <span class='ocrx_word' id='word_1_302' title='bbox 1446 4009 1447 4100; x_wconf 63' lang='lat' dir='ltr'><strong>p</strong></span> 
     </span>
     <span class='ocr_line' id='line_1_38' title="bbox 309 4073 1414 4153; baseline -0.012 -15"><span class='ocrx_word' id='word_1_303' title='bbox 309 4101 415 4153; x_wconf 85' lang='lat' dir='ltr'><strong>papam,</strong></span> <span class='ocrx_word' id='word_1_304' title='bbox 443 4099 490 4151; x_wconf 89' lang='lat' dir='ltr'><strong>pro</strong></span> <span class='ocrx_word' id='word_1_305' title='bbox 518 4082 673 4138; x_wconf 88' lang='lat' dir='ltr'><strong>detonsione</strong></span> <span class='ocrx_word' id='word_1_306' title='bbox 699 4080 825 4150; x_wconf 83' lang='lat' dir='ltr'><strong>Gregorii</strong></span> <span class='ocrx_word' id='word_1_307' title='bbox 851 4079 907 4132; x_wconf 90' lang='lat' dir='ltr'><strong>Vll</strong></span> <span class='ocrx_word' id='word_1_308' title='bbox 939 4078 1056 4148; x_wconf 73' lang='lat' dir='ltr'><strong>legitimi</strong></span> <span class='ocrx_word' id='word_1_309' title='bbox 1080 4077 1226 4132; x_wconf 83' lang='lat' dir='ltr'><strong>Pontificis.</strong></span> <span class='ocrx_word' id='word_1_310' title='bbox 1263 4073 1414 4130; x_wconf 76' lang='lat' dir='ltr'><strong>Bibliotheca</strong></span> 
     </span>
     <span class='ocr_line' id='line_1_39' title="bbox 308 4156 1218 4232; baseline -0.005 -15"><span class='ocrx_word' id='word_1_311' title='bbox 308 4181 410 4232; x_wconf 76' lang='lat' dir='ltr'><strong>inagna</strong></span> <span class='ocrx_word' id='word_1_312' title='bbox 429 4165 549 4229; x_wconf 86' lang='lat' dir='ltr'><strong>Petrum,</strong></span> <span class='ocrx_word' id='word_1_313' title='bbox 568 4163 642 4216; x_wconf 85' lang='lat' dir='ltr'><strong>Tom.</strong></span> <span class='ocrx_word' id='word_1_314' title='bbox 663 4161 710 4215; x_wconf 84' lang='lat' dir='ltr'><strong>XI.</strong></span> <span class='ocrx_word' id='word_1_315' title='bbox 731 4177 756 4230; x_wconf 86' lang='lat' dir='ltr'><strong>p.</strong></span> <span class='ocrx_word' id='word_1_316' title='bbox 776 4161 836 4216; x_wconf 78' lang='lat'><strong>679.</strong></span> <span class='ocrx_word' id='word_1_317' title='bbox 869 4159 952 4224; x_wconf 74' lang='lat' dir='ltr'><strong>(Edit.</strong></span> <span class='ocrx_word' id='word_1_318' title='bbox 973 4158 1063 4213; x_wconf 87' lang='lat' dir='ltr'><strong>Colon.</strong></span> <span class='ocrx_word' id='word_1_319' title='bbox 1082 4175 1107 4212; x_wconf 80' lang='lat' dir='ltr'><strong>a</strong></span> <span class='ocrx_word' id='word_1_320' title='bbox 1130 4156 1218 4228; x_wconf 71' lang='lat'><strong>1618.)</strong></span> 
     </span>
    </p>

    <p class='ocr_par' dir='ltr' id='par_1_9' title="bbox 384 4241 700 4311">
     <span class='ocr_line' id='line_1_40' title="bbox 384 4241 700 4311; baseline -0.009 -15"><span class='ocrx_word' id='word_1_321' title='bbox 384 4244 405 4311; x_wconf 68' lang='grc' dir='ltr'><strong>Β)</strong></span> <span class='ocrx_word' id='word_1_322' title='bbox 423 4243 453 4296; x_wconf 88' lang='lat' dir='ltr'><strong>L.</strong></span> <span class='ocrx_word' id='word_1_323' title='bbox 474 4241 495 4299; x_wconf 91' lang='lat' dir='ltr'><strong>l.</strong></span> <span class='ocrx_word' id='word_1_324' title='bbox 515 4244 533 4299; x_wconf 92' lang='lat' dir='ltr'><strong>l.</strong></span> <span class='ocrx_word' id='word_1_325' title='bbox 552 4260 571 4296; x_wconf 91' lang='lat' dir='ltr'><strong>c.</strong></span> <span class='ocrx_word' id='word_1_326' title='bbox 594 4260 618 4311; x_wconf 93' lang='lat' dir='ltr'><strong>p.</strong></span> <span class='ocrx_word' id='word_1_327' title='bbox 639 4245 700 4297; x_wconf 78' lang='lat'><strong>580.</strong></span> 
     </span>
    </p>
   </div>
   <div class='ocr_carea' id='block_1_8' title="bbox 0 0 1474 4832">
    <p class='ocr_par' dir='ltr' id='par_1_10' title="bbox 0 0 1474 4832">
     <span class='ocr_line' id='line_1_41' title="bbox 0 0 1474 4832; baseline 0 0"><span class='ocrx_word' id='word_1_328' title='bbox 0 0 1474 4832; x_wconf 95' lang='lat' dir='ltr'><strong> </strong></span> 
     </span>
    </p>
   </div>
  </div>
 </body>
</html>
