2898 4836
388 487 506 542 loannis
522 488 547 542 X
569 487 755 542 Pontificatue.
1097 491 1132 542 47

42 629 213 710 lentissima,
238 631 369 696 veneris
393 629 500 694 calore
524 651 693 712 succensa,
718 632 753 694 in
777 629 876 715 hujus
894 633 1016 716 speciei
1038 632 1131 697 deco·

41 748 94 790 rem
121 725 323 792 vehementer
352 730 493 808 exarsit,
527 751 625 814 seque
658 728 745 792 hunc
773 730 909 794 scortari
934 729 1130 796 nouaclum

41 825 133 902 voluit,
153 847 265 890 verum
289 837 363 911 post
385 829 484 890 etiam
508 837 608 912 atque
624 828 723 892 etiam
739 825 908 912 compulit.
941 827 1036 892 Haec
1051 828 1131 893 dum

40 922 220 1006 impudenter
249 933 408 1006 aguntur,
441 924 660 988 Bononiensis
685 923 843 988 ecclesiae
867 926 1042 1010 episcopus
1066 945 1130 990 mo-

38 1021 103 1082 ritur
129 1031 160 1084 et
180 1023 326 1088 loannes
349 1024 409 1086 iste
433 1021 504 1086 loco
528 1023 599 1106 ejus
622 1021 764 1106 eligitur.
809 1023 912 1088 Paulo
937 1035 1025 1109 post,
1055 1035 1131 1089 ante

37 1115 116 1202 hujus
127 1119 209 1182 diem
224 1121 491 1202 consecrationis,
507 1121 697 1184 nominatus
713 1119 889 1184 Ravennae
904 1121 1130 1208 archipraesul

38 1229 150 1280 mortem
173 1217 272 1300 obiit,
302 1216 478 1304 locumque
501 1217 573 1302 ejus
594 1217 742 1282 loannes
766 1217 837 1298 hie,
866 1219 1061 1285 Theodorae
1085 1222 1131 1284 in·

35 1314 144 1396 stinctu,
160 1316 483 1400 prioressononiense
499 1315 629 1380 deserta
641 1316 790 1396 ecclesia,
809 1315 1001 1382 ambitionis
1013 1319 1131 1403 spiritu

36 1411 154 1494 inflatus,
179 1423 294 1478 contra
316 1425 505 1478 sanctorum
531 1415 681 1478 instituta
703 1424 835 1498 patrum
860 1415 922 1479 sibi
947 1417 1131 1500 usurpavit.

36 1508 148 1574 llomam
172 1514 296 1598 quippe
319 1511 512 1587 adveniens,
538 1533 616 1575 mox
631 1512 845 1576 Ravennates
870 1512 1028 1576 ecclesiae
1047 1512 1132 1578 ordi·

36 1622 112 1669 natur
146 1613 330 1695 episcopus.
384 1609 517 1674 Modica
556 1631 634 1673 vero
674 1612 832 1694 temporis
873 1610 1131 1694 intercapedine,

36 1703 89 1766 lleo
117 1717 254 1772 vocante
284 1717 317 1772 et
345 1709 502 1794 quicum
526 1708 647 1792 injuste
671 1707 884 1772 ordinaverat
907 1729 994 1792 papa
1017 1707 1128 1772 delun-

34 1817 89 1864 ctus
108 1816 162 1868 est
208 1805 404 1872 Theodorae
435 1815 545 1870 autem
572 1805 742 1890 glyoc1·ii¹)
766 1827 859 1870 mens
882 1826 1055 1891 perversa,
1089 1827 1131 1869 ne

33 1903 126 1966 anani
149 1907 198 1966 stri
225 1905 442 1968 ducentorum
467 1903 695 1968 milliariorum
719 1904 977 1988 interpositione,
1010 1901 1131 1988 quibus

34 1996 168 2064 llavcnna
192 2013 418 2088 sequestratur
431 2002 545 2082 Roma,
569 2003 737 2066 rarissimo
761 1999 941 2066 concubitu
962 2001 1130 2084 potiretur,

33 2093 201 2164 llarennate
227 2099 316 2164 hunc
340 2099 658 2185 archipraesulatum
682 2102 790 2182 ce'egit
813 2099 980 2176 deserere,
1015 2097 1130 2162 Roma·

32 2214 169 2280 numque,
199 2197 415 2283 prohnefas!
451 2219 615 2262 summum
640 2198 847 2283 pontificium
872 2197 1061 2281 usurpare.“
1090 2233 1132 2244 --

32 2289 62 2354 lit
92 2296 254 2380 Antapod.
289 2297 329 2360 L.
365 2295 426 2360 111.
462 2315 505 2360 c.‘
526 2298 569 2360 43
606 2295 832 2379 ltuitprandus
866 2293 985 2358 refert:
1032 2293 1130 2374 „Quo

32 2389 152 2456 ‘loanne
176 2395 224 2480 X)
251 2405 395 2474 mortuo,
427 2397 533 2479 ipsum
559 2393 718 2458 llarotiue
743 2392 848 2457 lilium
873 2393 1008 2456 nomine
1030 2391 1130 2456 Joan-

32 2507 99 2558 uem,
121 2512 218 2576 quem
244 2513 286 2556 cx
300 2491 415 2576 Sergio
438 2514 526 2577 papa
549 2494 706 2556 meretrix
723 2493 795 2576 ipsa
808 2500 977 2574 genuerat,
1004 2490 1130 2574 Papam

31 2589 246 2652 constituunt.“

100 2687 150 2752 46.
187 2688 233 2752 Ut
265 2691 460 2754 assertiones
492 2687 567 2752 illae
595 2685 794 2772 Luitprandi
828 2686 942 2748 critice
975 2695 1129 2748 accurate
1153 2697 1291 2749 exuantur.

31 2785 286 2866 expenderentur,
311 2797 343 2850 et
366 2785 503 2850 historia
526 2785 614 2851 illius
637 2787 754 2849 aetatis
769 2783 994 2861 illustraretur,
1021 2803 1131 2846 neees-

30 2881 132 2946 sartum
148 2883 242 2966 soret,
268 2884 351 2950 bene
367 2905 463 2948 nosse
478 2884 650 2948 historiam
667 2893 699 2946 et
713 2882 945 2966 cognationem
962 2881 1130 2944 variarum

30 2977 208 3048 limiliarum
245 2983 431 3068 principum
465 2994 497 3048 et
529 3003 701 3067 procerum
733 2980 822 3044 illius
852 2978 1019 3062 temporis.
1065 2977 1131 3044 Sed

30 3075 198 3146 arctatae
224 3083 257 3144 in
281 3103 317 3146 re
340 3091 417 3148 sunt
437 3080 538 3146 valde
561 3079 710 3160 obscura,
728 3089 760 3142 et
783 3089 853 3142 tum
876 3077 909 3140 in
922 3074 1131 3160 Luitpraudo

28 3185 51 3230 el
71 3179 212 3262 antiquis
235 3179 435 3260 auctoribus,
461 3189 530 3244 tum
556 3180 589 3244 in
613 3175 852 3242 recentioribus
876 3175 1046 3238 iuvenitur
1062 3193 1130 3257 per·

29 3288 131 3354 magna
160 3277 327 3354 confusio,
362 3279 468 3341 itaut
491 3299 534 3339 ex
559 3278 724 3340 variarum
749 3275 943 3358 opinionum
967 3282 1000 3334 et
1023 3293 1132 3334 narra-

28 3369 135 3435 tionum
168 3373 360 3458 labyrintho
393 3397 489 3459 aegre
523 3375 597 3460 quis
628 3396 663 3436 se
691 3374 794 3457 possit
816 3371 989 3434 extricare.
1036 3367 1131 3447 Quae

29 3469 131 3532 cenius
154 3485 307 3537 constant
324 3475 396 3558 jam
421 3474 581 3537 dicimus.
599 3509 641 3522 —·
658 3470 797 3536 Saeculo
821 3489 908 3532 nono
933 3476 1076 3530 exeunte
1092 3489 1131 3530 ac

28 3559 137 3630 decimo
162 3572 299 3636 ineunte
324 3574 410 3636 vixit
433 3572 556 3636 Romae
576 3568 750 3634 Theodora
774 3563 911 3650 (senior)
937 3563 1054 3627 mulier
1077 3586 1131 3628 no·

29 3657 89 3726 hilis
110 3677 141 3730 et
164 3677 290 3753 polens.
327 3671 482 3736 Maritum
507 3667 624 3734 habuit
640 3665 938 3752 Theopbylactum,
963 3685 1049 3732 auno
1067 3663 1128 3728 901

24 3759 164 3848 judicem,
196 3790 235 3832 ac
260 3767 336 3832 dein
361 3768 528 3832 consulem
553 3778 586 3830 et
609 3775 791 3830 senatorem
817 3764 1012 3840 Romanum,
1044 3759 1132 3825 unde

60 3958 216 4028 ¹1Glycerii.
236 3962 252 4015 i.
273 3975 295 4016 e.
315 3961 400 4016 dulcis
420 3962 526 4026 amoris,
545 3977 562 4014 a
581 3961 680 4028 γλυκὺς
698 3967 726 4013 et
744 3961 816 4026 ἔρως.
852 3957 899 4012 Ita
917 3957 998 4010 Perta
1017 3955 1034 4010 l.
1053 3970 1075 4008 c.
1098 3985 1131 3994 -

30 4035 60 4086 [Ἰ.
73 4037 200 4096 &ament
217 4043 265 4107 ait,
286 4042 358 4096 tradi
376 4059 393 4096 a
410 4041 595 4110 scriptoribus,
614 4039 778 4094 Theodoram
798 4037 880 4091 liliam
899 4036 982 4090 inisse
995 4034 1133 4102 errjnsdam

30 4115 130 4182 ‘iucem
149 4123 192 4177 :u
212 4124 306 4178 eae.
327 4123 351 4178 e.
370 4123 450 4178 sees
468 4124 543 4187 nom,
563 4123 599 4178 11.
619 4137 644 4189 p.
663 4122 724 4176 aaa.
744 4119 834 4188 rrae).
871 4117 974 4180 usuro,
993 4123 1085 4168 utrum
1105 4114 1132 4168 u

30 4195 73 4248 llio
87 4201 213 4270 scriptore
231 4203 336 4258 illorum
355 4209 504 4272 temporum
524 4203 550 4256 id
569 4201 714 4266 habeatem
734 4214 767 4253 ex
779 4197 829 4252 hoc
839 4195 1002 4264 Luitprandi
1015 4195 1072 4250 loco
1083 4194 1133 4248 hoc

31 4267 113 4336 rolligss
131 4288 212 4343 tegre
230 4274 409 4330 admitterem.
