2952 4832
381 477 422 530 De
441 477 606 532 Pontilicatu
626 478 650 532 8.
671 477 798 547 Gregorii
817 475 879 532 Vll.
1149 475 1201 528 295

70 621 234 703 referunt,
269 623 454 686 Henricum
479 644 573 686 sacra
597 622 798 686 eucharistia
821 644 841 684 a
864 620 1026 685 Pontifice
1058 621 1122 706 ipsi
1146 619 1201 684 ob-

71 719 144 782 lata
165 727 285 804 'reapse
308 719 468 784 refectum
492 719 605 784 fuisse.
651 719 758 784 Addit
782 719 918 799 Boniao,
942 739 1054 804 regem
1078 717 1201 782 aPon-

71 816 167 880 tifice
191 816 379 882 celebrante
403 817 566 881 monitum
590 817 702 898 fuisse,
735 817 1003 882 communionem
1026 811 1114 879 hanc
1138 817 1200 901 ipsi

71 915 223 978 futuram
248 935 318 978 esse
354 917 389 978 in
413 913 564 996 salutern,
590 917 616 980 si
642 936 734 980 mens
758 915 862 1000 ipsius
897 915 940 978 sit
963 915 1109 996 sincera3
1149 915 1200 977 sin

71 1015 189 1076 minus
220 1033 298 1076 vero
332 1035 405 1078 eam
436 1015 500 1098 ipsi
530 1013 600 1078 lore
634 1015 668 1078 in
699 1015 891 1099 perniciem.
941 1011 993 1096 ,A
1017 1009 1201 1076 venerabili

70 1109 250 1194 Gregorio,
284 1109 409 1190 scribit,
441 1113 596 1196 quamvis
620 1112 691 1197 ejus
725 1133 792 1176 non
823 1113 996 1196 ignorante
1027 1110 1201 1188 versutias,

69 1208 318 1274 absolutionem
343 1231 443 1294 quam
467 1209 602 1295 petebat
625 1211 763 1292 invenit,
787 1210 1000 1274 'sacramento
1023 1207 1202 1271 Dominieo

71 1306 260 1370 mediatore
289 1309 323 1370 in
354 1309 426 1391 ipsa
459 1308 632 1372 missarum
659 1306 850 1372 celebritate
883 1307 946 1371 boc
970 1305 1083 1370 modo:
1115 1305 1201 1368 Nam

71 1406 215 1470 «livinae
232 1426 373 1486 mensae,
398 1403 609 1469 adstantibus
624 1407 798 1491 episcopis,
823 1403 1012 1486 abbatibus,
1029 1401 1200 1487 religiosis,

70 1501 209 1567 clericis
224 1525 264 1568 ac
278 1503 383 1584 laicis,
408 1503 471 1566 hoc
486 1503 584 1566 modo
601 1503 681 1567 fecit
697 1504 903 1589 participem,
925 1511 971 1584 ut,
996 1504 1023 1566 si
1041 1523 1076 1566 se
1091 1511 1201 1564 mente

70 1611 112 1664 ut
137 1621 274 1686 corpore
297 1601 429 1666 fecisset
452 1600 675 1682 humiliatum,
700 1611 732 1666 et
748 1603 774 1664 si
801 1623 835 1664 se
853 1601 930 1687 jure
954 1597 1104 1664 crederet
1118 1597 1201 1663 Pon-

70 1699 211 1782 tificem,
236 1723 270 1764 se
287 1721 366 1764 vero
382 1701 718 1780 excommunicatum,
745 1750 803 1764 ...
829 1711 861 1764 et
884 1720 944 1784 per
966 1698 1029 1762 hoc
1053 1697 1202 1764 crederet

71 1819 173 1882 posse
196 1797 325 1862 absolvi
350 1806 604 1880 sacramentum,
637 1797 779 1883 amplius
804 1796 851 1862 illi
875 1796 968 1862 fieret
992 1799 1025 1860 in
1050 1795 1201 1876 salutern,

68 1897 127 1959 sin
156 1916 233 1959 vero
257 1895 362 1974 aliter,
389 1907 424 1958 ut
434 1895 545 1962 Judae
569 1917 629 1981 per
652 1895 847 1978 buccellam,
872 1897 1010 1960 intraret
1032 1896 1067 1958 in
1093 1895 1201 1978 ipsum

71 1998 229 2058 satanas“
246 1995 278 2076 ¹).
310 1995 474 2058 Arrctores
490 1991 562 2057 illos
573 1992 675 2058 Italos
692 1994 880 2058 accuratius
899 1992 962 2057 hoc
978 1993 1101 2056 facturn
1117 2001 1200 2056 retu·

69 2091 154 2154 lisse
178 2113 358 2158 censemus.
406 2092 474 2178 lpsi
499 2093 591 2154 enim
616 2101 755 2156 eventus
786 2094 864 2156 istos
888 2092 1005 2156 melius
1028 2113 1123 2155 nosse
1148 2113 1202 2178 po-

72 2201 221 2271 tuerunt,
253 2212 353 2275 quam
378 2192 555 2275 scriptores
587 2191 621 2254 in
646 2190 827 2256 Germania
852 2191 1018 2274 degentes,
1052 2189 1095 2253 ad
1119 2211 1203 2276 quos

74 2287 168 2352 fama
199 2288 309 2352 minus
342 2287 449 2352 fidelis
479 2309 519 2352 ac
550 2291 659 2371 varia,
691 2289 814 2355 additis
846 2288 1104 2353 circumstantiis
1128 2309 1201 2352 con·

74 2385 175 2466 fictis,
193 2386 356 2471 pervenit.
381 2385 482 2450 Haud
500 2386 641 2451 dubium
657 2388 758 2472 igitur
775 2387 950 2468 sidetana
965 2385 1203 2469 Gregorionl

75 2484 227 2548 Henrico
251 2493 325 2570 post
349 2483 420 2569 ejus
434 2483 676 2551 absolutionem
695 2507 822 2549 sacram
837 2484 1070 2550 eucharistiam
1088 2483 1200 2547 datam

72 2583 190 2646 fnisse.
237 2583 390 2646 Fortasse
421 2582 554 2646 addidit
583 2581 843 2647 admonitionem
874 2581 1034 2668 aliquam,
1067 2603 1152 2668 quae
1182 2605 1203 2644 a

73 2681 248 2744 Bonizone
281 2702 348 2744 uon
380 2680 515 2766 quidem
548 2681 666 2746 iisdem
692 2679 817 2758 verbis,
851 2679 909 2743 sed
934 2679 1044 2765 quoad
1068 2701 1200 2744 sensum

74 2779 230 2844 refertur.
251 2816 294 2826 -
314 2777 424 2852 Instar
438 2776 556 2842 ordalii
573 2802 593 2841 a
607 2777 771 2842 Pontifice
789 2779 1056 2842 communionem
1073 2799 1202 2842 sumen·

71 2875 156 2940 dam
180 2877 281 2940 fuisse
298 2875 512 2961 propositam,
537 2886 573 2938 ut
589 2899 627 2940 ea
641 2879 770 2940 ratione
794 2899 853 2940 rex
874 2875 916 2940 ab
933 2875 1203 2940 accusationibus

73 2995 151 3038 sese
173 2986 338 3060 purgaret,
363 2973 545 3038 admodum
568 2973 788 3060 improbabile
813 2985 871 3039 est.
907 2973 1052 3052 Etenim,
1077 2973 1202 3038 utalia

72 3075 269 3138 omittamus
293 3093 377 3158 quae
402 3093 476 3136 curn
502 3071 664 3157 ejusmodi
691 3072 846 3156 Gregorii
879 3070 1016 3136 consilio
1040 3082 1200 3158 pugnant,

74 3169 212 3236 nolebat
236 3171 390 3236 Pontifex
413 3170 506 3234 litem
530 3173 615 3234 inter
632 3170 815 3234 Henrioum
840 3182 872 3234 et
889 3171 1091 3234 Germaniae
1115 3172 1201 3256 prin·

72 3272 170 3354 cipes
193 3267 348 3332 dirimere
374 3270 454 3354 ipsis
478 3291 544 3332 non
569 3269 701 3333 auditis.
739 3268 927 3353 Propterea,
952 3269 1012 3332 etsi
1037 3268 1093 3333 alii
1120 3269 1203 3332 desi-

73 3367 233 3431 derarent
261 3381 296 3429 ut
320 3368 432 3430 omnia
457 3367 567 3430 statim
592 3378 877 3452 componerentur,
909 3368 978 3451 ipse
1003 3366 1140 3430 firmiter
1162 3389 1203 3431 ae

72 3463 258 3550 prudenter
289 3466 322 3528 in
356 3486 394 3528 eo
425 3466 567 3550 perstitit
598 3466 775 3550 proposito,
807 3463 1000 3529 habendum
1025 3486 1095 3529 esse
1127 3485 1202 3529 con·

72 3572 216 3628 ventum
241 3563 274 3626 in
291 3563 484 3646 Germania,
509 3575 546 3628 ut
570 3564 639 3648 ipso
665 3562 718 3626 vel
743 3563 813 3648 ejus
829 3562 946 3648 legatis
963 3561 1201 3649 praesentibus

70 3662 322 3724 controversiae
353 3661 597 3740 dirimerentur,
633 3681 772 3746 eamque
804 3661 1030 3728 conditionem
1056 3661 1200 3724 Henrico

72 3755 235 3844 secutur)

153 4059 172 4129 ¹)
191 4059 232 4112 De
250 4075 349 4126 perseo.
369 4061 438 4118 Eccl.
458 4059 489 4116 L.
509 4061 587 4118 VIll.
607 4077 650 4129 ep.
673 4061 825 4115 Wattaricir
845 4061 862 4114 l.
883 4079 896 4112 c
925 4077 949 4129 p.
969 4060 1029 4115 aaa

149 4181 171 4236 ἰ
191 4175 246 4230 cfr,
266 4176 315 4228 hac
342 4177 375 4230 de
393 4193 422 4230 re
441 4177 536 4232 Het'ele
561 4179 590 4233 ι’.
611 4179 643 4234 (l.
662 4173 695 4232 V.
722 4179 745 4246 ᾖ.
771 4179 831 4243 581,
860 4173 905 4230 nbi
934 4177 966 4229 cl.
995 4181 1090 4228 auctor
1114 4175 1201 4228 fusius

73 4255 208 4311 ostendit.
228 4254 364 4311 Lamborti
385 4257 567 4310 narrationem
587 4256 695 4311 admitti
717 4273 768 4310 uon
787 4273 872 4325 posse.
