2898 4836
379 501 509 571 Stephani
527 501 568 555 VI
586 501 774 558 Pontificatus.
1096 507 1131 560 25

113 647 159 710 ⁶25.
188 643 436 711 Consideranda
460 655 537 710 sunt
560 647 661 730 igitur
684 647 846 732 imprimis
870 669 909 712 ea
933 646 1132 714 documenta
1158 665 1305 717 mucan

41 765 109 828 quae
135 743 286 828 majorem
310 742 435 808 habent
457 742 613 807 valorem.
661 743 757 807 Talia
779 745 926 829 profecto
951 757 1028 812 sunt
1050 727 1268 810 Aetam

39 841 144 906 wacilii
164 843 301 906 Benaci
330 863 416 905 anno
449 842 514 906 898
545 863 565 904 a
588 839 720 906 Joanne
743 841 833 906 IX
825 863 859 906 m
882 843 1031 908 favorem
1055 845 1134 908 For·

41 941 105 1002 mosi
125 939 235 1004 habiti.
281 939 321 1003 Ιιι
346 941 440 1003 initio
465 939 626 1002 Actorum
649 938 749 1024 hujus
772 939 937 1022 concilii¹)
961 942 1047 1005 inter
1069 941 1134 1005 alia

37 1039 140 1120 petitur
160 1037 201 1102 ab
213 1035 377 1100 Amolone
394 1038 549 1122 episcopo
564 1037 780 1101 Taurinensi:
807 1038 974 1124 „Legatur
988 1039 1135 1124 synodus

38 1134 108 1196 iacta
128 1133 326 1220 aStephano
351 1145 466 1198 contra
482 1133 689 1199 Formosum.
725 1133 825 1215 Quod
848 1147 881 1198 et
904 1136 1027 1200 factum
1052 1137 1132 1203 est.“

38 1233 113 1296 Varii
143 1233 218 1297 dein
250 1234 397 1318 episcopi
428 1233 484 1317 qui
515 1231 733 1296 interfuerant
761 1232 807 1297 illi
832 1233 960 1317 synodo
983 1233 1037 1298 vel
1061 1234 1135 1298 sub·

35 1332 227 1414 scripserant,
260 1330 485 1408 affirmarunt,
519 1329 553 1394 id
584 1350 651 1394 non
683 1330 746 1394 nisi
771 1333 877 1394 invite
900 1343 932 1395 et
955 1342 1067 1396 coacte
1091 1331 1134 1396 ab

37 1427 100 1511 ipsis
120 1430 311 1513 praestitum
337 1449 416 1492 esse.
459 1427 637 1508 „Prostrati
661 1437 736 1513 post
758 1428 897 1514 praefati
914 1431 1060 1515 episcopi
1078 1431 1134 1515 qui

37 1527 235 1590 interfuerunt
265 1525 312 1590 iili
336 1524 497 1611 Stephani
528 1525 655 1610 synodo
687 1537 801 1591 contra
832 1527 953 1591 domno
978 1528 1135 1590 Formoso

36 1624 274 1688 misericordiam
300 1624 468 1709 deprecati
493 1636 579 1688 sunt.
617 1624 713 1689 Tunc
738 1627 845 1689 omnis
859 1635 973 1688 sancta
988 1625 1135 1710 synodus

35 1724 111 1804 petiit
138 1721 398 1786 misericordiam
431 1722 543 1786 domni
569 1720 770 1807 Apostolici,
804 1734 841 1785 ut
871 1721 953 1786 illud
986 1721 1136 1786 funditus

31 1819 206 1898 eradicetur,
234 1842 275 1884 ue
299 1819 437 1883 ulterius
460 1821 607 1905 episcopi
633 1831 793 1904 cogantur
809 1818 889 1904 quid
910 1830 1024 1884 contra
1040 1841 1136 1884 cauo·

33 1937 96 1979 num
117 1920 348 1982 anctoritatem
371 1939 431 2003 per
454 1919 524 1981 vim
548 1918 667 1998 faeere,
695 1917 840 1982 autulio
865 1915 964 1981 modo
988 1919 1134 2002 episcopi

32 2016 57 2077 in
84 2016 265 2080 custodiam
297 2016 484 2080 trudantur.
534 2014 665 2094 Quibus
697 2013 839 2080 libenter
872 2014 1013 2079 domnus
1043 2015 1135 2101 Papa

30 2116 181 2179 assensit.“

102 2221 153 2285 26.
178 2221 274 2284 Varii
299 2241 395 2307 porro
420 2240 564 2283 canones
581 2218 707 2283 conditi
724 2229 810 2299 suut,
835 2219 892 2304 qui
908 2228 1047 2283 eventus
1063 2217 1135 2283 illos

28 2320 201 2403 respiciunt.
242 2317 395 2383 Habetur
416 2316 498 2382 Can.
516 2317 569 2381 1⁰.-
593 2314 754 2403 Synodam
778 2326 914 2403 tempore
931 2319 1011 2402 piae
1034 2338 1134 2380 reeor-

27 2413 150 2480 dationis
173 2417 260 2480 sextt'
283 2415 339 2498 (al.
363 2414 503 2502 septime)
528 2413 682 2500 Stephani
701 2435 826 2500 papae,
858 2413 1030 2479 deceamria
1052 2414 1135 2478 uide·

26 2511 86 2575 licet
106 2515 223 2591 nostri,
251 2513 456 2589 celebratam,
480 2514 513 2576 ia
538 2535 631 2597 qucum
653 2510 830 2576 venerabile
854 2535 968 2598 corpus
992 2512 1137 2576 For-mosi

24 2762 165 2828 expellitur,
195 2761 362 2830 sergiusque
380 2760 457 2829 Papa
474 2775 522 2828 per
540 2759 717 2814 Adelbertum
736 2759 922 2816 constituitur.
960 2759 1018 2826 Quo
1037 2759 1135 2814 consti·

26 2849 87 2904 tuto,
109 2851 141 2896 ut
160 2841 261 2910 impius
280 2839 515 2906 doctrinarumque
534 2845 689 2893 sanctarum
708 2839 821 2905 inscius,
842 2839 996 2894 Formosum
1015 2855 1030 2894 e
1048 2838 1136 2908 sepul-

23 2919 75 2974 ciro
91 2922 213 2987 extrahi,
241 2927 323 2987 atque
341 2919 370 2974 iu
389 2919 479 2974 sedem
497 2919 612 2974 Romani
631 2919 812 2974 Pontificatus
829 2919 1040 2974 sacerdotalibus
1059 2919 1135 2973 indu·

25 3003 108 3056 nentis
125 3003 253 3056 indutum
272 3000 396 3054 collocari
414 3000 560 3068 praecepit
598 2999 648 3053 Oui
667 3006 696 3055 ct
714 3001 769 3054 ait:
801 3000 869 3055 Cum
889 2999 1046 3054 Portuensis
1064 3013 1136 3053 esses

23 3081 153 3149 epismpus,
173 3097 223 3135 cur
242 3080 398 3135 ambitionis
411 3079 511 3148 spiritu
522 3079 673 3134 Romanam
685 3079 866 3136 amnemaiem
877 3080 967 3134 sedem
980 3079 1136 3148 usurpasti?

24 3159 64 3214 His
75 3161 196 3230 expletis,
216 3159 331 3215 sacratis
344 3176 404 3214 mox
417 3165 530 3214 exutum
543 3158 722 3226 vestimentis,
742 3160 891 3230 digitisque
903 3159 992 3214 tribus
1004 3158 1136 3224 abscissis,

24 3239 177 3297 iniiberim
199 3241 302 3311 jactari
327 3240 477 3309 praecepit,
503 3248 664 3307 cunctosque
690 3256 757 3308 quos
781 3239 837 3308 ipse
855 3239 1031 3294 ordinaverat
1048 3239 1135 3309 gredu

23 3321 116 3390 proprio
144 3322 283 3391 depositos
311 3321 410 3374 itemm
438 3321 648 3374 ordinavit...
668 3361 672 3369 .
694 3319 818 3386 Quantae
845 3331 938 3374 autem
964 3319 1136 3373 auctoritatis

22 3409 183 3470 quantaeque
207 3401 349 3470 religionis
367 3400 443 3469 Papa
461 3400 604 3456 Formosus
628 3399 728 3464 fuerit,
753 3399 816 3454 hinc
842 3400 970 3468 colligere
989 3413 1136 3468 possumus.

22 3481 136 3544 qnoniam
161 3482 226 3536 dnm
252 3497 268 3534 a
291 3479 472 3549 piscatoribus
496 3479 666 3548 postmodum
693 3488 765 3534 esset
782 3479 925 3544 inventus,
952 3485 1035 3545 atque
1053 3479 1087 3532 sd
1105 3479 1136 3532 B.

23 3557 87 3614 Petri
105 3561 298 3630 Apostolorum
323 3560 452 3630 principis
471 3560 611 3615 ecclesiam
629 3561 803 3628 deportatus,
832 3567 987 3614 sanctornm
1005 3559 1137 3626 quasdam

23 3637 143 3708 imagines
168 3641 241 3696 hunc
265 3640 294 3696 in
318 3640 404 3694 ioculo
429 3640 548 3708 positum
574 3640 768 3696 venerabiliter
785 3641 950 3696 aducamut.
988 3639 1046 3693 Hoc
1064 3638 1136 3694 euim

23 3734 35 3770 ι
51 3720 260 3790 religiosissimis
278 3721 415 3774 Romarm
434 3719 508 3774 urbis
527 3720 595 3774 viris
614 3735 743 3788 persaepe
762 3719 880 3774 audivi.“
914 3717 1043 3788 Antipod.
1063 3715 1095 3770 L.
1114 3717 1136 3772 I.

23 3815 40 3851 ι.
56 3800 96 3856 30.
117 3831 148 3841 -
166 3801 258 3864 Vides,
284 3799 483 3868 Luitprandum
501 3800 609 3855 omnino
628 3815 727 3864 errare,
756 3801 819 3855 dum
838 3797 930 3863 refert,
959 3811 1137 3852 successorem
1217 3809 1220 3816 ’

23 3876 130 3935 Formosi
159 3895 177 3935 a
201 3881 297 3949 Sergio
325 3880 480 3948 expulsum,
508 3895 541 3933 ae
564 3880 627 3934 dein
653 3879 779 3948 Sergium
797 3877 956 3933 Pontificem
980 3877 1084 3932 iactum
1107 3876 1137 3930 in

23 3957 131 4014 Formcsi
156 3976 253 4029 corpas
277 3961 415 4015 saeviisse.
452 3960 565 4030 Sergius
589 3975 644 4014 non
662 3959 716 4015 nisi
735 3975 806 4014 anuo
824 3961 879 4013 904
897 3959 931 4012 ad
950 3955 1138 4026 pontificatum

23 4040 145 4104 pervenit.

87 4122 105 4184 Ι)
124 4119 184 4175 Hoc
196 4121 325 4174 Actomm
343 4120 423 4189 hujus
445 4119 552 4175 concilii
571 4119 681 4176 initium
701 4119 787 4174 edidit
805 4134 840 4174 cx
852 4122 1010 4186 pervetusto
1024 4116 1138 4171 Patrem

22 4197 132 4254 Oratorii
150 4199 267 4254 Romani
285 4198 458 4254 Mabitionius
477 4199 506 4254 in
524 4200 617 4255 Museo
635 4200 740 4264 Italico,
758 4199 834 4254 'Pom
853 4199 875 4256 Ι,
894 4197 925 4252 P.
943 4194 981 4254 11.
1001 4213 1026 4266 p.
1044 4195 1088 4252 86.
1103 4227 1136 4236 -
1216 4253 1220 4262 ,

25 4275 138 4334 liabetur
157 4282 186 4335 in
205 4279 272 4335 0011.
293 4280 371 4335 Oouc
390 4279 477 4334 (toleti
496 4279 570 4334 Toni.
589 4279 638 4336 XI.
657 4279 706 4334 col.
725 4280 807 4338 699..
