2926 4840
319 495 361 552 De
378 495 565 552 Deurstslibns
583 494 866 550 Pssnoclsidortsuis.
1102 495 1156 552 273

54 637 292 720 judicanda?“¹)
339 639 474 704 Ilansat
496 641 597 725 igitur
627 638 716 724 quod
739 638 901 719 diximus,
936 659 1002 703 non
1026 639 1157 704 ordina-

57 751 113 798 turn
145 745 176 800 61
203 745 355 800 accurate
386 736 583 822 dispositum
617 735 776 801 Codicem
805 733 1007 800 Collectione
1035 736 1155 801 Isidori

57 835 207 915 constituri3
236 835 417 898 universim
441 844 553 900 tamen
576 844 692 898 auctor
714 833 796 897 illud
820 834 1029 919 prosequitur
1051 837 1156 898 consi-

56 929 132 1009 lium,
154 931 240 1017 quod
263 931 510 1018 descripsimus,
534 941 572 996 ut
594 931 751 997 ecclesias
774 939 806 994 et
829 933 1001 1018 episcopos
1023 941 1157 998 tueatur

55 1037 152 1092 contra
172 1037 366 1116 potestatem
390 1029 539 1112 civilem,
564 1041 597 1094 61
619 1029 808 1117 praesulum
832 1029 987 1114 dignitati
1010 1039 1043 1093 st
1066 1049 1155 1095 secu-

54 1127 127 1188 ritati
156 1127 347 1212 provideat,
383 1149 423 1192 ac
457 1127 669 1213 disciplinam
705 1125 963 1191 ecclesiasticam
997 1126 1059 1190 sub
1092 1125 1156 1192 hoc

53 1233 183 1308 respectu
206 1235 379 1290 restauret.
425 1225 536 1312 Atque
560 1235 734 1311 propterea
766 1247 861 1288 uuum
884 1226 1046 1289 66661116
1068 1225 1155 1311 capi·

53 1319 121 1386 stu
146 1343 229 1408 qnae
260 1323 365 1388 abeo
399 1322 609 1388 inculcantur
637 1322 719 1388 illud
743 1332 807 1404 est,
840 1343 882 1386 66
906 1324 1053 1408 66166661
1085 1323 1155 1387 6166

52 1441 194 1486 consensu
218 1421 359 1486 Romani
383 1421 555 1486 Pontificis
578 1421 796 1506 deponantur.

124 1527 174 1594 62.
192 1525 391 1600 ¹Contendit
420 1528 462 1592 de
487 1527 624 1612 Regnon
648 1529 683 1592 in
708 1527 936 1592 dissertatione
970 1525 1010 1589 de
1034 1527 1155 1590 Decre-
1189 1523 1301 1570 SM·

51 1623 157 1690 talibus
179 1624 457 1690 Pseudo-Isidori
488 1625 554 1710 (La
576 1627 718 1710 question
741 1625 797 1689 des
817 1624 951 1709 juusscs
973 1599 1157 1688 Decretalos
1192 1587 1297 1638 πω

52 1725 193 1802 661866,
218 1723 345 1788 Etndes
368 1723 558 1808 religieuses
584 1723 669 1788 1866
693 1722 735 1788 II.
760 1745 792 1808 p.
818 1720 908 1807 382),
932 1721 974 1788 ab
992 1721 1155 1787 Hinschio

52 1817 100 1882 hac
129 1821 162 1884 in
193 1843 229 1884 re
262 1819 455 1902 discedens,
491 1820 609 1886 Isidori
638 1820 831 1886 Mercatoris
862 1821 988 1884 (6116666
1019 1841 1155 1905 6666616

50 1917 152 1998 luisse,
187 1927 225 1982 61
257 1941 374 1983 causas
406 1920 637 2004 episcoporum
672 1917 715 1982 ad
745 1918 932 1982 Romanum
959 1918 1155 1984 Pontificem

51 2013 235 2080 devolveret.
283 2016 355 2098 „La
377 2016 518 2086 reformo
541 2015 734 2103 poursnivie
757 2037 818 2100 par
840 2014 870 2079 le
885 2014 1154 2080 Pseudo-isidore

51 2115 175 2178 consiste
208 2113 485 2180 essentiellement
516 2115 538 2178 11
565 2117 715 2178 reserver
746 2135 789 2177 au
812 2113 943 2178 Pontife
973 2114 1102 2178 romain
1125 2113 1156 2178 le

45 2210 202 2294 jugement
225 2211 267 2276 de
291 2221 364 2277 tons
386 2211 433 2276 les
457 2215 690 2299 6166666...
715 2211 795 2275 Puis
818 2211 904 2276 douc
927 2233 991 2297 que
1013 2210 1043 2276 le
1062 2211 1156 2297 juge·

51 2319 126 2372 6661
147 2309 207 2374 (166
231 2312 376 2395 (1νό6666
399 2312 461 2374 1616
481 2333 524 2374 au
545 2331 628 2393 rang
652 2310 709 2374 des
733 2331 848 2374 causes
872 2309 1036 2395 msjeures
1058 2332 1078 2373 a
1102 2311 1155 2373 ete

50 2403 74 2467 la
92 2409 195 2491 pierre
227 2407 269 2472 de
292 2408 412 2472 touche
435 2429 519 2494 pour
542 2413 766 2488 reconnaitre,
799 2407 911 2492 quand
934 2415 967 2470 ct
990 2417 1157 2472 comment

50 2501 72 2564 le
92 2525 171 2590 pape
194 2504 329 2570 Nicolns
352 2506 392 2570 I·'
415 2529 435 2570 a
458 2528 567 2572 connu
592 2517 625 2570 61
647 2507 712 2568 cite
734 2505 782 2570 les
805 2505 931 2568 fsusses
955 2503 1154 2587 decretulum

49 2604 171 2689 puisque
202 2604 438 2668 soixante-dix
461 2604 587 2669 fausses
612 2602 795 2667 decretales
826 2625 883 2666 sur
905 2612 1019 2688 quatre
1044 2604 1156 2686 vingts

51 2719 82 2761 nc
102 2703 235 2766 traitent
257 2723 316 2787 pas
340 2725 385 2768 un
408 2713 501 2768 autre
526 2703 626 2788 sujet3
650 2703 791 2787 puisque
814 2701 856 2765 de
879 2700 995 2764 l'aveu
1019 2700 1060 2765 de
1082 2711 1156 2765 tous

50 2817 78 2858 ce
98 2801 188 2883 point
211 2808 262 2863 est
283 2799 314 2864 le
337 2799 406 2864 seul
430 2801 487 2886 qui
511 2801 558 2864 611
579 2801 687 2864 excite
707 2798 764 2864 des
784 2797 1017 2864 reclamatione
1035 2821 1078 2863 an
1093 2798 1156 2866 IX‘

50 2895 141 2978 siecle,
164 2897 294 2962 n’estil
317 2919 377 2983 666
400 2897 529 2964 6616161
553 2897 593 2962 (16
621 2897 774 2961 66661616
797 2917 862 2981 que
886 2897 913 2959 c’
924 2906 973 2960 661
994 2896 1028 2960 lt
1051 2897 1154 2982 preci·

50 2995 160 3058 sinent
195 3017 234 3060 ce
272 2998 330 3081 qui
365 2997 496 3060 resume
530 3003 620 3060 tonte
660 2994 692 3060 la
725 2995 865 3059 reforme
900 2993 1153 3080 pseudo-isido-

48 3091 221 3175 nonnettt)
270 3093 359 3174 Quid
383 3093 426 3158 de
448 3093 585 3158 Nicolso
610 3093 789 3156 dicendum
813 3094 870 3172 sit,
902 3093 1039 3156 inferius
1063 3092 1153 3158 vidc-

52 3185 154 3256 bimus.
201 3190 269 3256 Sed
298 3201 529 3278 argumentum
553 3190 636 3255 illud
665 3211 781 3275 perse
813 3188 1001 3254 6611616666
1024 3188 1154 3254 conclu·

51 3283 98 3350 dit.
141 3289 294 3354 Sufficiat
332 3291 434 3354 citare
473 3311 512 3352 ea
552 3311 637 3375 quae
677 3288 776 3352 simili
815 3289 985 3352 assertioni
1025 3288 1154 3374 (contra

52 3383 310 3452 illesehersleben
334 3397 367 3452 et
385 3385 534 3472 Goecke)
559 3386 736 3472 respondet
749 3385 942 3451 Hinschius.
990 3386 1153 3470 ,Respon-

51 3479 180 3548 deudnm
204 3495 270 3567 est,
304 3507 379 3550 cum
412 3484 507 3570 plura
529 3485 675 3568 genuina
707 3482 775 3570 (vel
798 3483 925 3570 spuria)
949 3483 1089 3548 concilis
1121 3494 1155 3548 et

52 3577 215 3648 decretales
251 3583 285 3648 in
321 3582 512 3648 collectione
542 3581 815 3648 Pseudo-Isidori
857 3582 1018 3646 contineri
1053 3601 1152 3666 quam

52 3673 109 3741 illas
143 3682 352 3766 septuaginta
388 3680 586 3763 decretales,
627 3689 690 3744 tum
726 3681 764 3744 de
802 3680 909 3744 1661116
950 3678 1027 3744 aliis
1062 3678 1155 3744 rebus

53 3773 341 3844 Pseudo-Isidorum
372 3801 463 3864 66666
492 3788 526 3842 61
555 3778 664 3844 locum
688 3779 826 3843 citatum
859 3776 916 3863 (nb
939 3775 1153 3862 adversariis)

53 3875 97 3956 qui
111 3877 328 3942 accusationis
349 3877 577 3962 cpiscoporum
595 3877 795 3940 mentionem
817 3876 898 3941 facit
917 3874 959 3940 ab
979 3897 1017 3938 eo
1031 3875 1152 3956 afferri,

54 3981 81 4030 ut
99 3973 254 4056 ostendat,
279 3973 400 4061 quibus
424 3972 522 4038 rebus
540 3975 715 4062 praecipue
739 3973 962 4038 ecclesiastica
976 3971 1155 4057 disciplina

54 4067 85 4130 ad
105 4071 269 4136 interitum
293 4083 412 4137 vocata
435 4082 467 4135 et
490 4073 523 4136 in
547 4073 678 4137 ruinam
702 4072 920 4157 praecipitata
935 4071 1041 4158 sit.“³)
1079 4070 1153 4134 Hoc

62 4193 243 4208 -η--μ-

112 4266 119 4296 ¹
124 4287 130 4330 l
148 4267 297 4333 Hinschius.
310 4285 334 4337 p.
349 4265 466 4322 ccxlv,
511 4267 533 4336 ²)
551 4267 582 4320 1..
597 4283 619 4323 c.
634 4282 658 4334 p.
672 4267 734 4322 392.
774 4267 795 4333 ³)
812 4264 1003 4334 Η166611166,6.
1018 4263 1152 4319 CCXVII.

92 4367 214 4418 tum,
228 4371 400 4412 neuruuone.
431 4369 489 4410 rom.
505 4368 541 4410 111.
1011 4355 1045 4408 18
