2962 4840
244 529 646 612 eremmon-semeiae
665 529 695 598 3
714 543 772 598 su.
791 524 944 600 3331333.
1107 547 1156 600 rer

61 687 312 752 munditiem.
335 689 362 752 si
395 703 449 752 res
476 687 630 776 politices
660 678 796 752 tantum
822 699 876 751 ec·
892 685 1158 774 pacem'''1taliae

59 785 108 848 ista
136 795 353 872 3333333331,
378 781 653 871 eoepnenastll
685 772 802 849 merito
825 763 1003 875 'sollicitus'
1024 779 1065 850 de
1093 773 1158 850 hee

58 878 391 968 questione'ft'sitseu
415 883 485 947 -sed
508 885 698 950 constitutio
732 881 788 947 1113
819 885 1034 970 principatus
1050 878 1159 948 civilis

58 981 196 1064 protecta·
212 977 330 1045 intime
348 975 512 1046 ’3333333
543 989 616 1044 erat
643 992 718 1044 'cum
732 977 834 1044 'bono
865 981 966 1045 totiu's
989 979 1159 1046 Ecclesiae

56 1091 82 1138 rt
97 1099 165 1142 curn
179 1073 495 1165 lndependentiset
509 1065 684 1143 securitate
697 1077 794 1142 Sedis
810 1077 1030 1164 Apostolicae.
1051 1078 1054 1095 '
1072 1074 1158 1159 Qua·

56 1189 171 1261 pupter
188 1174 351 1240 maximo!
371 1175 559 1245 laudandus
585 1186 637 1240 est
660 1175 863 1262 Stephanus,
900 1175 988 1264 quod
1021 1171 1159 1241 obtesta-

56 1275 128 1337 tione
150 1273 270 1338 main
293 1275 436 1359 negotiis
458 1273 522 1338 illie
546 1276 771 1339 intertenerit.
984 1284 986 1292 '

127 1371 186 1435 su.
211 1371 261 1436 Uo
282 1389 360 1436 vero
392 1371 621 1458 ab'ejusmodi
655 1373 863 1438 matrimonio
889 1354 1044 1436 Carol'um
1078 1369 1160 1457 ejus·
1184 1385 1315 1436 umens·

54 1491 105 1552 que
124 1471 269 1534 13313333
294 1469 488 1551 deterreret,
522 1471 684 1556 imprimis
709 1477 803 1554 urget
819 1467 1159 1534 ‘indissolubilitatem
1194 1445 1306 1498 ΜΗ·

55 1569 241 1634 muscenti
270 1567 342 1668 jam
376 1569 555 1649 contracti,
592 1579 625 1632 et
656 1568 762 1653 legem
788 1566 937 1632 divinem
971 1561 1038 1654 qua'
1060 1557 1159 1631 aliam

53 1656 171 1729 uxorem
196 1682 328 1730 camene
352 1659 577 1751 prohibeatur.
617 1667 791 1753 ’,13311131
818 1667 908 1730 enini
938 1671 1000 1746 331,
1034 1661 1159 1746 scribit,

53 1773 81 1823 ut
98 1761 147 1826 331
169 1763 309 1849 penitus
330 1755 451 1832 vestris
474 1763 634 1828 escendat
657 1763 821 1843 cordibus,
847 1761 928 1828 alias
945 1783 1063 1827 uxores
1077 1763 1160 1828 acci-

51 1881 115 1942 pere
144 1881 249 1947 super
272 1879 347 1943 333,
380 1874 462 1947 ques
493 1864 648 1947 primitus
670 1881 730 1925 ros
754 1861 878 1925 certum
913 1869 961 1925 est
983 1863 1159 1948 occepisse.

52 1957 112 2024 lien
143 1959 246 2024 souis
281 1962 438 2024 33333311
472 1959 537 2024 1313
571 1963 685 2046 peragi
721 1959 832 2044 nefas,
868 1954 924 2047 331
959 1957 1064 2044 legem
1095 1959 1160 2024 Dei

52 2059 173 2138 tenetis,
210 2067 245 2121 31
276 2057 423 2121 aliosne
455 2057 535 2122 13113
558 2069 659 2143 agant
691 2056 864 2144 corripitis.
910 2055 1005 2122 Haec
1038 2059 1161 2146 quippe

50 2175 186 2238 paganus
210 2165 329 2240 gentes
350 2155 489 2220 faciunt.
529 2155 614 2219 Nam
639 2155 727 2220 ebsit
749 2155 812 2220 hoc
836 2177 855 2220 a
880 2153 986 2237 vobis,
1011 2154 1067 2242 qui
1090 2178 1161 2241 per·

51 2251 121 2315 13313
140 2254 221 2317 estis
241 2251 423 2334 christiani,
447 2263 480 2318 et
494 2265 575 2337 gene
594 2263 708 2318 sancta
727 2265 825 2340 atque
838 2252 949 2338 regale
964 2255 1042 2318 estis
1058 2275 1161 2318 sacer-

51 2347 176 2417 dotium.
224 2350 460 2416 Recordumini
496 2361 528 2415 et
558 2351 781 2416 considerate:
816 2351 912 2438 quie,
949 2348 1019 2415 olco
1048 2359 1161 2416 sancto

51 2448 218 2536 uncti'per
239 2469 359 2514 manus
380 2447 498 2514 vicarii
523 2447 612 2513 beati
635 2449 724 2513 Petri
732 2456 750 2532 ,⁴
776 2449 906 2514 coelesti
931 2445 1162 2514 benedictione

50 2549 114 2611 estis
137 2544 369 2628 3333111133113Ι
384 2557 416 2610 31
431 2547 618 2611 cavendum
636 2547 735 2611 'vobis
756 2557 813 2629 est,
837 2569 878 2611 ne
898 2549 998 2612 tantis
1016 2547 1162 2612 reatibus

50 2643 270 2730 implicemini.
286 2681 330 2694 -—
350 2643 550 2710 Mementote
564 2643 638 2724 hoc,
653 2642 957 2731 praecellentissimi
973 2643 1049 2710 tilii:
1073 2647 1162 2732 quod

49 2753 173 2808 333133
192 2741 433 2806 recordationis
448 2741 682 2829 praedecessor
695 2743 960 2807 noster'domnus
974 2741 1162 2830 Stephanus

49 2859 124 2925 3333
154 2839 453 2906 excellentissimae
484 2843 662 2906 memoriae
691 2830 872 2926 genitorem
896 2848 1043 2905 vestrum
1074 2839 1161 2905 obte-

49 2941 147 3019 rurit,
173 2949 212 3001 ut
234 2957 445 3024 nequaquam
464 2939 738 3026 praesumpsisset
756 2939 920 3003 dimittere
940 2926 1108 3002 dominam
1130 2949 1163 3002 et

47 3039 232 3107 3331313313
257 3047 418 3118 vestram3
453 3039 594 3122 etipse,
619 3038 704 3100 sicut
727 3057 843 3101 revera
869 3035 1162 3101 christianissimus

46 3153 106 3212 rex,
130 3135 203 3220 ejus
228 3131 407 3198 salutiferis
431 3133 672 3220 obtemperavit
695 3135 859 3200 monitis.“

127 3233 181 3297 88.
216 3228 282 3297 Sed
303 3251 368 3317 quo
387 3231 558 3296 efficacius
578 3233 745 3318 principos
766 3238 922 3315 moveret,
947 3232 1012 3298 3113
1032 3253 1161 3320 quoque

48 3329 231 3415 Stephanus
245 3329 341 3393 effert
355 3339 549 3413 argumenta
565 3324 686 3416 quibus
699 3329 928 3394 vehementius
940 3342 1044 3416 urget,
1063 3351 1174 3424 quam·

47 3429 181 3490 3331333
211 3437 244 3490 31
266 3427 442 3491 indecorae
475 3409 541 3490 s'lnt
564 3427 639 3491 illae
663 3429 809 3513 nuptiae.
856 3427 905 3492 Ea
940 3427 1073 3516 quidem
1100 3453 1164 3516 per

45 3545 73 3584 »a
103 3547 171 3588 333
190 3535 322 3589 mutum
356 3523 484 3605 331331,
519 3533 678 3611 quantum
703 3523 788 3590 illud
821 3525 908 3612 quod
935 3521 1030 3591 medo
1065 3548 1162 3612 expo-

47 3622 179 3701 suimus,
202 3622 258 3686 sed
288 3625 411 3708 passim
435 3621 607 3686 bominum
632 3607 760 3686 animes
789 3626 886 3687 etiem
912 3627 1017 3708 magis
1041 3625 1164 3688 feriunt

47 3719 202 3802 ejusmodi
231 3721 393 3801 rationes,
428 3721 454 3784 si
480 3739 555 3783 cnm
581 3721 614 3784 31
649 3719 760 3806 aliqua
792 3731 823 3784 et
846 3719 1036 3808 eloquenter
1065 3743 1162 3809 expo·

49 3829 219 3898 3333333.
255 3818 370 3898 Quum
394 3836 475 3882 vero
499 3817 665 3882 connubia
689 3839 764 3880 cum
784 3821 949 3882 extraneis
968 3819 1164 3883 mulieribus

48 3926 80 3978 31
110 3919 297 4000 perniciose
321 3915 476 3980 Pontifex
502 3913 677 3996 describit,
714 3915 748 3978 id
781 3939 989 4002 nequequam
1014 3915 1163 3982 absolute

49 4025 77 4072 et
103 4014 284 4081 universim
318 4035 433 4097 urgere
465 4013 554 4095 vult,
591 4013 647 4076 sed
679 4015 713 4076 in
746 4017 991 4098 comparatione
1019 4015 1162 4100 quadam

49 4113 227 4193 argumenti
258 4113 312 4177 vis
341 4113 404 4176 sita
434 4123 492 4176 est.
539 4113 801 4194 Argumentatur
829 4109 986 4176 videlicet
1008 4111 1164 4176 Pontifex

50 4225 87 4268 ex
108 4210 235 4295 antiqui
263 4207 408 4274 foederis
429 4210 648 4296 praescripto,
681 4229 745 4293 quo
770 4207 934 4274 Dominus
958 4207 1162 4275 ludaeorum

50 4304 214 4370 connubia
233 4327 309 4372 oum
336 4307 530 4372 mulieribus
554 4305 749 4391 alienigenis
773 4314 805 4369 et
821 4305 1024 4372 idololatriae
1041 4305 1163 4370 deditis

93 4423 224 4476 lum.
238 4425 411 4469 mmmmm.
441 4425 500 4468 ‘lem
516 4423 553 4467 111.
1022 4412 1054 4465 11
