2898 4836
127 1408 207 1460 Synodi
234 1411 287 1451 ceie-

168 1471 248 1511 brutas.

301 447 336 498 88
481 446 585 502 XVIII.
617 447 658 502 De
676 448 804 502 Romanis
823 447 998 503 Pontificibus
1016 449 1116 502 saeculi
1135 449 1237 504 decimi.

300 591 425 672 dorent,
451 590 686 656 documentum
710 592 819 671 daret,
852 593 1049 678 praecipuos
1073 591 1243 656 seditionis
1272 603 1405 656 accures

302 688 416 752 ultimo
441 687 602 774 supplicio
626 691 747 771 affecit,
771 689 920 754 Rotfredi
951 711 1030 754 vero
1054 689 1126 775 jem
1159 692 1279 754 mortui
1301 711 1405 775 corpus

302 809 344 849 ex
360 786 533 872 sepulchro
558 790 628 852 erui
647 789 748 874 jussit
771 789 852 852 etin
868 797 1009 874 quatuor
1031 797 1141 873 partes
1167 787 1318 872 discerpi.
1349 789 1403 852 uo-
1439 865 1440 880 χ

299 884 378 948 dum
404 887 589 949 severitatis
613 888 713 950 etiam
737 888 918 950 excessisse
941 885 1142 972 quibusdam
1167 887 1260 950 visus
1287 897 1335 950 est
1353 886 1403 949 lm·
1439 923 1440 930 ι

300 993 439 1066 perator.
490 983 573 1062 Otto,
597 983 713 1048 scribit
736 983 949 1048 Hermannus
973 981 1187 1062 Contractus,
1218 984 1347 1046 Romam
1367 1009 1404 1046 ce·
1439 1019 1440 1039 ι

299 1083 390 1144 nieme
413 1082 551 1172 iujurias
574 1083 706 1146 Domini
728 1083 838 1168 Papae
861 1083 1000 1168 praviter
1023 1085 1058 1146 iu
1082 1081 1263 1146 auctoribus
1287 1080 1406 1148 sceleste.
1439 1055 1440 1124 l

294 1181 419 1265 partim
442 1179 566 1258 celliis,
592 1181 715 1266 partim
733 1179 905 1267 patibulis,
938 1182 1096 1266 vastisque
1114 1181 1230 1266 poeuis
1254 1191 1284 1242 et
1307 1179 1404 1242 momi-

300 1277 482 1341 natiouilue
497 1277 700 1367 judicavit.¹)

389 1393 441 1457 87.
466 1393 619 1456 Pontifex
638 1414 713 1456 cum
730 1391 931 1478 Imperatore
947 1392 1062 1457 eodem
1083 1413 1170 1457 anno
1187 1393 1253 1456 967
1279 1395 1404 1478 primum

297 1490 421 1554 Romae
446 1511 485 1554 ao
509 1490 586 1555 dein
602 1491 782 1555 Ravennae
806 1490 988 1555 celebravit
1010 1491 1156 1574 synodos
1171 1489 1316 1576 plurium
1339 1494 1406 1576 epis·

298 1609 455 1673 coporum
480 1611 521 1653 ex
546 1589 643 1652 Italia
667 1598 699 1652 et
723 1588 917 1670 Germania,
949 1609 989 1652 ae
1012 1599 1182 1673 praeterea
1206 1587 1407 1674 sequentibus

297 1688 394 1750 annis
419 1688 537 1751 iterum
560 1689 655 1752 varia
679 1686 820 1751 concilia
836 1685 963 1766 habuit,
989 1695 1026 1749 ut
1049 1685 1305 1750 necessitatibus
1320 1686 1405 1750 ecclc·

298 1786 421 1848 siarum
446 1784 635 1870 provideret
665 1807 705 1850 ac
736 1783 947 1869 disciplinam
977 1782 1235 1849 ecclesiasticam
1266 1784 1405 1848 firmaret.

299 1883 510 1968 Quantopere
524 1904 602 1946 vero
616 1905 655 1946 es
669 1889 785 1963 aetate,
802 1905 868 1946 non
882 1881 1090 1946 obstantibus
1105 1881 1290 1946 factionum
1305 1881 1406 1945 tumul-

297 1979 397 2061 tibus,
423 1979 562 2044 ecclesia
577 1979 726 2044 Romana
749 1990 848 2065 atque
862 1979 1040 2044 Pontifices
1061 1989 1094 2042 ot
1108 1978 1214 2043 clerus
1238 1981 1275 2043 in
1298 1979 1405 2043 honore

297 2088 417 2156 essent,
442 2076 608 2162 colligitur
631 2100 673 2140 ox
697 2079 747 2158 iis,
773 2099 858 2163 quae
882 2077 1056 2142 liutherius
1080 2077 1283 2142 Veronensis
1306 2078 1404 2142 scribit

182 2178 186 2184 '
296 2176 339 2239 ad
373 2175 497 2239 elerum
533 2197 646 2252 suum,
681 2197 783 2261 quum
807 2176 946 2240 Romam
978 2175 1021 2239 ad
1055 2175 1233 2240 concilium
1264 2176 1309 2263 (a.
1338 2176 1405 2239 961}

296 2274 504 2359 profecturus
537 2284 631 2338 esset.
683 2273 753 2347 Qua
778 2277 976 2360 ipaorautia,
1006 2275 1068 2354 ait,
1100 2297 1159 2359 quo
1189 2274 1303 2338 melius
1332 2275 1401 2339 esui.

295 2395 354 2456 quo
380 2373 487 2457 aptiae
505 2395 636 2457 possum
658 2395 752 2458 quam
776 2373 894 2436 Romae
918 2371 1042 2436 doceri?
1069 2369 1154 2443 Quid
1169 2373 1252 2435 enim
1266 2373 1305 2435 de
1325 2370 1400 2434 eccle-

296 2472 435 2533 siasticis
467 2469 663 2556 dopmatibus
692 2469 810 2533 alicubi
833 2473 946 2548 eatur,
979 2470 1064 2555 qtsod
1087 2471 1207 2534 Roseae
1239 2471 1403 2555 ἰρηονιίιιιῖ

296 2565 368 2631 Illic
391 2570 502 2631 sermm-i
525 2567 576 2630 illi
600 2570 695 2631 totius
710 2567 795 2632 orbis
814 2569 973 2647 doctores;
996 2567 1064 2632 illie
1075 2571 1330 2652 praestantiores
1350 2569 1401 2630 eoi-

297 2677 422 2730 tuerunt
443 2667 635 2730 uniuersalis
657 2666 817 2730 Ecclesiae
836 2668 1009 2752 principes.
1042 2664 1116 2730 Illic
1139 2665 1314 2730 decretalia
1336 2667 1399 2728 Pon·

296 2764 419 2848 tiflcum,
443 2765 658 2828 uniuersorum
674 2765 880 2849 coaprepatio,
897 2765 1090 2828 eeamimatio
1113 2787 1278 2842 canonum,
1303 2787 1400 2850 appui

295 2861 381 2926 datio
397 2863 659 2947 recipiendorum,
683 2861 864 2947 reprobat-io
880 2861 1136 2948 spectandorum.
1172 2863 1329 2926 Postremo
1344 2885 1399 2924 ιιιιι-

295 2983 388 3044 piscem
411 2971 525 3036 ratum,
549 2959 633 3044 quod
656 2959 723 3023 illic
746 2962 881 3038 irritum,
905 2983 1059 3046 nusquam
1082 2962 1220 3038 irritum,
1244 2961 1327 3047 quod
1346 2957 1400 3022 illic

295 3069 400 3121 catam
414 3059 521 3144 fuerit
544 3060 652 3122 mmm.
696 3057 834 3122 Ubinam
863 3060 962 3143 ipitur
991 3059 1103 3122 aeolius
1126 3060 1330 3144 insipientiae
1344 3079 1398 3120 eori-

294 3157 411 3220 sulitur
434 3179 529 3234 meae,
554 3179 647 3241 quam
670 3156 724 3220 ubi
738 3157 819 3242 fons
843 3158 1021 3242 sapientiae
1044 3159 1183 3220 comiter
1206 3157 1323 3234 essel²)
1357 3153 1397 3218 Ex

295 3253 356 3316 hoc
382 3256 556 3338 praeconio
582 3254 692 3334 vides,
725 3277 762 3318 eo
791 3265 955 3340 tempore,
990 3276 1054 3339 quo
1079 3254 1220 3318 Romam
1252 3256 1397 3319 sentinam

294 3352 395 3415 fuisse
420 3354 639 3437 corruptionis
655 3352 792 3438 quidam
808 3361 958 3417 auctores
972 3351 1053 3416 falso
1071 3364 1273 3438 supponunt,
1298 3375 1317 3416 a
1335 3350 1397 3413 viris

293 3451 394 3513 etiam
419 3450 650 3530 severioribus,
676 3451 783 3535 qualis
806 3451 870 3514 fuit
892 3450 1078 3532 Retherius,
1103 3472 1176 3514 eam
1196 3449 1351 3516 celebrari
1372 3463 1396 3509 m
1437 3477 1438 3526 i

294 3549 476 3633 sapientiae
505 3559 538 3612 et
561 3547 756 3633 disciplinae
787 3547 1031 3613 ecclesiasticae
1059 3549 1182 3613 sedem.
1207 3587 1251 3595 —
1276 3547 1395 3613 Corona·
1437 3555 1438 3584 i

290 3647 344 3708 mit
374 3646 521 3711 Joannes
551 3645 639 3708 XIII
666 3667 754 3710 anno
786 3647 849 3710 967
883 3649 919 3710 in
942 3648 1024 3711 festo
1048 3645 1175 3711 Natalis
1199 3647 1333 3711 Domini
1353 3642 1393 3706 Ot-
1437 3657 1438 3734 j

294 3747 379 3808 tonis
411 3745 456 3807 M.
497 3742 601 3807 filium
636 3743 791 3809 Ottonem
828 3745 862 3808 ΙΙ
894 3745 1147 3830 Imperatorem,
1184 3747 1281 3832 eique
1313 3745 1392 3806 etism
1437 3739 1438 3748 ³

293 3863 380 3905 esurio
405 3841 470 3904 972
495 3843 528 3905 in
564 3845 811 3907 matrimonium
831 3845 947 3927 junxit
969 3843 1232 3929 Theophaniam‚
1262 3839 1391 3906 Romani.

325 4003 502 4012 ..----——-=

368 4089 387 4159 ¹)
407 4088 503 4142 Chron.
528 4105 552 4143 a
577 4090 639 4142 967.
661 4117 692 4129 -
712 4088 767 4145 Cir.
787 4089 881 4155 Balsa,
906 4089 998 4144 Storis
1015 4089 1131 4154 d'Itslia
1156 4089 1189 4142 V.
1209 4089 1245 4144 II
1267 4080 1388 4142 12.me

291 4185 336 4223 nn.
357 4169 452 4223 XVIII
471 4184 526 4236 sqq.

365 4247 388 4318 ²)
407 4247 581 4303 itinerarium
600 4249 711 4303 Romam
731 4250 820 4304 euntis
839 4266 864 4306 n.
884 4253 909 4306 2.
