2898 4836
280 499 331 550 loa
474 495 576 548 XVIII.
598 495 638 548 [te
658 494 785 548 Romanis
805 494 981 550 Pontificibus
999 495 1100 550 saeculi
1120 497 1224 550 decimi.

280 640 469 704 monasterii
504 640 538 702 in
563 635 728 702 Calabria.
776 637 838 700 Vir
870 637 1019 702 eruditus
1052 649 1085 704 et
1114 641 1293 704 sanctitatis
1313 663 1374 726 prae

280 759 315 801 se
338 737 446 800 serens
470 737 631 821 speciem,
663 755 822 820 magnum
856 735 1004 800 favorem
1033 747 1204 803 assecutus
1231 749 1278 802 est
1304 738 1376 824 apud

280 832 531 918 Theophaniam
564 831 811 917 Imperatricem
842 841 875 896 et
907 831 1062 898 Ottonenr
1093 833 1137 898 II.
1184 836 1307 900 Pavore
1335 839 1378 900 im·

279 930 397 1018 periali
421 952 508 996 anno
532 930 597 994 982
621 929 727 994 abbas
750 929 857 994 sactus
881 938 930 994 est
953 930 1173 1016 Nonantulae,
1198 933 1378 998 celeberrimi

280 1039 314 1093 et
337 1028 489 1094 ditissimi
515 1027 724 1104 monasterii,
757 1049 844 1091 anno
871 1048 948 1091 vero
972 1029 1038 1092 989
1065 1039 1195 1096 creatus
1228 1033 1381 1116 episcopus

281 1126 510 1206 Placentinus,
543 1135 642 1210 atque
675 1123 882 1210 Imperatrici
916 1124 958 1190 ab
992 1126 1119 1192 intimis
1152 1129 1215 1194 fuit
1248 1129 1382 1194 consiliis.

281 1226 380 1290 Anno
404 1225 479 1308 995,
509 1221 620 1287 adbuc
644 1225 779 1286 vivente
801 1222 933 1288 Ioanne
963 1225 1039 1307 XV,
1063 1224 1191 1312 legatus
1215 1228 1328 1290 missus
1348 1243 1385 1288 ost

281 1322 324 1387 ab
349 1322 470 1388 Ottone
494 1321 545 1385 III
569 1319 902 1433 Constantinopolim,
931 1333 968 1387 ut
991 1277 1115 1388 ibidem
1139 1335 1252 1410 ageret
1275 1324 1312 1389 de
1333 1346 1386 1388 na·

112 1424 212 1534 m?
217 1422 272 1526 ἒξ·
282 1422 436 1488 trImonio
461 1420 593 1486 Ottonis
624 1441 701 1483 cum
724 1418 835 1506 aliqua
871 1421 998 1505 virgine
1029 1443 1072 1484 ex
1105 1424 1206 1508 stirpe
1231 1421 1387 1508 Imperiali.

164 1556 225 1596 ma
283 1517 414 1605 aliaque
453 1518 585 1602 negotia
623 1516 758 1603 politica
790 1527 955 1582 tractaret.
1016 1519 1153 1586 Interim
1193 1529 1318 1584 mortuo
1345 1519 1388 1584 Jo-

284 1637 370 1680 anne
402 1617 468 1682 XV
508 1615 631 1679 electus
661 1614 724 1679 fuit
752 1612 933 1700 Gregorius
967 1616 1014 1678 V·
1006 1615 1267 1702 ,Philagathus
1294 1627 1390 1682 auum

284 1736 370 1779 anno
395 1715 459 1780 997
485 1712 770 1824 Constantinopoli
794 1711 936 1792 rediens,
968 1665 1106 1778 Rclmam
1130 1717 1224 1780 venit
1248 1737 1320 1780 oum
1339 1715 1390 1778 lm-

285 1813 443 1899 peratoris
475 1812 586 1895 graeci
618 1810 751 1896 legatis,
785 1811 843 1898 qui
867 1835 887 1875 a
912 1809 1101 1876 Crescentio
1134 1833 1257 1898 magno
1285 1813 1392 1878 honore

285 1911 407 1996 recepti
432 1917 519 1973 sunt.
564 1907 675 1993 Atque
708 1917 788 1972 tunc
819 1906 902 1973 illud
926 1908 1101 1973 eonsilium
1132 1911 1252 1974 initum
1277 1923 1338 1992 est,
1365 1923 1393 1971 ut
1442 1897 1443 1960 l

285 2008 390 2072 Roma
420 2009 538 2070 iterum
563 2004 706 2091 Imperio
730 2027 848 2090 graeco
873 2003 1085 2087 subderetur,
1118 2006 1267 2072 ,loannes
1296 2019 1393 2072 autem
1443 1979 1444 2036 l

286 2105 440 2170 Pontifex
463 2103 566 2168 fieret.
604 2101 728 2168 Infelix
744 2102 853 2183 bomo,
879 2105 935 2189 qui
958 2103 1042 2168 forte
1066 2105 1179 2169 favore
1195 2103 1395 2192 Imperatoris

286 2204 397 2288 fretus,
422 2212 613 2289 speraverat
642 2221 676 2264 se
700 2209 773 2285 post
804 2199 930 2264 obitum
954 2201 1094 2266 loannis
1118 2202 1183 2266 XV
1213 2201 1396 2288 dignitatem
1446 2228 1447 2270 l

286 2323 449 2366 summam
473 2300 687 2384 adepturum,
717 2297 814 2362 modo
840 2297 1022 2364 Crescentii
1046 2297 1270 2364 sollicitationi
1300 2303 1397 2366 cessit.
1447 2310 1448 2360 i

286 2411 318 2463 et
342 2421 454 2463 mense
478 2397 567 2484 lllajo
600 2395 653 2460 vel
676 2397 778 2462 Iunio
810 2398 888 2462 anni
920 2397 985 2460 997
1016 2399 1208 2483 antipapam
1241 2421 1311 2462 sese
1335 2421 1399 2462 cou-

286 2499 401 2562 stituit.
448 2497 584 2562 Frustra
609 2519 633 2560 s.
658 2493 754 2558 Nilus
785 2495 855 2581 ejus
885 2496 1029 2574 amicus,
1061 2507 1141 2560 tune
1172 2517 1275 2560 senex
1309 2517 1399 2560 nona·

285 2598 377 2681 ginta
401 2616 564 2660 annorum
596 2604 628 2658 et
651 2594 824 2656 sanctitate
850 2592 973 2672 clarus,
1007 2615 1083 2657 eum
1116 2595 1244 2658 monuit
1280 2615 1322 2658 ne
1347 2593 1401 2656 tal-

288 2694 507 2758 committeret
528 2693 669 2757 facinus.
677 2693 701 2772 ¹)

379 2809 453 2874 105.
492 2806 725 2892 GregoriusV
757 2805 883 2891 synodo
908 2805 1017 2870 Ticini
1042 2803 1156 2870 habita
1181 2804 1402 2872 Crescentium

287 2907 497 2972 anathemate
530 2904 676 2986 confixit,
709 2903 752 2969 ab
776 2903 897 2970 Ottone
921 2903 972 2968 III
1005 2925 1084 2968 vero
1117 2904 1279 2969 auxilium
1306 2907 1404 2990 petiit.

286 3006 471 3093 Imperator
486 3005 621 3067 ineunte
644 3021 731 3065 anno
748 3001 812 3065 998
837 3003 871 3066 in
888 2999 1019 3065 Italiam
1043 3022 1118 3064 oum
1134 3004 1281 3066 exercitu
1310 3004 1405 3066 venit.

289 3102 551 3189 Gregoriumque
586 3101 725 3164 Romam
753 3098 896 3164 reduxit.
953 3099 1100 3164 Ioannes
1132 3098 1407 3184 pseudopontilex

289 3204 324 3266 in
342 3202 421 3284 fuga
445 3199 680 3285 deprehensus,
705 3205 803 3282 atque
827 3219 847 3260 a
865 3196 1024 3261 militibus
1048 3195 1184 3260 auribus
1209 3195 1407 3282 naribusque

289 3297 469 3380 mutilatus,
500 3298 535 3362 in
565 3295 715 3360 custodia
746 3294 898 3359 detentus
926 3303 984 3359 est.
1032 3293 1105 3374 Qua
1135 3293 1176 3358 de
1207 3315 1241 3357 re
1264 3293 1409 3359 Ioannes

289 3399 324 3460 in
349 3395 502 3460 chronico
526 3395 745 3459 Venetorum:
783 3391 898 3478 ,Tunc
922 3391 1058 3478 quidam
1082 3393 1291 3477 insequentes
1315 3391 1410 3458 Joan·

290 3518 366 3562 nem
390 3492 711 3581 comprehenderunt
727 3511 802 3554 eum
827 3499 859 3554 et
882 3491 1045 3568 timentes,
1071 3512 1112 3554 ne
1135 3491 1162 3554 si
1186 3509 1263 3553 eum
1286 3489 1333 3554 ad
1350 3489 1410 3554 Au-

290 3603 423 3680 gustum
448 3592 662 3668 destinarent,
688 3590 870 3674 impunitus
893 3587 1010 3670 abiret,
1033 3587 1182 3673 linguam
1206 3589 1236 3651 ei
1261 3596 1293 3651 et
1319 3609 1410 3652 nares

291 3695 414 3780 pariter
436 3689 650 3755 absciderunt
664 3685 842 3772 oculosque
867 3685 913 3750 illi
930 3689 1061 3771 penitus
1085 3695 1252 3764 eruerunt,
1276 3695 1310 3749 et
1327 3686 1410 3770 capi·

291 3793 333 3854 tis
363 3790 555 3874 deturpatus
590 3785 769 3850 decoritate
809 3785 844 3848 in
877 3781 1022 3868 quodam
1054 3784 1252 3848 monasterio
1286 3783 1412 3848 delatus

292 3889 404 3970 est.“²)
461 3883 670 3950 Crescentius
703 3903 780 3946 vero
816 3883 872 3968 qui
906 3891 1096 3966 expugnata
1131 3902 1205 3944 arce
1236 3904 1263 3944 s.
1291 3879 1411 3966 Angeli

367 4057 389 4123 ι)
406 4053 549 4109 Probabile
573 4058 615 4106 est
640 4055 812 4119 praetextum
831 4047 930 4111 luisse,
954 4048 1024 4116 quod
1043 4047 1190 4116 Gregorius
1211 4047 1235 4102 V
1262 4049 1412 4104 suolmam

293 4135 339 4202 qui
358 4134 512 4190 canonicam
536 4132 653 4186 nondum
678 4127 796 4184 habebat
827 4133 959 4194 sautem,
985 4127 1108 4196 potentia
1133 4127 1267 4196 imperiali
1284 4143 1413 4182 sumnum

293 4215 485 4270 Pontificatum
502 4211 669 4280 arripuisset.

366 4295 387 4360 ⁹)
407 4295 495 4358 Perta,
515 4293 551 4346 ll.
571 4291 603 4346 G.
622 4291 677 4346 Sor.
698 4291 759 4346 VII.
779 4291 822 4346 30.
