2922 4832
376 515 417 568 De
435 514 496 583 lege
514 513 661 568 coabbates
678 513 790 570 violata
1094 519 1148 572 lua

49 658 168 744 majores
189 655 413 743 recipiebant,
444 657 639 744 plerumque
669 657 791 722 exinde
822 657 893 744 ejus
927 661 1002 723 usui
1026 681 1146 725 renun-

48 755 156 821 tiabant
176 767 210 822 et
232 757 458 820 continentem
481 757 586 820 vitam
610 753 779 820 ducebant

121 873 147 938 t.
185 871 271 938 Sunt
301 869 437 957 quidem
470 871 527 957 qui
560 872 768 952 existImant,
795 871 867 957 jam
904 870 947 935 ab
977 871 1203 981 Apostolisp·
1217 880 1311 922 *ἢ*

48 969 208 1034 coelibatus
231 989 271 1033 ac
295 969 518 1033 continentiae
541 967 647 1053 legem
669 971 880 1034 constitutam
904 967 1015 1051 luisse,
1040 971 1086 1035 ita
1110 981 1148 1036 ut
1170 943 1324 1044 '⁵2:⁸¹¹'

46 1069 91 1152 qui
111 1075 285 1132 occurrunt
313 1065 480 1152 prioribus
512 1066 652 1130 saeculis
676 1089 771 1130 casus
794 1069 950 1132 contrarii
978 1067 1147 1155 dispensa-

48 1167 115 1229 tioni
136 1164 188 1230 vel
212 1163 346 1249 regulae
361 1162 558 1228 relaxatioui
576 1163 746 1228 tribuendi
770 1166 846 1230 sint.
880 1164 1018 1232 Probari
1034 1176 1149 1233 tamen

44 1284 99 1326 non
118 1285 212 1348 posse
235 1261 378 1345 videtur,
408 1261 631 1326 universalem
659 1261 764 1347 legem
797 1261 978 1328 coelibatus
991 1262 1080 1329 'inde
1102 1264 1147 1329 ab

44 1360 260 1446 Apostolorum
292 1369 441 1444 tempore
469 1361 504 1424 iu
534 1359 685 1424 Ecclesia
715 1361 891 1426 exstitisse.
938 1360 1004 1428 Sed
1032 1384 1148 1448 quam·

44 1460 85 1522 vis
105 1459 307 1523 continentia
331 1459 443 1522 stricto
458 1467 634 1544 praecepto
658 1479 725 1522 non
739 1468 824 1522 esset
847 1459 1010 1545 imposita,
1034 1469 1147 1526 tamen

42 1555 77 1620 ab
98 1555 149 1621 illa
168 1559 241 1643 jam
265 1565 386 1638 aetate,
412 1577 515 1641 quum
545 1577 618 1619 eam
642 1557 787 1620 maxime
811 1556 928 1621 decere
951 1556 1088 1622 clericos
1111 1560 1147 1624 in

43 1664 192 1740 comperto
216 1663 315 1734 osset,
347 1653 482 1718 salutari
510 1653 749 1718 consuetudine
776 1654 970 1742 plerumque
993 1655 1146 1721 observa·

42 1748 133 1818 batur.
179 1751 279 1817 Unde
302 1750 430 1816 Natalis
454 1749 663 1816 Alexander:
703 1750 889 1834 „Quamvis
916 1753 1064 1818 Nicaeua
1088 1753 1146 1840 Sy-

41 1850 132 1914 nodus
161 1850 205 1914 de
236 1848 430 1913 clericorum
454 1847 620 1913 coelibatu
643 1848 726 1914 nihil
751 1852 911 1932 statuerit,
940 1851 1011 1938 ejus
1034 1861 1147 1918 tamen

40 1949 228 2034 temporibus
252 1949 408 2033 episcopi,
432 1946 617 2032 presbyteri
641 1957 674 2012 et
697 1947 829 2013 diaconi
853 1960 1047 2035 perpetuam
1071 1973 1146 2016 con·

40 2045 200 2112 tinentiam
224 2044 404 2110 servabant
432 2067 475 2110 ex
497 2043 667 2110 Ecclesiae
691 2045 881 2132 disciplina,
914 2047 1063 2112 diuturno
1087 2071 1148 2114 suu

38 2153 63 2204 et
82 2143 118 2208 ab
140 2144 325 2232 apostolicus
349 2142 539 2230 temporibus
557 2143 701 2207 derivato
715 2144 860 2228 fimeta,
884 2166 984 2230 quam
1008 2145 1148 2211 Sinicius

38 2251 64 2303 et
90 2241 143 2306 alii
175 2241 299 2306 deinde
329 2241 507 2306 Pontifices
535 2239 750 2327 Conciliaque
779 2241 918 2306 decretis
949 2244 1016 2307 suis
1046 2253 1147 2329 atque

37 2339 209 2404 canonibus
218 2337 480 2424 roborarunt.“¹)
503 2339 557 2402 Ex
573 2338 638 2403 alia
661 2349 773 2403 tamen
789 2349 882 2425 parte
897 2342 1024 2404 statuit:
1051 2341 1147 2424 „Per-

36 2447 143 2521 petuae
165 2437 223 2501 lex
246 2439 469 2503 continentiae
498 2458 559 2501 nec
583 2460 602 2502 a
627 2436 775 2520 Christo,
809 2459 871 2501 nec
900 2438 943 2503 ab
966 2437 1146 2524 Apostolis,

36 2537 124 2600 sacris
148 2536 310 2600 ministris
333 2535 486 2622 imposita
509 2533 636 2621 fuit.“²)
669 2534 769 2600 Unde
786 2537 939 2622 quamvis
962 2558 1030 2601 non
1046 2559 1147 2602 seusu

35 2632 191 2716 absoluto,
224 2642 335 2698 temen
371 2655 468 2698 sensu
499 2632 643 2719 quodam
671 2633 810 2699 relativo
835 2634 901 2699 dici
925 2643 1041 2720 potest,
1066 2636 1146 2700 inde

34 2729 69 2794 ab
91 2730 261 2818 Apostolis
285 2730 477 2812 obtinuisse,
508 2741 546 2794 ut
576 2730 706 2814 elerici,
738 2733 765 2796 si
796 2741 872 2796 ante
903 2731 1145 2798 ordinationem

35 2827 195 2895 habebant
218 2851 347 2912 uxores,
372 2839 485 2916 postea
499 2843 610 2895 tamen
634 2828 676 2894 ab
701 2851 763 2894 usu
787 2831 987 2894 matrimonii
1012 2833 1146 2917 penitus

33 2927 270 3014 abstinerent.³)

112 3044 143 3109 8.
181 3042 267 3108 Inde
297 3041 340 3106 ab
372 3043 466 3107 initio
498 3041 621 3107 saeculi
651 3041 700 3106 IV
731 3044 921 3108 invenimus
952 3044 1146 3110 aconciliis

32 3143 124 3206 variis
142 3143 216 3228 jam
241 3142 427 3204 accuratius
451 3139 685 3222 determinata,
716 3162 802 3228 quae
825 3141 1020 3207 clericorum
1043 3145 1146 3208 conti·

31 3241 171 3303 ueritiam
198 3248 357 3323 spectant.
403 3239 455 3303 Ita
485 3239 511 3302 si
544 3238 664 3324 aliquis
694 3237 868 3324 presbyter
897 3242 1145 3305 matrimonium

31 3335 140 3420 inibat,
166 3359 234 3401 nou
258 3337 428 3401 invenitur
442 3335 577 3422 quidem
601 3336 787 3401 invalidum
804 3337 906 3402 fuisse
929 3337 1011 3404 illud
1035 3341 1145 3404 matri-

33 3498 238 3511 ——n

95 3569 115 3636 ¹)
134 3567 209 3622 Hist.
229 3567 291 3622 eccl.
311 3566 424 3621 Dissert.
445 3565 519 3620 XIX
538 3566 567 3620 in
586 3581 654 3620 saec.
674 3565 721 3621 IV.
740 3565 894 3636 Propositio
912 3566 949 3623 11.

97 3649 117 3716 ¹)
136 3647 243 3702 Ibidem
262 3647 415 3716 Propositio
434 3645 486 3700 Ill.

94 3727 116 3797 ¹)
136 3727 235 3782 Acrior
252 3727 436 3781 controversia
460 3727 494 3781 de
518 3726 652 3782 ooehbatu
676 3727 794 3795 priorum
819 3725 954 3782 Ecclesiae
977 3726 1146 3783 saeculorum

29 3814 85 3862 orta
102 3814 147 3864 eet
165 3824 251 3876 nuper
269 3807 343 3862 inter
360 3807 392 3862 ol.
412 3807 444 3862 G.
463 3806 567 3861 Bickell
586 3812 615 3861 et
632 3807 664 3862 cl.
684 3807 714 3861 F.
732 3807 766 3861 X.
784 3807 871 3862 Funis
900 3805 979 3861 Alter
996 3807 1146 3873 contendit.

28 3885 85 3941 inde
102 3888 138 3942 ab
159 3887 295 3956 Apostolis
313 3887 375 3956 lege
387 3886 536 3942 universali
554 3903 587 3941 ac
604 3888 701 3942 stricta
719 3887 880 3942 coelibatum
898 3893 928 3942 et
946 3886 1146 3942 continentiam

29 3967 136 4023 curicis
170 3966 338 4037 praescripta
371 3967 469 4035 luisse;
503 3968 653 4036 oppositam
690 3967 853 4022 sententiam
886 3967 957 4021 alter
983 3967 1144 4023 vindicavit.

29 4044 58 4101 V.
76 4048 170 4104 Theol.
189 4047 348 4102 zeitschrift
365 4047 400 4101 ll.
419 4048 455 4101 26
472 4063 537 4116 sqq,
556 4047 607 4103 111.
627 4047 679 4101 792
697 4061 753 4113 sqq.
783 4044 943 4116 (Innsbruck
962 4047 1038 4110 1878,
1054 4047 1144 4112 1879),

29 4133 54 4180 et
69 4127 164 4182 Theoi,
183 4126 395 4194 Quartalsobrilt
412 4126 484 4183 LXI.
497 4144 523 4195 p.
537 4129 590 4183 208
608 4142 673 4194 sqq..
692 4127 778 4180 LXII.
798 4142 823 4194 p.
842 4127 895 4180 202
913 4141 971 4194 sqq.
990 4127 1144 4195 (Tubiugen

31 4207 102 4261 1879.
126 4208 215 4276 1⁸80.)
243 4207 312 4274 Quid
334 4207 385 4261 hac
408 4207 438 4262 in
458 4223 487 4262 re
506 4223 671 4270 censeamus,
696 4206 828 4278 ex'dietis
847 4205 965 4275 coluges
985 4238 1018 4247 -
1038 4205 1092 4261 Olr.
1111 4207 1147 4261 de

28 4287 174 4342 coelibatus
193 4287 298 4356 origiue
316 4293 345 4342 et
363 4287 478 4342 historia
496 4289 613 4353 Laurus,
632 4287 687 4341 Der
705 4285 811 4340 colibet
829 4291 880 4340 ete.
898 4303 923 4354 p.
944 4287 979 4341 63
996 4301 1052 4354 sqq.
