2898 4836
392 479 480 548 Sergii
500 479 544 533 111
563 479 748 534 Pontificatus.

85 625 233 704 „sergius
258 622 336 686 inde
361 623 455 699 redit,
481 622 607 686 dudum
632 623 689 708 qui
713 622 816 686 lectus
841 623 883 686 ad
908 647 1017 687 arcem

83 721 249 797 Culminia
275 721 376 784 exilio
400 719 519 784 tulerat
541 723 689 804 rapiente
713 720 895 802 repulsam:

81 819 152 898 Quo
175 820 335 904 profugus
359 819 454 882 latuit
478 829 602 903 septem
628 818 839 882 volventibus
863 821 970 883 annis.

80 918 165 982 Hine
188 917 304 1003 populi
329 939 479 980 remeans
502 917 666 1000 precibus,
691 928 839 980 sacratur
862 916 985 982 honore

79 1016 210 1080 Pridem
234 1015 420 1099 adsignata,
445 1037 509 1100 quo
534 1017 668 1078 nomine
692 1017 808 1078 tertius
832 1017 901 1080 exit

79 1115 243 1178 Antiates:
268 1114 359 1177 Petri
383 1115 507 1176 eximia
530 1135 594 1198 quo
619 1113 696 1176 sede
720 1122 852 1197 recepto

78 1211 241 1292 Praesule,
266 1211 391 1296 gaudet
413 1234 518 1276 ovans
541 1214 637 1276 annis
661 1221 786 1295 septem
809 1209 952 1295 amplius
976 1210 1074 1275 orbis.

79 1309 150 1394 Ipse
173 1310 293 1374 fovens
317 1309 395 1374 cleri
421 1309 628 1394 consumpte)
653 1311 686 1372 in
712 1309 856 1372 culmine
880 1320 973 1394 rapto

79 1405 175 1470 Falce
200 1406 278 1470 ferit
302 1429 505 1491 pervasores.
524 1457 531 1472 .
550 1457 557 1471 .
576 1405 637 1490 .“¹)

25 1545 119 1611 Etiam
151 1570 195 1612 ex
228 1547 366 1612 Auxilio
400 1551 540 1624 eruitur,
576 1547 848 1632 Christopllorum
883 1569 900 1609 e
933 1547 1009 1612 sede
1043 1571 1133 1611 usur·
1164 1553 1274 1654 ll'qpllfss

24 1655 87 1726 pata
115 1645 285 1732 dejectum
316 1667 402 1726 esse,
436 1657 613 1732 antequam
645 1645 779 1725 Sergius
803 1643 941 1708 Romam
972 1646 1133 1710 rediisset.
1173 1625 1280 1662 'mm'

26 1743 205 1808 l'actionem
230 1767 316 1830 quae
336 1743 450 1828 Sergio
475 1745 610 1808 favebat
634 1745 697 1808 bac
721 1746 756 1806 in
779 1765 814 1805 re
840 1745 1002 1807 maximas
1026 1755 1135 1830 partes

24 1840 181 1922 babuisse,
217 1841 309 1906 haud
340 1853 389 1906 est
419 1865 477 1905 cur
510 1843 711 1918 inlicicnmr3
749 1843 965 1904 caeterumsi
992 1841 1135 1906 Christo·

25 1937 130 2020 phoras
162 1942 300 2003 invasor
330 1951 400 2003 erat
423 1939 519 2003 Sedis
544 1939 772 2026 Apostolicac‚
810 1943 926 2006 merito
953 1965 994 2005 ex
1019 1939 1134 2003 cadem

23 2035 163 2120 slepnlsus
199 2049 260 2102 cst.
307 2039 398 2118 „Nec
433 2037 534 2102 multo
568 2049 657 2124 post,
693 2038 808 2102 scribit
838 2065 934 2128 porro
968 2038 1133 2105 Auxilius.

22 2131 147 2198 latenter
173 2137 314 2200 llomam
345 2135 535 2218 ingrediens
560 2136 722 2224 (Sergius)
747 2139 870 2204 cisdern
896 2137 1135 2224 opitulantibus

23 2233 145 2297 l³rancis
169 2234 373 2319 apostolatus
397 2235 566 2319 fastigium
591 2236 847 2324 conscendit.“²)
881 2237 964 2302 Cum
989 2235 1134 2299 hisvero

22 2351 73 2392 non
107 2343 254 2418 pugnat,
289 2331 440 2416 Sergium
472 2331 583 2395 multis
614 2333 803 2418 potentibus
827 2335 965 2399 Romam
994 2335 1134 2408 venisse,

21 2449 108 2510 ‹pnnn
140 2431 215 2516 ejus
247 2453 323 2516 pars
347 2441 426 2493 tunc
450 2429 673 2516 praevaleret,
708 2455 745 2493 ac
771 2432 947 2496 rlrultitudo
971 2431 1135 2494 versatilis

83 2663 100 2718 ¹l
119 2661 212 2730 Sergii
239 2659 407 2728 epitaphium
433 2659 512 2712 valde
530 2659 617 2712 simile
636 2667 692 2724 est,
719 2661 758 2714 ita
777 2669 809 2714 nt
828 2663 991 2716 Flodoardus
1010 2663 1137 2716 videatur

22 2737 73 2792 illud
98 2759 181 2806 qrnrm
207 2741 337 2794 scriberet
362 2755 426 2808 prae
452 2739 535 2792 oculis
561 2739 693 2794 habuisse.
733 2742 782 2794 Est
809 2742 878 2795 enim
898 2741 1027 2810 ejusrnodi
1047 2741 1135 2810 (Pagi,

20 2819 100 2872 critica
120 2823 148 2874 in
169 2839 194 2874 a.
216 2823 294 2888 llllll:

169 2901 280 2954 Limina
299 2899 418 2966 quisquis
437 2899 495 2951 adis
515 2899 605 2965 Papae
623 2900 768 2952 metuenda
787 2901 865 2952 Beati

170 2981 259 3035 Cerne
278 2981 321 3034 Pii
340 2979 429 3047 Sergii
448 2979 626 3044 excubiasque
646 2980 734 3033 Petri:

171 3142 290 3205 Electus,
310 3142 407 3204 tenuit
427 3147 458 3193 ut
477 3139 631 3193 Theodorus
651 3141 714 3194 obit.

169 3223 289 3276 Pellitur
307 3222 372 3276 urbe
391 3229 476 3288 pater,
497 3222 621 3288 pervadit
640 3239 716 3276 saera
736 3223 862 3275 loannes.

170 3303 368 3368 Romuleosqne
387 3317 486 3370 greges
505 3301 620 3369 dissipat
639 3301 695 3368 ipse
715 3303 793 3368 lupus

170 3385 242 3437 Exul
262 3390 322 3437 erat
340 3383 432 3450 patria
450 3389 553 3449 septem
574 3382 745 3436 volventibus
764 3381 851 3435 annis.

172 3464 240 3517 Post
259 3464 349 3531 populi
369 3463 461 3516 multis
483 3463 552 3516 Urbe
572 3462 643 3516 redit
661 3462 791 3529 precibus.

171 3543 337 3612 Suscipitur;
357 3545 433 3610 Papa
451 3551 581 3606 sacratur,
601 3543 668 3596 Sede
687 3547 795 3609 recepta

172 3623 293 3678 Gaudet:
314 3631 386 3677 amat
405 3625 504 3678 Pastor
522 3622 631 3692 agmina
650 3629 748 3676 crurcta
767 3621 854 3675 simul.

171 3703 225 3756 Hic
244 3705 382 3758 invasores
401 3705 557 3758 Sanctonrm
579 3703 646 3756 falce
665 3703 774 3770 subegit

171 3783 310 3838 Romanae
330 3785 465 3838 Ecclesiae
481 3783 645 3850 jndiciisque
665 3785 785 3838 Petrum.

85 3862 106 3924 ²)
124 3863 158 3918 Ia
177 3863 360 3920 defensionem
377 3881 470 3920 sacrae
488 3865 573 3920 ordin.
593 3863 713 3918 Formosi
732 3863 749 3916 l.
769 3864 790 3918 Ι.
811 3881 833 3918 c.
854 3865 877 3916 l.
897 3862 928 3914 V.
947 3878 1028 3928 supra
1047 3879 1072 3916 n.
1092 3863 1134 3916 36

22 3942 99 4002 Quum
126 3945 292 3999 Francorum
320 3944 500 4012 opitulatione
526 3944 650 3996 auxilius
678 3943 744 3996 dicit
769 3943 893 4011 Sergium
911 3943 1004 3996 Sedent
1023 3946 1136 4010 Aposto-

25 4016 93 4074 licam
117 4023 281 4088 obtinuisse,
309 4026 473 4078 Francorum
498 4040 563 4078 voce
588 4023 716 4090 designat
740 4022 885 4078 lectionem
911 4037 978 4089 quae
996 4021 1136 4076 nitebatur

25 4097 93 4154 ltalia
117 4119 176 4158 eam
202 4113 306 4173 partam
325 4105 424 4162 Italiae
446 4105 503 4173 jarn
530 4104 702 4168 tenentibus,
731 4119 799 4169 qaae
824 4103 887 4158 olim
905 4102 954 4157 sub
972 4103 1136 4157 Francorum

23 4175 128 4236 dominio
156 4185 256 4239 fueret.
292 4185 409 4239 Videtur
436 4185 483 4253 agi
501 4185 534 4238 de
553 4183 657 4238 influxu
676 4183 815 4237 aldelberti
834 4183 997 4238 mambionis
1014 4183 1136 4238 Tusciae.

26 4253 53 4308 l'-
70 4259 203 4318 Dllrnmler
222 4265 239 4320 l.
258 4283 280 4322 c.
300 4283 324 4333 p.
346 4267 385 4318 15.
406 4270 471 4319 nota
490 4267 513 4319 1.
