3054 4834
414 503 556 558 Vindictae
574 505 599 559 S.
620 505 747 574 Gregorii
767 507 828 560 VII.
1152 511 1205 565 345

87 657 221 710 sonetum
251 657 280 708 ct
311 647 493 711 homousion
528 649 716 713 Trinitatem
746 662 776 714 et
801 675 863 738 per
894 653 968 714 haec
1002 664 1206 718 sacrosancta
1237 688 1240 694 ·

88 743 202 808 Christi
224 744 441 830 anopeliu¹).

172 852 242 914 144.
289 851 328 914 In
368 849 559 937 hujusmodi
602 853 744 919 formula
786 856 961 920 manifeste
1002 859 1206 942 propositum

84 957 157 1020 erat,
181 958 217 1011 ut
240 947 338 1012 realis
362 952 550 1033 praesentia
576 955 722 1036 corporis
746 963 778 1018 et
801 955 973 1038 sanguinis
999 954 1122 1019 Christi
1148 978 1207 1042 per

84 1049 373 1128 consecrationem,
397 1047 547 1134 adeoque
564 1051 665 1114 etiam
679 1053 854 1116 conversio
879 1052 1085 1118 substantiae
1110 1056 1206 1139 panis

83 1147 213 1224 etvini,
238 1157 305 1210 tam
330 1165 486 1231 expresse
510 1157 717 1227 statueretur,
743 1159 780 1212 ut
803 1147 1013 1236 ambiguitati
1030 1149 1122 1216 locus
1138 1173 1204 1216 non

81 1255 171 1323 esset,
205 1265 267 1308 nec
291 1248 358 1312 ulla
381 1247 509 1309 ratione
533 1245 727 1330 Berengarii
760 1249 885 1332 effugia
916 1248 970 1314 vel
995 1247 1134 1314 subdola
1158 1252 1204 1314 in-

81 1346 266 1428 terpretatio
291 1347 469 1412 subsistere
492 1354 637 1428 possent.
684 1345 767 1410 Inde
791 1345 912 1410 selecta
938 1346 993 1411 illa
1017 1346 1130 1430 verba,
1155 1371 1204 1412 uc·

81 1465 144 1504 rum
166 1463 281 1530 corpus
305 1456 335 1508 et
358 1444 542 1528 sanquinem
560 1438 679 1506 0111111
702 1465 777 1521 esse,
804 1455 833 1508 et
856 1445 1045 1509 10111110ῑὶ101
1068 1469 1132 1510 nou
1155 1469 1202 1510 so·

80 1538 138 1602 lum
160 1555 369 1622 11010111ιο10,
393 1541 449 1606 sed
471 1540 663 1604 inveritate
686 1541 832 1605 munibus
847 1543 1045 1606 sacerdotum
1069 1547 1205 1608 tractari

80 1649 107 1698 rt
120 1638 239 1723 ,1101191
262 1652 291 1703 ot
304 1639 455 1724 fidelium
478 1637 625 1702 dentibus
649 1642 753 1703 atteri

166 1745 239 1810 145.
291 1747 334 1811 Ut
357 1769 436 1811 vero
470 1746 636 1829 genuinus
666 1745 826 1810 formulae
851 1768 966 1810 sensus
990 1745 1204 1832 intelligatur,

79 1841 249 1908 advertere
273 1846 382 1930 juvat,
420 1865 485 1930 qua
509 1844 636 1906 ratione
660 1847 858 1908 mutationes
895 1844 1061 1930 quaedam
1098 1843 1206 1910 factae

80 1941 109 2003 in
125 1942 298 2027 speciebus
322 1945 449 2028 possint
471 1941 656 2026 praedicari
682 1941 722 2005 de
747 1963 882 2027 corpore
901 1942 1037 2022 Christi,
1067 1954 1099 2007 et
1121 1941 1206 2008 aliae

80 2061 140 2102 non
155 2041 354 2125 praedicari.
383 2043 419 2104 1⁰
438 2039 604 2124 ,Omnino
620 2041 753 2124 proprie
769 2039 1015 2126 praedicantur,
1041 2043 1088 2104 ait
1105 2041 1205 2106 Card.

81 2137 262 2216 l'ranzclin,
289 2161 346 2204 eae
371 2141 580 2213 mutationes,
607 2137 786 2224 quaelicet
810 2160 868 2224 per
893 2161 926 2202 se
951 2148 983 2202 et
998 2140 1104 2224 primo
1122 2141 1205 2203 liant

79 2236 109 2297 in
126 2237 311 2320 speciebus,
336 2259 397 2324 per
416 2237 476 2301 has
501 2247 612 2300 tamen
636 2238 764 2300 ratione
788 2239 920 2322 unionis
945 2248 977 2300 et
1001 2240 1204 2322 praesentiae

78 2334 135 2396 ¹suh
161 2335 226 2398 illis
244 2346 417 2399 transeunt
441 2335 608 2419 adipsum
628 2334 749 2398 Christi
769 2357 897 2419 corpus,
923 2335 1109 2420 cujusmodi
1129 2346 1206 2400 sunt

80 2435 275 2496 mutationes
300 2444 508 2518 permotum
532 2433 690 2513 localem3
716 2435 847 2518 proprio
873 2435 975 2516 igitur
991 2433 1112 2498 Christi
1139 2455 1205 2497 cor·

78 2551 134 2613 pus
165 2541 198 2593 01
224 2529 374 2595 Christus
406 2531 604 2618 (secundum
641 2529 896 2615 humanitatem)
930 2533 963 2594 in
998 2542 1204 2596 sacramento

79 2631 211 2710 ponitur
236 2631 267 2692 in
285 2628 390 2699 altari.
416 2629 574 2709 elevatur,
601 2630 843 2708 circumfertur,
869 2629 1088 2712 distribuitur,
1114 2651 1204 2693 man·

79 2726 227 2798 (lucatur,
258 2729 340 2792 ete.“
376 2767 418 2776 -
453 2729 490 2791 2⁰
517 2728 587 2806 ,Ea
611 2751 696 2813 quae
721 2729 766 2790 itu
791 2729 997 2792 conveniunt
1020 2726 1097 2791 solis
1121 2729 1205 2791 acci-

77 2823 249 2892 dentibus.
283 2837 318 2888 111
353 2849 417 2890 non
452 2829 550 2890 etiam
582 2847 700 2910 corpus
726 2826 846 2890 Christi
878 2826 1041 2905 alliciant,
1079 2825 1204 2912 duplici

78 2922 210 2986 divorsa.
233 2925 360 2986 ratione
394 2947 413 2987 a
438 2924 533 2988 nohis
558 2927 801 3010 concipiuntur.
849 2924 973 3009 Aliqua
998 2925 1204 3010 concipimus

76 3021 255 3084 convenire
280 3023 454 3106 speciebus
479 3023 637 3107 praecise,
671 3033 706 3085 ut
731 3022 793 3085 hae
819 3033 895 3086 sunt
918 3021 1045 3106 aliquid
1071 3021 1205 3086 distinc-

76 3134 143 3182 tum
178 3143 197 3182 a
230 3139 366 3204 corpore
396 3119 531 3185 Christi.
578 3121 653 3186 Jam
689 3121 769 3184 tales
802 3123 872 3184 sive
901 3121 1101 3184 mutationes
1133 3121 1204 3184 sive

75 3219 267 3280 affectiones
300 3217 390 3282 nullo
424 3219 521 3282 morlo
555 3219 792 3304 praedicantur
825 3217 866 3282 de
900 3215 1203 3304 corporelChristi3

76 3317 121 3378 sic
146 3337 214 3382 non
240 3327 345 3400 potest
370 3315 436 3380 dici
463 3341 582 3402 corpus
600 3315 721 3380 Christi
748 3339 775 3380 c.
800 3340 831 3400 g.
857 3316 1011 3398 calefieri,
1038 3318 1203 3401 corrumpi

76 3424 125 3476 etc
130 3462 274 3478 .....
271 3413 292 3476 h
296 3424 309 3476 t
333 3435 411 3477 vero
437 3427 512 3478 sunt
537 3415 601 3478 ulia
632 3413 812 3501 quaedam,
847 3437 931 3500 quse
963 3414 1040 3477 licet
1072 3414 1204 3499 proprie

79 3513 282 3576 conveniant
305 3512 544 3587 accidentibus
571 3515 806 3598 concipiuntur
822 3521 933 3576 tamen
949 3515 996 3576 eis
1012 3514 1202 3593 convenire,

77 3620 240 3694 quatenus
264 3631 339 3673 cum
366 3631 501 3696 corporo
527 3611 649 3675 Christi
683 3611 814 3674 realiter
837 3612 1002 3695 praesenti
1029 3632 1131 3674 unum
1157 3634 1204 3674 sa·

78 3717 285 3772 crumentum
311 3719 343 3771 et
367 3731 471 3772 unum
497 3721 600 3773 totum
626 3712 841 3774 constituunt.
889 3709 982 3772 Haec
1015 3708 1201 3794 praedicari

77 3815 213 3888 possunt
244 3805 284 3868 dc
319 3827 454 3892 corpore
481 3807 602 3871 Christi
638 3806 820 3872 formaliter
844 3818 880 3871 ut
903 3809 1067 3892 praesenti
1091 3818 1125 3870 01
1150 3807 1203 3871 de-

77 3903 283 3968 monstrabili
310 3905 371 3968 suh
397 3904 448 3967 his
473 3907 664 3990 speciebus,
697 3908 744 3970 sie
769 3905 835 3969 dici
860 3915 977 3990 potest,
1002 3917 1035 3968 et
1058 3929 1077 3968 a
1102 3906 1204 3968 Patri-

79 4001 139 4065 hus
180 4024 276 4086 saepe
312 4003 434 4066 dicitur
475 4025 593 4089 corpus
619 4002 741 4068 Christi
784 4006 817 4067 in
850 4003 1058 4088 Euclmristia
1091 4003 1203 4082 rideri,

153 4214 316 4348 ι11111111
328 4215 497 4270 Breviarium
517 4215 565 4270 suh
579 4217 695 4269 Nicator
711 4217 748 4275 11,
769 4216 897 4270 01111111.
910 4216 986 4270 Alex.
1007 4215 1120 4270 Dissert.
1136 4217 1155 4270 1.
1176 4218 1204 4270 in

78 4310 145 4349 sarco.
207 4337 212 4349 .
