2932 4836
312 487 366 542 362
636 489 721 543 XVII.
760 491 800 546 De
818 489 963 546 schismate
983 487 1124 546 Photisno.

313 630 511 695 Michaelem
534 653 645 716 regem
669 631 801 718 longam
826 633 918 697 dedit
940 631 1113 719 epistolam
1136 631 1413 717 pastoralemque
1444 627 1445 690 Ῐ

314 731 344 792 ei
377 729 561 795 doctrinam
595 739 629 795 et
651 731 861 817 disciplinam
886 732 1100 796 christianam
1131 727 1255 794 additis
1285 729 1414 794 adhorta·

314 827 460 892 tionibus
484 829 555 893 fuse
580 832 733 915 exponit,
767 829 825 894 sed
849 831 1056 912 certatione,
1088 847 1172 915 quae
1202 847 1260 910 pro
1286 829 1415 912 principe

316 946 355 988 aa
385 928 518 992 natione
548 928 673 992 rudiori
711 951 750 992 ac
786 929 845 991 vix
876 947 1035 991 conversa
1070 926 1170 990 nimis
1207 927 1336 992 subtilis
1363 937 1416 988 emt

316 1032 349 1086 et
372 1023 478 1090 docta.
1444 1079 1445 1082 ,

158 1127 249 1200 nestro
263 1127 289 1168 ¹⁶
405 1121 459 1186 52.
483 1122 575 1186 Misit
590 1134 700 1187 autem
717 1145 776 1188 rex
790 1123 928 1208 Begorie
944 1121 1061 1186 eodem
1074 1122 1141 1187 fere
1153 1132 1301 1210 ternpore
1313 1123 1418 1206 legatos

171 1190 290 1232 mm
316 1218 360 1282 ad
383 1219 559 1284 Nicolaum
578 1221 784 1304 Pontificem,
809 1223 865 1307 qui
891 1220 969 1284 huic
993 1222 1201 1306 quaestiones
1225 1243 1291 1286 non
1316 1241 1419 1306 peuces
1444 1231 1445 1306 l

317 1317 358 1380 de
381 1315 539 1402 religione
563 1329 795 1405 proponerent,
822 1329 855 1383 et
876 1318 918 1382 ab
944 1320 1014 1403 ipso
1038 1318 1243 1404 postularent
1266 1321 1419 1404 episcopos
1444 1347 1445 1402 p

316 1423 349 1477 et
377 1414 602 1500 presbyteros,
638 1427 675 1481 ut
706 1419 806 1482 totius
837 1418 981 1482 ustionis
1013 1418 1184 1480 conversio
1215 1419 1419 1503 perficeretur.

315 1521 415 1598 atque
439 1535 491 1578 res
514 1515 758 1580 ecclesiasticae
788 1517 822 1578 in
846 1514 903 1579 illa
926 1516 1059 1600 regione
1090 1525 1167 1600 apto
1191 1514 1419 1599 ordinedispo-

316 1621 482 1677 necentur.
522 1613 632 1678 Variis
647 1613 780 1678 motivis
796 1613 934 1697 Bogoris
956 1613 1112 1678 inductus
1128 1623 1185 1694 est,
1210 1621 1246 1676 nt
1262 1611 1304 1676 ad
1320 1613 1420 1675 Rome·
1444 1627 1445 1697 l

317 1729 398 1772 num
414 1708 610 1776 Pontificem
634 1734 668 1776 se
693 1720 843 1776 verteret.
891 1711 980 1776 Dum
1005 1711 1123 1775 turbae
1147 1712 1246 1776 etiam
1269 1711 1421 1795 graviores
1444 1699 1445 1764 l

317 1806 350 1868 in
384 1827 484 1891 regno
515 1807 585 1893 ejus
617 1807 659 1873 ob
683 1808 919 1874 christianismi
951 1808 1233 1894 praedicationem
1265 1809 1421 1874 orirentur.

317 1903 429 1968 cleriei
460 1905 635 1970 orientales
669 1908 778 1970 minus
809 1905 939 1972 solliciti
972 1916 1004 1970 et
1034 1908 1104 1992 epti
1129 1907 1292 1971 visisunt
1321 1905 1422 1969 adres

316 2001 403 2066 bene
426 2001 637 2086 ordinandas,
662 2013 694 2067 et
717 2002 1006 2090 superstitionibus
1029 2013 1129 2091 atque
1152 2005 1340 2088 arrogantie
1359 2023 1421 2086 gen·

316 2110 383 2164 tem
407 2111 581 2182 vexarunt,
605 2103 654 2166 uti
674 2125 720 2169 verr
743 2104 909 2188 responsis
923 2101 1052 2167 Nicolai
1073 2100 1280 2187 colligitur.¹)
1320 2101 1422 2186 Depre·

317 2199 436 2262 camini
457 2222 515 2264 noe
538 2200 740 2286 simpliciter,
765 2200 879 2264 scribit
902 2197 1075 2280 Nicolaus‚
1099 2199 1261 2278 atrabis,
1294 2197 1445 2328 quemad-p

317 2297 442 2361 modum
465 2300 597 2362 caeteris
619 2298 771 2384 pentibus,
795 2321 902 2362 aaron
925 2309 955 2362 et
971 2297 1151 2385 perfectam
1167 2299 1445 2426 christianitanisp

317 2417 383 2458 non
413 2395 574 2460 habentem
604 2396 760 2460 maculam
793 2407 849 2460 ant
870 2419 998 2482 cupam,
1032 2393 1224 2482 inspienter,
1258 2403 1445 2464 asamonaei

318 2493 402 2578 qnod
431 2495 466 2558 in
484 2496 631 2581 patriam
653 2505 787 2558 vestram
818 2493 910 2558 malti
933 2517 972 2558 eae
995 2494 1130 2558 dicertis
1161 2493 1237 2556 locis
1265 2487 1427 2558 fflmshani

319 2589 516 2669 advenerint,
540 2593 595 2678 qni
613 2602 711 2679 prout
732 2590 880 2656 voluntas
903 2613 1008 2654 eornm
1032 2593 1149 2670 emistit,
1174 2588 1275 2655 multa
1298 2600 1326 2654 et
1347 2587 1425 2652 caria

319 2687 499 2774 loquuntur,
522 2690 558 2754 td
574 2702 620 2754 ast
638 2689 764 2767 Graeci,
788 2689 920 2753 Armeni
941 2699 971 2752 et
986 2712 1026 2752 eac
1041 2689 1173 2752 caeteris
1193 2688 1271 2752 locis
1294 2687 1336 2774 (o.
1352 2683 1425 2762 106).
1444 2721 1445 2816 p

320 2787 479 2872 Referte,
510 2787 594 2872 qaod
620 2787 812 2853 Graecorum
842 2785 1028 2872 quibasdam
1058 2786 1194 2850 cadmeae
1218 2783 1429 2873 accipientibn

320 2885 356 2946 in
387 2885 532 2972 manibus
572 2883 728 2963 clausurn,
763 2909 845 2948 anne
885 2907 924 2948 ea
958 2885 1002 2947 eis
1033 2885 1190 2970 accipiens
1217 2883 1445 2970 parvissimus}

314 2967 513 3067 partiealam
545 2979 625 3068 lipni
658 2985 738 3046 hanc
769 2985 857 3046 intra
889 2983 993 3068 aptum
1025 2981 1161 3046 codicem
1187 2981 1318 3059 condat,
1352 2989 1379 3042 et
1407 2977 1430 3038 n'

321 3079 531 3165 undecumque
563 3082 674 3167 aliqua
702 3082 835 3144 ceratae·
864 3079 1070 3164 ambiguitas,
1100 3103 1164 3165 per
1201 3081 1255 3143 lace
1286 3078 1445 3164 afficirent,

320 3177 400 3240 scire
430 3199 462 3240 aa
479 3200 575 3263 posse
600 3179 683 3264 qnod
706 3179 836 3265 cupiant
865 3179 907 3264 (a,
934 3175 999 3264 77).
1051 3175 1191 3243 Graecos
1217 3177 1320 3241 dicere
1335 3169 1445 3261 perii}

321 3274 411 3354 betis,
434 3277 519 3360 qaod
541 3279 576 3340 in
594 3275 724 3340 illarum
742 3276 856 3362 patria
877 3276 1012 3340 clericatu
1036 3285 1065 3337 et
1079 3277 1204 3340 oriatur
1226 3285 1257 3338 et
1273 3297 1335 3361 per
1348 3283 1445 3354 tonan}

322 3373 472 3437 macedum
503 3374 662 3438 tribuatur
669 3398 681 3454 ,·
711 3385 741 3438 et
763 3374 834 3438 ideo
858 3395 949 3437 nosse
977 3373 1183 3450 desideratio,
1214 3374 1366 3436 sinerum
1387 3368 1445 3440 sitq

322 3469 387 3534 Sed
403 3475 475 3562 jam
498 3473 661 3551 eredimus,
685 3472 768 3558 qnod
790 3483 895 3536 vestra
911 3470 1053 3548 solertia,
1077 3470 1289 3556 pandosiam
1306 3489 1365 3530 non
1388 3465 1445 3540 citi

322 3569 558 3634 animadvertat
590 3576 628 3652 (a.
663 3567 730 3656 94).
777 3571 947 3633 Hectorea
981 3568 1167 3646 indicastis,
1202 3566 1286 3653 qnod
1315 3563 1445 3656 qaedattl

327 3667 469 3732 Graecae
498 3671 650 3733 mentiens
672 3668 836 3754 fateretur
864 3689 896 3732 se
927 3666 1140 3752 presbyteram
1170 3685 1252 3742 esee,
1284 3685 1350 3728 cnm
1378 3669 1445 3730 noui

321 3776 412 3843 esset,
437 3789 474 3828 aa
494 3788 554 3851 per·
571 3767 626 3829 lsoc
643 3766 803 3852 plrarimoe
822 3766 857 3827 in
874 3765 990 3850 patria
1009 3771 1114 3827 cntra
1129 3762 1326 3849 baptizasset.
1367 3757 1445 3838 Caesel

321 3885 394 3948 erpo
418 3885 473 3926 voe
495 3863 706 3949 inspiratione
726 3863 790 3926 Dei
812 3863 1042 3948 copnociesetis,
1065 3860 1150 3945 qaod
1172 3883 1235 3924 non
1258 3869 1335 3924 esset
1352 3878 1429 3944 pres·

322 3961 421 4048 hyter,
438 3959 674 4050 judicaveritis,
698 3971 732 4024 nt
756 3961 911 4024 amitteret
934 3981 1027 4023 aures
1051 3969 1080 4022 el
1103 3981 1207 4037 nares,
1232 3968 1261 4020 et
1283 3943 1445 4028 amiciri

325 4181 476 4317 vmbbl'b
497 4181 636 4249 Responsa
660 4181 764 4236 Nicolai
789 4181 880 4248 Pepee
911 4181 945 4234 art
975 4179 1099 4234 comulas
1130 4178 1321 4246 salgamium
1353 4173 1430 4228 eane

398 4306 403 4316 .
444 4266 483 4316 l.
