2898 4836
310 469 345 520 42
496 467 597 522 XVIII.
635 467 674 520 De
693 467 821 522 Romanis
839 466 1015 522 Pontificibus
1033 467 1132 522 saeculi
1151 466 1255 522 decimi,

310 610 409 673 facile
438 611 573 674 factioni
606 610 791 674 dominanti
823 633 857 674 se
882 611 1013 695 jungat.
1062 611 1215 676 Fortasse
1239 614 1331 676 stiam
1351 633 1405 697 per-

312 708 406 774 multi
434 710 612 794 sperabant
633 709 716 790 fore,
749 721 786 772 ut
808 709 869 774 sub
894 709 1053 772 Pontifice
1077 709 1180 774 enimi
1206 711 1316 794 vigona
1335 731 1407 794 prse-

311 806 390 888 dito,
415 817 523 870 motus
546 807 670 870 Romae
694 810 999 892 eomprImerentur.

399 915 452 980 40.
486 915 564 978 Jam
595 914 758 994 diximus,
800 914 896 978 valde
927 913 1067 978 dubium
1094 913 1192 978 nobis
1223 913 1343 995 videri,
1375 937 1406 976 an

312 1011 379 1074 Leo
405 1012 434 1074 V
458 1012 613 1076 Pontifex
648 1035 668 1076 a
692 1011 928 1097 Christophoro
961 1013 1110 1097 dejectus
1143 1011 1255 1076 adhuc
1285 1013 1318 1076 in
1339 1013 1408 1074 rivis

140 1120 208 1171 Sorai
224 1125 291 1170 rosa·
311 1120 405 1175 esset.
464 1111 532 1174 Etsi
568 1113 657 1174 enim
692 1111 849 1174 Auxilins
887 1120 920 1174 et
955 1109 1135 1195 Vulgarius
1173 1109 1296 1174 dachas
1328 1111 1408 1173 alcea

311 1208 392 1270 tt'bas
417 1209 610 1294 Apostolicis
635 1229 754 1294 papam
780 1210 1023 1294 stipemositum
1046 1207 1159 1272 dicant
1177 1206 1336 1292 Sergiam,
1353 1205 1407 1270 lle

311 1305 454 1369 doardus
487 1315 599 1391 aperte
632 1307 777 1374 Leonem
810 1317 974 1370 mortuum
1002 1324 1072 1370 esse
1098 1306 1274 1388 signifieat.
1319 1303 1408 1368 Caete-

309 1425 383 1466 rum
419 1425 520 1489 quum
554 1403 689 1488 Sergius
722 1427 755 1468 se
789 1415 826 1468 ut
855 1404 1002 1489 legitime
1034 1403 1078 1468 ad
1105 1404 1333 1490 pontificatum
1363 1402 1407 1466 ele·

310 1511 400 1564 ctum
430 1501 567 1565 haberet
596 1512 670 1588 post
699 1513 837 1566 mortem
862 1501 1028 1565 Theodori
1052 1501 1102 1582 11,
1136 1501 1207 1564 fieri
1239 1502 1355 1586 potnit,
1382 1512 1408 1562 ut

310 1599 533 1678 contenderet,
558 1601 728 1684 supposita
748 1621 807 1664 sua
817 1600 894 1684 jura
909 1598 1101 1685 praevalere
1110 1599 1245 1685 juribus
1263 1597 1407 1663 Leonisll

310 1721 329 1760 a
363 1695 598 1782 Christophoro
633 1721 653 1762 a
686 1719 778 1762 sacra
812 1697 896 1762 Sede
930 1697 1060 1782 dejecti.
1075 1700 1097 1778 1)
1156 1695 1308 1779 Sergium
1339 1718 1407 1761 vero.

310 1797 356 1857 uti
382 1795 561 1879 Vulgarius
592 1797 724 1873 asserit,
756 1805 893 1860 mortem
925 1795 1049 1860 Leonis
1080 1805 1112 1858 et
1136 1793 1359 1882 Clrristophori
1383 1795 1406 1855 in

309 1913 440 1954 carcere
475 1893 681 1958 detentorum
714 1893 847 1958 demum
879 1915 1088 1979 procurasse,
1124 1895 1171 1956 nti
1191 1893 1262 1978 jam
1291 1892 1408 1957 adverti.

308 1990 380 2074 ejus
404 1992 590 2056 testimonio
614 1990 716 2054 multo
741 1993 850 2054 minus
876 1990 1007 2076 probari
1032 2011 1159 2055 censeo,
1193 1991 1315 2054 Notum
1339 1991 1406 2053 enin

309 2097 366 2161 est,
396 2090 518 2173 passim
543 2091 577 2152 in
602 2087 878 2153 commotionibus
902 2088 1045 2175 publicis
1069 2090 1233 2152 victorum
1259 2091 1293 2152 in
1316 2087 1408 2152 adrer-

309 2189 411 2250 sarios
432 2195 523 2271 gesta
547 2185 734 2250 rumoribus
757 2188 950 2270 exaggerari
965 2186 1066 2265 falsis,
1091 2209 1130 2249 ac
1145 2188 1277 2250 nonnisi
1293 2207 1333 2250 ex
1346 2185 1408 2269 ejus-

310 2285 398 2348 modi
423 2283 611 2348 rnmoribus
635 2283 833 2348 crediderim
853 2283 1050 2368 Vulgarium
1075 2283 1162 2348 hanc
1187 2285 1407 2348 accusationem

310 2385 344 2446 iu
361 2383 556 2446 Pontificem
580 2383 727 2446 invisum
752 2383 944 2468 impingere.
970 2421 1013 2430 -
1038 2381 1202 2462 Quamvis
1227 2383 1328 2466 igitur
1348 2379 1407 2442 certi

309 2481 389 2566 quid
415 2483 448 2544 in
472 2480 535 2544 hac
558 2503 593 2544 re
608 2480 826 2544 demonstrari
849 2491 1001 2566 nequeat,
1026 2503 1205 2558 censerem,
1231 2479 1368 2543 Leonem
1379 2477 1408 2540 l'.

310 2577 402 2642 brevi
427 2589 600 2665 postquam
624 2577 895 2662 aOhristophoro
921 2577 1069 2662 dejectus
1093 2589 1150 2656 est,
1176 2578 1314 2656 obiisse3
1337 2575 1407 2640 Clui-

309 2675 500 2761 stophorum
534 2697 610 2740 vero
643 2676 817 2761 expulsum
842 2677 877 2739 in
901 2675 1012 2761 aliquo
1037 2677 1236 2739 monasterio
1262 2697 1359 2760 nsque
1377 2670 1408 2733 ad

308 2785 444 2838 mortem
470 2774 640 2838 detentum
657 2773 768 2837 fuisse.
784 2773 876 2837 —In
901 2773 979 2837 sede
996 2774 1085 2837 Petri
1100 2772 1280 2836 collocatus
1296 2784 1341 2837 est
1353 2769 1406 2833 Scr-

307 2874 381 2956 gius
402 2872 454 2956 111
478 2893 593 2936 versus
617 2871 716 2934 finem
741 2872 863 2935 mensis
878 2871 1032 2937 Januarii
1056 2894 1086 2936 a.
1104 2871 1180 2951 904,
1204 2881 1246 2950 et,
1272 2880 1406 2956 quantun

308 2993 350 3034 ex
374 2971 581 3034 documentis
605 2968 800 3052 colligImus,
826 2971 968 3055 impigro
991 2971 1095 3033 animi
1121 2971 1234 3052 vigore
1258 2991 1321 3054 quo
1338 2987 1407 3052 prse-

309 3068 396 3132 ditus
427 3079 498 3132 erat
528 3089 579 3131 res
608 3067 778 3130 Ecclesiae
809 3067 1065 3131 administravit.
1114 3067 1198 3130 Cum
1223 3065 1354 3130 Graecis
1378 3061 1407 3122 de
1436 3083 1437 3136 i

308 3168 504 3250 tetragamia
527 3165 650 3229 Leonis
673 3165 722 3227 VI
746 3165 958 3250 Imperatoris
992 3166 1075 3248 egit,
1109 3185 1249 3250 eamque
1273 3161 1355 3227 haud
1374 3162 1407 3221 in·
1436 3187 1437 3230 I

309 3263 467 3342 validam,
498 3285 560 3327 nec
583 3262 712 3347 legibus
736 3263 860 3326 divinis
885 3274 917 3326 et
941 3262 1130 3326 christianis
1154 3264 1334 3347 oppositum
1354 3277 1405 3320 esu
1436 3289 1437 3326 l

310 3363 511 3444 vindicavit3
536 3364 707 3446 episcopos
720 3361 912 3426 Occidentis
937 3362 1106 3442 excitavit,
1132 3371 1167 3424 nt
1191 3382 1314 3424 errores
1327 3356 1404 3421 Grae
1436 3387 1437 3428 i

309 3480 422 3524 corum
447 3463 698 3546 impugnarent3
723 3458 937 3523 violationem
962 3479 1127 3523 canonum
1152 3479 1266 3522 severe
1284 3453 1405 3543 punivit:
1436 3469 1437 3528 i

308 3557 382 3622 lites
407 3559 447 3622 de
464 3558 708 3644 episcopatibus
723 3555 911 3621 Coloniensi
930 3567 1029 3643 atque
1044 3557 1217 3621 Bremensi
1233 3579 1306 3620 eum
1319 3561 1405 3617 aucto·

308 3657 404 3720 ritate
428 3657 621 3742 composuit,
646 3655 767 3720 statuta
792 3657 1001 3740 exemptione
1026 3651 1404 3719 dioecesisBremensisa

303 3755 535 3840 jurisdictione
565 3755 807 3840 archiepiscopi
839 3753 1063 3835 Coloniensis3
1097 3753 1222 3818 Romae
1253 3750 1403 3834 collapsa

309 3852 480 3917 basilicam
498 3853 756 3917 Lateranensem
781 3853 897 3936 paucis
921 3853 1019 3914 annis
1041 3853 1242 3914 restauravit
1255 3859 1287 3913 et
1299 3843 1403 3931 egregit

383 4095 401 4160 ¹)
421 4093 532 4149 Nullum
556 4097 647 4145 minen
672 4090 801 4144 indicium
826 4097 882 4154 est,
904 4090 1030 4158 Sergium
1054 4104 1136 4156 qnam
1154 4089 1217 4144 inde
1235 4105 1251 4142 s
1269 4083 1400 4168 meritati

306 4177 421 4232 Ioannis
438 4175 479 4229 IX
503 4171 565 4228 exul
589 4170 617 4226 in
636 4171 735 4226 Tuscia
753 4177 839 4236 esset,
867 4169 1056 4239 pontificatum
1072 4169 1126 4224 sibi
1145 4169 1294 4224 viudIeasse
1310 4171 1335 4220 et
1349 4169 1400 4216 sun·

306 4273 392 4324 papae
411 4263 503 4324 partes
522 4252 617 4321 egisse.
