3054 4834
403 515 543 567 t'iudicine
561 515 587 568 S.
607 514 735 582 Gregorii
754 513 818 567 wi.
1140 511 1193 564 &ti

87 671 163 722 tuom
193 658 350 722 καὶεείαπι
384 657 533 721 moudito
567 657 717 744 snperbia
752 658 942 731 immitit,
979 658 1076 718 totins
1105 657 1195 739 repni

90 757 314 819 i'eutonicorum
342 767 372 818 et
402 756 519 820 Italiae
548 756 763 840 poemenia
793 756 992 834 cotttrodicc.
1030 767 1060 817 ei
1088 777 1194 818 omine

89 850 272 918 Centum
294 854 449 917 ociticulo
465 857 653 942 juramenti,
676 855 761 940 quod
782 853 846 916 eibi
859 854 968 940 fecere
992 851 1040 916 oei
1054 852 1193 937 facient.

86 948 212 1027 «diolco,
240 962 270 1014 et
292 962 326 1014 et
351 950 456 1016 millio
479 955 509 1014 ei
531 955 615 1016 sicet
636 954 705 1037 repi
727 953 847 1016 emim
869 951 1034 1016 iritcrdico.
1070 987 1108 998 -
1145 953 1194 1014 si·

86 1049 147 1112 mili
170 1049 265 1112 inodo
288 1053 335 1113 sit
358 1052 392 1114 in
414 1050 518 1114 ultera
543 1052 890 1115 excommunicatione
922 1059 954 1113 et
987 1049 1194 1134 depositione.

85 1147 268 1212 definitiva:
303 1147 505 1234 Quapropter
536 1149 695 1230 confidem
718 1149 757 1212 de
772 1149 899 1235 judicio
923 1159 953 1212 et
977 1147 1194 1212 nnsericmdic

84 1245 140 1307 Dei
161 1249 285 1333 ejusque
302 1247 470 1330 piissimae
486 1247 605 1310 Matris
628 1269 749 1332 semper
776 1247 917 1332 Virpinis
931 1247 1070 1322 dietrice,
1085 1243 1195 1330 'fultus

83 1353 177 1432 restro
199 1345 387 1407 auctoritate
411 1349 470 1412 (sc.
494 1368 535 1409 ss.
560 1345 649 1429 App.
674 1344 764 1408 Petri
788 1357 820 1407 et
835 1343 955 1428 Penii),
980 1367 1074 1430 scope
1098 1345 1194 1406 nonti-

84 1453 183 1504 nctnm
199 1441 380 1510 Henricnm.
403 1467 493 1526 quem
507 1467 609 1526 repem
633 1443 752 1524 diesim
776 1465 939 1528 omnesque
953 1443 1107 1528 fautores
1129 1445 1197 1528 ejus

82 1542 388 1604 excommunicationi
410 1540 543 1628 subjicio
567 1553 597 1603 et
621 1542 834 1606 ammentante
856 1541 992 1605 vinculis
1023 1539 1137 1627 adipe,
1166 1550 1196 1602 et

84 1639 186 1700 itonam
211 1660 338 1721 reprnnm
355 1639 384 1700 T
382 1640 595 1702 emonicornm
619 1649 648 1699 et
661 1637 779 1702 Ithioe
803 1662 843 1702 ec
854 1649 951 1724 porte
975 1638 1197 1724 omnipotentis

82 1735 139 1797 Dei
169 1749 198 1799 et
228 1747 333 1799 oestro
365 1740 423 1818 (sc.
449 1759 490 1802 ss.
515 1737 603 1822 App.
627 1737 717 1800 Petri
741 1748 775 1801 et
798 1737 908 1820 Pauli)
941 1737 1134 1800 interdicent
1156 1737 1195 1803 ei.

82 1855 193 1896 omnem
212 1844 398 1918 potestatem
422 1847 452 1898 ct
474 1835 664 1920 dipnitctem
685 1835 739 1899 illi
761 1837 882 1920 repiom
905 1835 994 1913 tollo,
1018 1845 1048 1898 et
1070 1844 1105 1896 nt
1128 1829 1196 1896 nol·

82 1931 125 1993 lut
151 1929 404 1996 Christianorum
427 1936 458 1996 ei
479 1936 560 1996 eiciet
587 1936 655 2019 rcpi
677 1934 806 1998 obediat
833 1934 998 2010 interdico,
1033 1953 1197 2015 onttieepoe

80 2031 129 2112 qni
150 2031 180 2092 ei
196 2034 388 2117 jnraverunt
412 2030 459 2094 rel
474 2031 633 2120 jurabunt
657 2033 696 2095 de
716 2034 806 2116 repui
827 2033 1043 2094 dominatione
1067 2055 1086 2094 α
1103 2034 1195 2118 juro·

82 2130 170 2190 meriti
190 2130 400 2212 promissione
423 2128 562 2192 obsoleo.

166 2281 241 2345 134.
269 2279 358 2344 Hine
375 2279 562 2343 nuliatenus
587 2281 626 2344 iis
641 2283 875 2362 consentimus,
901 2281 957 2366 qui
982 2277 1318 2372 nihilominusomtosu
1344 2292 1369 2333 t·

81 2380 277 2462 existiment,
309 2376 507 2462 Gregorium
539 2400 578 2441 ea
612 2380 756 2442 maxime
791 2379 956 2464 principis
986 2397 1065 2464 prae
1093 2374 1252 2440 oculis³ure
1270 2361 1369 2410 Μ*

81 2475 246 2554 habuisse,
282 2499 366 2563 quae
394 2478 607 2540 continentur
642 2479 675 2541 in
708 2475 836 2540 theoria
868 2477 1020 2562 superius
1054 2473 1197 2540 evoluta.

80 2597 174 2660 quom
200 2573 352 2639 Gosselin
376 2575 539 2659 proponit.
584 2575 710 2638 Auctor
733 2574 788 2640 hic
812 2575 948 2660 quidem
972 2593 1086 2636 omnes
1110 2572 1199 2634 vires

80 2672 228 2746 intendit,
252 2681 289 2735 ut
313 2671 393 2736 illud
418 2673 544 2757 probet.
569 2683 668 2758 etque
692 2673 792 2736 avide
806 2673 924 2756 arripit
938 2693 994 2735 ens
1018 2670 1198 2734 sententias
1279 2669 1284 2680 ’

79 2769 197 2854 quibus
231 2769 410 2854 Gregorius
434 2770 500 2834 vn
539 2773 639 2836 etiem
676 2772 716 2834 de
747 2772 823 2857 jure
861 2770 1008 2835 humano
1042 2766 1197 2853 loquitur.

80 2869 164 2932 citat
197 2891 225 2933 e.
255 2893 287 2954 g.
315 2877 444 2932 textum
476 2891 518 2932 ex
550 2869 687 2955 epistole
719 2892 819 2955 quum
844 2867 1024 2951 Gregorius
1055 2890 1086 2929 e.
1113 2865 1198 2929 1076

79 2977 146 3050 post
185 2969 563 3031 excommunicationem
606 2968 744 3032 Henrici
786 2969 917 3053 scripsit
956 2965 999 3030 ed
1031 2965 1198 3049 principes

78 3075 106 3126 et
130 3063 246 3129 fideles
259 3063 469 3144 Germaniae,
495 3078 531 3129 ut
555 3068 679 3130 motiva
702 3066 744 3129 ob
768 3087 853 3151 quse
877 3086 988 3149 regem
1012 3083 1198 3126 excommu-

78 3164 247 3227 nicaverat
280 3172 468 3250 exponeret.
516 3163 556 3228 In
581 3163 697 3228 ecdem
722 3163 860 3249 epistole
884 3163 1039 3226 Pontifex
1064 3162 1196 3225 scribit:

78 3261 247 3326 Praeterea
270 3263 411 3326 misimus
434 3263 478 3326 ad
502 3284 569 3325 eum
593 3271 656 3326 nee
679 3261 845 3348 relipiosos
870 3263 963 3338 viros,
997 3283 1069 3324 reios
1092 3262 1198 3345 ntique

68 3359 193 3438 fideles,
213 3383 274 3444 pei·
297 3383 374 3444 quoe
396 3384 464 3424 enm
486 3371 603 3424 secreto
627 3363 802 3424 monitimns
825 3371 860 3423 ut
878 3361 1106 3444 poenitentiam
1129 3381 1198 3442 upe-

75 3467 122 3520 ret
153 3458 193 3520 de
223 3456 388 3522 sceleribus
418 3460 501 3536 cuis,
536 3483 615 3544 qnae
646 3459 771 3543 quidem
801 3458 958 3522 torrendo
995 3458 1082 3520 dictu
1116 3467 1198 3534 nuit,

71 3554 223 3640 pluribus
245 3566 346 3620 cutem
369 3567 446 3619 noto
469 3567 498 3620 et
522 3559 556 3620 in
579 3554 687 3621 multis
705 3556 855 3643 partibus
871 3555 1046 3639 discipata,
1066 3563 1199 3639 propter

75 3675 155 3734 petae
188 3675 256 3716 eum
283 3676 346 3716 non
376 3656 641 3718 encommnnicati
672 3653 772 3717 solum
809 3677 903 3737 iisque
945 3651 989 3715 cd
1012 3651 1197 3737 condipnam

76 3750 343 3835 radefoctionem,
376 3751 431 3814 ted
465 3751 504 3816 ob
540 3753 625 3815 omni
647 3753 762 3814 tortore
785 3752 875 3836 repnt'
898 3750 1012 3834 absque
1036 3773 1090 3834 spe
1114 3772 1198 3812 recn-

71 3848 253 3931 peratienie
287 3848 397 3912 debere
431 3849 572 3926 destitui,
604 3850 786 3912 dininas-nm
816 3859 847 3911 et
868 3849 1076 3910 humanorum
1099 3844 1199 3930 lepum

77 3954 212 4010 testator
246 3957 275 4008 et
302 3947 394 4034 pedet
424 3949 648 4028 auctoritoe¹).
694 3946 759 4012 Sed
792 3969 832 4009 ex
864 3966 902 4008 eo
933 3943 1021 4030 quod
1052 3943 1197 4026 generali

1208 4141 1216 4178 i

152 4221 173 4285 ¹)
193 4219 267 4274 Pcut.
284 4221 425 4277 Bemriett
443 4222 510 4276 Vite
528 4221 655 4290 Gregorii
673 4221 737 4274 vn.
759 4238 781 4276 c
802 4220 843 4275 78.
863 4234 906 4287 cp.
927 4217 1079 4272 Wstterich
1100 4218 1116 4272 Ι.
1135 4233 1156 4269 c.
1176 4218 1197 4272 1·

75 4299 137 4360 517,
158 4299 289 4367 epdcffe,
310 4301 425 4358 tionum
445 4302 559 4370 Gregor.
591 4300 714 4370 Gregorii
734 4300 811 4368 epist.
832 4299 961 4354 collectae
981 4314 1021 4366 ep.
1036 4300 1077 4351 14.
1097 4315 1121 4364 p.
1136 4298 1197 4351 535.
