3002 4836
163 685 260 738 Synodns
282 687 323 727 lto-

208 760 276 791 mm.

333 507 368 558 36
686 505 726 560 De
744 503 848 560 haeresi
866 505 1101 560 iconoclastarum.

421 651 474 716 39.
499 649 627 714 Habuit
657 647 691 714 S.
715 647 895 732 Gregorius
924 649 956 714 11
985 649 1020 713 in
1052 671 1153 715 eausa
1177 673 1345 717 sacrarum
1370 655 1442 717 imu-

331 750 446 834 ginum
470 750 569 812 etiam
596 747 720 811 Romae
748 745 927 830 synodum,
957 747 1050 832 oujus
1078 759 1152 812 aeta
1175 749 1310 836 quidem
1335 749 1441 837 depor-

332 845 401 910 dita
424 855 510 910 sunt.
557 843 623 910 Sed
646 845 846 908 mentionem
880 844 951 930 ejus
983 843 1064 908 facit
1086 845 1279 913 Hadrianus
1307 849 1324 912 I
1348 851 1385 915 R.
1408 851 1440 915 P.

332 947 366 1008 iu
391 943 528 1029 epistola
557 943 600 1008 ad
626 941 780 1006 Carolum
815 941 861 1006 M.
894 941 1063 1006 scribens:
1102 943 1166 1008 Pro
1189 947 1238 1010 bis
1260 948 1442 1012 {iratissimis

332 1043 482 1130 cremplia
502 1039 699 1128 (honorandi
716 1061 826 1104 sacras
850 1038 1012 1125 magides)
1031 1041 1258 1126 praedeeessor
1272 1056 1378 1108 nostin
1393 1046 1440 1106 do-

330 1144 433 1206 minus
452 1141 624 1226 Gregorius
640 1139 676 1201 ll
689 1139 802 1226 junior
817 1135 910 1223 Papa
934 1139 968 1200 io
992 1159 1046 1201 auo
1070 1161 1161 1203 sacro
1184 1141 1326 1220 coasilio,
1350 1143 1442 1228 (quiid

331 1251 361 1304 et
383 1241 417 1303 ia
440 1237 505 1302 alio
529 1235 661 1302 concilio
680 1235 935 1322 praedecessoris
956 1237 1059 1298 nostri
1083 1235 1236 1324 Stepboai
1251 1240 1359 1325 Papae
1383 1263 1443 1302 aaa

330 1361 397 1401 cum
420 1335 635 1402 eueerdotibua
660 1333 806 1422 partirem
830 1333 987 1396 Franciae
1018 1344 1109 1418 atque
1133 1333 1249 1400 Italiae
1274 1350 1442 1424 uracepturu

331 1447 360 1500 et
382 1445 562 1499 veneratum
585 1433 656 1517 eat),
680 1433 715 1494 in
738 1453 773 1494 eo
796 1432 866 1517 ipso
877 1431 1080 1516 praesidente
1095 1435 1291 1498 aaacusaimo
1316 1459 1354 1499 ne
1378 1435 1441 1498 bea·

331 1535 449 1597 tieaimo
473 1531 631 1620 quotidem
662 1531 788 1594 domiuo
815 1527 967 1614 Gregorio
992 1530 1084 1615 Papa
1102 1553 1164 1616 per
1186 1533 1384 1618 semetipsum
1407 1535 1442 1594 si-

330 1631 446 1696 militer
469 1627 599 1715 ds'ors't.¹)
646 1627 734 1692 Citat
761 1626 838 1690 dein
861 1625 1082 1709 fragmentum
1113 1629 1270 1692 orationis
1294 1627 1440 1714 Gregorii

329 1729 372 1795 Π.
426 1727 528 1793 Aliud
556 1728 777 1812 fragmentum
810 1735 956 1787 uotorum
986 1724 1084 1810 hujus
1112 1725 1229 1810 synodi
1262 1725 1443 1811 publicavit

329 1827 403 1892 Em.
431 1827 498 1890 Mai
532 1827 566 1889 in
602 1847 660 1889 suo
690 1821 874 1909 Specilegio
906 1823 1063 1887 Romano.
1121 1822 1334 1888 Conveniunt
1368 1847 1442 1887 vero

329 1925 410 1988 haee
434 1945 533 2010 quam
559 1924 702 1986 maxime
727 1941 801 1984 eum
826 1922 883 2000 iis,
908 1942 992 2006 quae
1017 1923 1050 1984 in
1074 1921 1220 2006 epistolis
1232 1921 1393 2007 ¹Gregorii
1412 1921 1440 1984 ll

328 2023 371 2088 ad
399 2023 544 2086 Leonem
574 2021 726 2085 Isaurum
766 2018 939 2084 habentur.
993 2017 1066 2098 Quo
1103 2041 1190 2084 anno
1223 2031 1332 2083 autem
1364 2019 1442 2084 illud

328 2120 505 2184 concilium
545 2119 693 2183 habitum
733 2119 787 2198 sit,
829 2139 894 2180 non
933 2115 1031 2201 plane
1068 2119 1271 2182 conveniunt
1312 2118 1441 2182 eruditi.

329 2217 413 2282 Cum
445 2217 484 2281 ol.
501 2215 617 2280 Hefele
641 2214 819 2280 admodum
844 2211 1014 2300 probabile
1039 2237 1108 2278 esse
1133 2237 1322 2298 censemus,
1349 2237 1441 2300 syno-

328 2317 407 2380 dum
432 2315 519 2380 hano
543 2313 741 2379 celebratam
774 2333 844 2375 esse
869 2333 982 2376 versus
1010 2335 1039 2378 a.
1066 2315 1144 2395 727,
1173 2324 1347 2399 postquam
1377 2315 1441 2377 Leo

226 2461 228 2464 -
329 2413 511 2500 Imperator
538 2412 682 2476 edietum
716 2430 812 2475 suum
843 2421 956 2474 eontra
985 2433 1094 2474 eaoras
1126 2413 1288 2495 imagines
1320 2414 1442 2476 emisis-

328 2523 394 2592 set,
427 2509 616 2596 ibidemque
652 2509 869 2573 deliberatum
903 2531 972 2572 esse
1011 2508 1053 2572 de
1085 2508 1254 2594 praeclara
1289 2509 1346 2573 illa
1381 2511 1442 2595 epi-

319 2608 409 2672 stola
441 2610 563 2694 prima,
597 2629 662 2694 qua
686 2629 764 2670 mox
796 2605 839 2669 ad
863 2605 1098 2690 Imperatorem
1132 2605 1257 2671 direota
1289 2608 1442 2671 Pontifex

157 3523 270 3572 Gregorius
280 3523 315 3565 lll.

204 3583 227 3624 R
246 3583 268 3625 P.

327 2709 457 2792 egregie
473 2706 596 2769 cultum
611 2725 778 2768 sacrarum
795 2705 975 2788 imaginum
991 2703 1148 2768 vindieat.
1174 2705 1296 2789 Pagiue
1309 2705 1443 2792 quidem

326 2826 385 2890 pro
416 2827 476 2868 sua
508 2804 684 2884 sententia,
708 2823 795 2866 anno
826 2803 891 2865 730
914 2800 1065 2884 Gregorii
1090 2801 1262 2887 epistolam
1287 2806 1442 2889 scriptam

327 2923 410 2980 esse,
426 2923 463 2966 eo
488 2923 574 2965 anno
599 2901 698 2963 etiam
714 2899 878 2984 synodum
901 2898 1049 2962 habitam
1074 2920 1145 2962 esse
1161 2901 1338 2965 existimat.
1371 2899 1443 2963 Em.

327 2998 487 3063 Baitolini
523 3019 612 3079 vero,
647 2999 706 3061 etsi
735 2995 905 3083 epistolam
936 2998 1077 3082 primam
1101 2995 1252 3081 Gregorii
1279 2997 1313 3060 Il
1344 3000 1442 3084 scrip-

326 3107 393 3160 tam
427 3119 496 3161 esse
527 3104 636 3160 teneat
668 3116 754 3159 anno
790 3095 866 3176 727,
892 3105 1012 3174 censet,
1047 3097 1093 3158 uti
1120 3095 1253 3180 Pagius,
1278 3093 1441 3178 synodum

325 3193 473 3258 habitam
506 3217 575 3258 esse
609 3215 722 3256 versus
754 3215 878 3257 annum
905 3193 982 3274 730,
1014 3215 1053 3257 ao
1077 3193 1154 3256 dein
1176 3193 1202 3275 ia
1226 3191 1388 3277 Gregorio
1412 3193 1442 3255 ll

326 3291 426 3358 ltalos
440 3317 460 3358 a
475 3293 678 3378 subjectione
695 3293 729 3354 in
744 3291 890 3355 Leonem
907 3313 976 3355 esse
994 3289 1124 3356 solutos.
1154 3291 1229 3372 Sed,
1247 3291 1296 3354 uti
1307 3290 1381 3376 jam
1399 3290 1441 3354 di·

325 3393 445 3471 ximus,
461 3391 625 3476 synodum
636 3389 726 3453 illam
737 3410 823 3454 anno
837 3390 899 3452 727
912 3387 1110 3453 celebratam
1121 3411 1191 3452 esse
1204 3390 1442 3455 existimamus,

414 3488 467 3553 40.
494 3487 604 3569 Quum
629 3488 662 3554 S.
683 3486 862 3571 Gregorius
880 3486 914 3550 ll
938 3487 992 3551 die
1018 3487 1058 3550 13
1083 3485 1255 3550 Februarii
1281 3489 1362 3551 anni
1382 3489 1438 3550 731

325 3585 368 3649 ad
392 3585 519 3650 eoelum
544 3587 724 3672 migrasset,
750 3585 803 3649 die
822 3587 862 3650 18
878 3585 987 3650 Martii
1002 3587 1036 3648 in
1060 3584 1130 3670 ejus
1153 3584 1261 3648 locum
1286 3585 1444 3649 suffectus

325 3684 388 3747 fuit
414 3683 586 3769 Gregorius
609 3685 666 3748 III
683 3683 802 3768 Syrus,
834 3685 922 3748 vitae
955 3684 1123 3763 sautitate,
1154 3684 1316 3768 sapientia
1342 3696 1375 3747 et
1399 3684 1442 3745 ui·

325 3781 462 3866 gilantia
485 3781 602 3846 clarus.
648 3783 723 3846 Non
756 3784 917 3846 minorem
950 3783 978 3846 is
1002 3803 1115 3846 euram
1145 3783 1178 3845 in
1202 3780 1442 3867 propugnando

325 3901 491 3944 sacrarum
517 3881 699 3964 imaginum
732 3879 823 3944 cultu
847 3882 1052 3944 monstravit.
1099 3879 1241 3942 Litteras
1263 3890 1296 3942 et
1318 3878 1444 3963 legatos

325 3979 440 4042 iterato
474 3977 516 4042 ad
549 3979 694 4042 Leonem
729 3979 962 4064 imperatorem
996 3978 1190 4060 destinavit,
1224 3987 1261 4040 ut
1292 3998 1370 4040 eum
1401 3975 1441 4039 ab

326 4077 427 4162 impio
459 4075 587 4140 haeresi
620 4077 662 4140 ad
693 4075 888 4140 catholicam
920 4077 1115 4140 sententiam
1140 4086 1319 4140 revocaret.
1368 4072 1441 4137 Itali

326 4213 446 4222 μὴ-
475 4213 536 4218 -.-

400 4293 420 4360 ¹)
437 4289 470 4346 V.
491 4289 588 4353 Labbe,
607 4289 669 4345 VII.
689 4289 739 4345 ool.
758 4291 818 4344 947.
