2922 4832
297 495 339 548 De
357 495 528 562 appremione
547 495 683 550 libertatis
702 495 843 550 Ecclesiae.
1106 497 1158 550 let

51 639 302 716 transmittebant,
341 642 445 724 sicque
477 640 566 725 sepia
603 640 797 716 auctoritas,
829 641 1054 704 communicato
1089 665 1158 704 cuns

50 737 149 802 :indicis
160 737 301 812 acatia
313 736 445 802 orbatae
451 737 544 824 plebi
558 737 706 800 idoneam
718 736 1122 824 cmrstitnebatpraesnlem.
1131 739 1156 818 ¹)

51 835 218 900 ,livertare
232 845 345 900 autem
367 835 478 921 juvat,
503 856 543 899 ea
566 843 674 898 aetate
696 834 796 920 plane
818 833 1026 900 obliteratam
1050 835 1158 900 videri

53 934 248 998 investiturae
279 934 467 1017 genuinam
497 933 685 1012 notionem,
728 943 891 1018 quatenus
921 934 993 1018 ipsis
1028 943 1156 998 tautum

52 1031 198 1116 repellas
224 1033 374 1117 principe
407 1031 644 1095 conferrentur.
691 1030 819 1096 Eidem
853 1052 913 1096 rex
936 1040 1038 1096 totam
1062 1053 1157 1096 suam

49 1130 261 1192 alletoritatem
286 1130 320 1192 in
345 1128 584 1194 constituendis
615 1129 780 1214 episcopis
803 1127 989 1209 exercebat,
1022 1129 1158 1194 videba-

52 1238 156 1311 turque
184 1226 297 1290 omnia
319 1226 459 1308 tradere,
494 1225 677 1307 ecclesiam,
707 1225 796 1290 baua
820 1227 933 1312 ipsius,
964 1248 1077 1292 curam
1101 1249 1159 1313 pa·

48 1323 186 1388 storslem
203 1333 238 1386 et
247 1323 525 1409 jurisdictionem,
540 1334 673 1410 praeter
687 1323 909 1390 characterem
925 1324 1157 1411 episcopalem,

49 1421 84 1484 sd
105 1443 200 1507 quem
221 1421 452 1508 requirebatur
475 1425 689 1506 consecratio,
714 1445 800 1508 quae
815 1427 910 1511 jassa
933 1425 1019 1507 regis
1040 1422 1084 1487 ab
1101 1423 1158 1487 ali·

47 1541 102 1602 <pm
133 1519 379 1606 archiepiscopo
419 1520 661 1586 conferebatur.
708 1519 783 1606 lpse
807 1521 1036 1584 Thietmsrus:
1074 1523 1157 1608 Res,

53 1619 159 1702 inquit,
190 1641 259 1682 cum
293 1616 441 1682 electione
471 1621 691 1704 praesentium
720 1618 919 1704 pastoralem
952 1619 1028 1682 mim
1050 1643 1158 1683 curam

50 1717 187 1779 conmisit
209 1739 278 1780 cnm
293 1716 414 1780 bacula
441 1751 484 1764 ···-
509 1716 552 1779 Et
576 1740 602 1781 s.
620 1717 734 1780 Petrus
758 1718 946 1780 Damiauus
970 1727 1083 1780 contra
1109 1719 1158 1780 δί-

49 1814 210 1892 nouiacos,
243 1815 290 1878 uti
310 1814 382 1899 jam
403 1814 559 1895 vidimus,
585 1817 631 1878 ite
655 1813 819 1898 disputat:
844 1814 881 1878 Si
905 1815 1078 1880 saecularis
1100 1813 1157 1878 ille

42 1912 177 1997 princeps
207 1922 337 1998 accepto
359 1910 408 1975 cel
425 1914 593 1998 promissa
610 1913 761 1998 paeanio,
786 1912 987 1998 pastoralem
1011 1912 1070 1976 tibi
1093 1923 1157 1975 tra-

45 2007 117 2071 didit
139 2009 291 2090 bacalum
315 2031 378 2095 qno
391 2008 505 2094 fronte
523 2011 649 2096 poteris
664 2008 855 2095 episcopalis
869 2010 993 2073 ordinis
1006 2031 1157 2073 cammaro

43 2109 262 2171 commercium?
294 2108 461 2171 Enimvero
485 2109 552 2171 misi
572 2131 631 2192 per·
646 2107 727 2170 banc
752 2108 972 2170 investituram
995 2105 1157 2192 illecece-

41 2206 98 2266 turi
117 2205 287 2270 sacerdotii
311 2205 370 2270 tibi
387 2207 483 2290 prius
496 2206 689 2291 imprimeret
712 2204 848 2280 titulum,
864 2203 1002 2290 suturas
1025 2205 1155 2268 ordina·

47 2311 88 2362 tor
115 2326 310 2388 trequaqnam
326 2327 389 2390 per
418 2325 531 2366 mamm
553 2303 786 2388 impositionem
815 2302 987 2367 sacerdotii
1010 2302 1069 2364 tibi
1092 2313 1155 2366 tra·

44 2397 120 2462 deret
141 2411 371 2464 sacramentam
395 2450 401 2463 .
421 2449 453 2465 ..
477 2399 589 2464 Adbuc
613 2410 718 2463 autem
741 2401 785 2464 ad
807 2401 1028 2464 incestituram
1049 2401 1155 2478 redeo,

47 2506 71 2555 ct
91 2522 109 2560 a
132 2511 171 2576 te,
194 2500 249 2584 qui
270 2521 335 2564 seam
358 2498 530 2575 ecclesiam,
554 2497 610 2562 sed
623 2498 771 2562 ecclesiae
789 2497 932 2584 praedio
956 2508 984 2560 te
999 2499 1154 2583 accepisse

39 2593 190 2676 plenioris,
213 2599 349 2682 iwaqrtiro.
386 2595 471 2661 Saue
494 2619 562 2660 cnm
585 2596 729 2660 baculum
751 2594 807 2660 illo
831 2597 895 2660 tuis
915 2597 1061 2660 amnibus
1086 2607 1152 2659 tra-

43 2690 127 2773 didit,
151 2696 295 2759 deicitae:
329 2695 447 2781 Accipe
472 2705 574 2758 tomos
598 2705 690 2779 atque
714 2693 845 2758 diritius
868 2693 957 2757 illius
985 2683 1155 2757 ecclcsiae?

43 2811 80 2852 «ιι
97 2793 214 2876 potins,
237 2792 321 2878 qaod
344 2803 461 2856 certum
484 2801 549 2856 set:
570 2792 687 2877 Accipe
711 2790 913 2876 ecclminmfi)

121 2891 175 2956 46.
221 2890 380 2976 Episcopi
411 2889 544 2976 quidem
582 2899 615 2954 et
645 2889 788 2973 theologi
821 2891 848 2953 si
883 2890 1070 2953 accuratius
1102 2911 1155 2952 res
1185 2899 1307 2980 usurpans·

41 2985 271 3069 discutiebant,
308 2987 557 3072 distinguebant
589 2989 735 3073 profecto
768 2988 958 3072 principum
988 2985 1154 3050 influxum
1180 2981 1303 3020 pennen

43 3099 69 3145 ct
102 3089 330 3152 auctoritatem
366 3088 399 3150 in
425 3085 598 3151 collatione
622 3084 851 3164 ecclesiarum,
883 3095 982 3170 atque
1000 3083 1155 3169 jurisdic-

41 3185 154 3248 tionem
186 3184 391 3271 spiritualem
415 3194 449 3249 et
470 3183 668 3270 pastoralem
697 3182 880 3263 infideles,
910 3204 996 3266 quae
1027 3181 1069 3246 ab
1094 3182 1154 3246 Ec-

40 3279 134 3346 clesia
156 3305 214 3346 seu
237 3305 258 3346 e
281 3283 429 3347 Romano
448 3282 610 3348 Pontifice
635 3277 855 3366 dependeb'at
894 3279 960 3344 Sed
985 3301 1022 3344 eo
1047 3279 1155 3364 majus

40 3377 96 3442 luit
118 3379 314 3465 periculum,
340 3382 516 3467 quominus
540 3382 575 3444 in
598 3380 826 3444 aestimatione
851 3379 1018 3442 communi
1042 3379 1155 3442 omnia

40 3478 314 3543 confunderentur
338 3488 371 3543 et
393 3479 574 3542 auctoritas
598 3476 763 3563 quaedam
786 3497 916 3540 summa
940 3476 973 3538 iu
999 3474 1155 3539 ecclesius

40 3576 242 3661 principibus
265 3576 503 3658 vindicaretur,
526 3575 617 3661 quod
632 3574 775 3640 Romani
791 3573 968 3638 Pontifices
992 3595 1031 3637 es
1047 3582 1155 3638 aetate

34 3670 295 3752 jrrrisdictiouem
333 3697 427 3740 suam
461 3675 495 3738 in
521 3672 672 3738 creandis
700 3671 863 3757 episcopis
898 3669 987 3734 haud
1022 3671 1069 3734 ita
1096 3672 1155 3734 im-

41 3771 177 3836 mediate
205 3783 305 3860 etque
338 3772 462 3837 directe
495 3779 701 3851 exercerent,
735 3771 831 3834 sicuti
863 3778 972 3833 nostro
997 3777 1155 3853 tempore.

42 3867 165 3934 Etenim
198 3892 235 3935 eo
270 3881 418 3957 tempore
451 3869 634 3934 secundum
669 3867 759 3952 leges
791 3864 1006 3932 decretalium
1037 3864 1155 3928 electio

38 3969 263 4056 cpiscoporum
278 3968 380 4034 fiebat
399 3993 419 4033 a
434 3967 705 4054 metropolitanis,
731 3965 868 4050 synodis
881 3962 1154 4050 provincialibus,

105 4198 126 4264 ¹)
145 4201 218 4252 Acts
235 4197 393 4252 Sanctorum
411 4195 481 4251 Julli
499 4195 574 4252 Tem.
593 4195 616 4250 1.
636 4211 661 4262 p.
679 4196 741 4248 tm.

105 4281 125 4336 s,
145 4277 234 4347 Epist.
253 4278 330 4332 xm.
351 4277 386 4331 ad
404 4277 586 4332 Alexandrum
606 4275 643 4329 Il.
