2932 4836
306 481 359 536 336
626 480 711 536 XVII.
740 480 783 534 De
804 479 948 534 schismate
966 479 1110 536 Photiano.

309 625 426 687 merito
452 623 585 687 habitus
606 633 655 687 est
674 645 699 688 s.
714 621 919 703 Methodius3
945 621 1184 686 dissentiebant
1202 633 1313 688 tamen
1328 623 1417 710 aliqui

306 721 350 785 ab
374 743 412 786 eo
437 720 546 806 quoad
570 721 705 784 modum
729 719 862 804 agendi,
887 741 983 804 quem
1010 719 1120 784 minus
1134 741 1287 784 severum
1310 723 1417 787 minus-

306 841 371 904 que
396 818 592 903 diseiplinae
616 818 800 903 proficuum
824 817 1071 882 existimabant.
1118 817 1231 882 NimIa
1254 819 1418 885 videbatur

307 919 387 1002 ipsis
421 939 491 980 esse
524 915 747 1001 indulgentia,
784 937 883 1001 quam
907 915 1098 979 Methodius
1130 917 1169 980 iis
1202 920 1364 1002 episeopis
1391 931 1417 982 et

307 1015 436 1080 clericis
461 1013 656 1096 exhibebat,
690 1015 746 1099 qui
771 1036 812 1077 ex
836 1023 929 1098 parte
953 1012 1234 1078 Ioonoolastarum
1264 1025 1416 1096 steteram,

205 1154 210 1166 ·
307 1114 472 1196 nimisque
496 1109 602 1176 facilis
626 1111 812 1175 habebatur
834 1111 1022 1196 patriarcha
1044 1112 1079 1175 in
1100 1112 1308 1178 conferendis
1328 1119 1417 1180 sacru

308 1209 491 1274 ordinibus.
528 1211 662 1274 Etenim
679 1208 868 1273 Methodius
891 1221 928 1271 ut
951 1209 1074 1273 clerum
1098 1208 1318 1276 orthodoxum
1333 1235 1417 1297 auge·

308 1318 370 1388 ret,
401 1330 524 1392 pronus
549 1317 618 1372 erat
641 1317 678 1370 ut
701 1328 818 1370 manus
844 1299 1027 1392 imponeret
1050 1308 1099 1389 iis,
1124 1329 1205 1392 quos
1230 1308 1417 1375 orthodoxos

308 1415 460 1488 noverat3
490 1405 578 1468 unde
602 1405 726 1468 iactum
755 1414 817 1485 est,
847 1415 883 1467 ut
906 1416 1180 1489 promoverentur
1208 1406 1251 1470 ad
1280 1409 1417 1472 ecclesia·

308 1505 392 1567 stica
414 1525 552 1568 munera
575 1505 673 1566 etiam
699 1500 801 1588 aliqui
826 1503 889 1565 viri
914 1503 970 1588 qui
995 1503 1104 1567 miuus
1129 1502 1221 1588 digni
1245 1515 1348 1570 erant.

135 1605 299 1708 rgnqqqtnuo-
397 1602 450 1666 24.
475 1601 691 1666 Defunctos.
716 1599 896 1681 Methodio,
921 1601 1179 1684 suffragautibus
1203 1604 1416 1688 episcopiam

246 1693 253 1707 ’
307 1699 551 1784 gratulantibus
575 1698 660 1762 clero
686 1708 718 1761 et
741 1695 872 1783 populo,
897 1699 1054 1762 suffectus
1078 1699 1141 1762 fuit
1164 1699 1319 1785 anatius,
1341 1701 1416 1764 lilius

307 1796 481 1861 Michaelis
518 1796 711 1880 Rhaugabia
745 1795 913 1881 quondam
945 1797 1164 1881 Imperatoris.
1220 1797 1326 1863 Natus
1358 1817 1416 1863 erat

307 1899 377 1981 ipse
401 1919 431 1960 a.
448 1896 511 1960 798
536 1906 569 1958 et
592 1893 776 1980 appellatus
790 1893 940 1974 Nicetas3
965 1893 1023 1956 sed
1045 1903 1220 1980 postquam
1246 1907 1338 1981 pater
1354 1899 1415 1983 ejus

307 2017 337 2058 a.
362 1994 427 2057 813
452 2015 469 2056 e
492 1993 609 2057 throno
634 1992 782 2078 dejectus
805 2007 855 2054 est
880 2002 913 2054 et
935 1993 970 2056 in
994 1994 1230 2057 monasterium
1254 1995 1414 2081 relegatus.

307 2090 498 2156 adolescens
525 2089 717 2172 „eunuchus
741 2088 870 2152 invidia
885 2090 1013 2152 factus“
1039 2089 1185 2176 (Anast.)
1209 2095 1412 2158 monasticam

309 2188 431 2272 vitam,
456 2198 605 2273 suscepto
631 2187 751 2271 Ignatii
776 2187 927 2266 nomine,
963 2189 1085 2272 pariter
1109 2189 1275 2273 professus
1299 2201 1359 2269 est,
1390 2206 1415 2254 st

311 2286 367 2370 ,in
400 2284 601 2350 coenobioa
635 2287 806 2370 primaeva
838 2293 944 2348 aetate
978 2286 1068 2348 miris
1102 2284 1207 2350 eluxit
1235 2309 1360 2352 morum
1389 2299 1413 2350 et

308 2384 469 2448 virtutum
493 2381 739 2469 splendoribus,
771 2403 811 2446 ac
835 2382 950 2468 perid
975 2382 1139 2448 diuturnis
1166 2387 1333 2452 exercitiis
1355 2409 1413 2450 eru·
1457 2421 1458 2472 q

309 2480 397 2544 ditus
421 2491 454 2544 et
477 2483 620 2545 inomni
644 2481 782 2544 scientia
805 2490 838 2542 et
861 2501 959 2564 opere
983 2479 1069 2546 bono
1088 2480 1257 2566 probatus,
1275 2531 1282 2548 .
1299 2533 1306 2550 .
1326 2538 1332 2550 .
1353 2505 1416 2548 cun·
1457 2529 1458 2570 ,

307 2589 435 2643 olorum
468 2580 686 2643 unanimitate
718 2577 761 2642 ad
794 2578 913 2642 summi
938 2579 1112 2644 sacerdotii
1146 2581 1271 2664 petitus
1306 2593 1337 2645 et
1359 2603 1416 2666 pm·
1457 2633 1458 2672 ,

310 2685 417 2740 motus
447 2687 496 2740 est
524 2676 717 2761 apicem.“¹)
764 2673 1029 2740 Patriarehatum
1059 2677 1130 2762 ejus
1161 2677 1239 2744 inde
1270 2678 1312 2746 ab
1336 2679 1415 2743 initio
1457 2741 1458 2744 ,

309 2772 516 2858 perturbavit
542 2774 712 2860 Greporius
734 2772 904 2852 Asbestas,
947 2775 1121 2859 episcopus
1144 2773 1368 2859 Syracusanus
1388 2778 1415 2840 iu
1457 2851 1458 2860 ἵ

308 2870 440 2952 Sicilia,
475 2874 530 2958 qui
563 2883 643 2948 tunc
668 2871 952 2956 Constantinopoli
983 2871 1139 2956 degebat,
1173 2896 1338 2962 quemque
1367 2875 1415 2938 ori-
1457 2961 1458 2964 Ἴ

308 2971 409 3032 minis
433 2979 624 3034 accusatum
639 2969 790 3052 Ignatius
814 2971 1053 3034 consecrationi
1077 2993 1156 3034 snae
1180 2973 1336 3038 iuteresse
1356 2993 1415 3058 pro·

309 3066 472 3149 hibuerat,
498 3067 604 3131 donee
627 3089 727 3132 eausa
741 3066 811 3152 ejus
828 3075 913 3130 osset
931 3066 1093 3152 judicata.
1132 3066 1217 3134 Cum
1232 3072 1305 3156 ipso
1319 3082 1414 3136 autem

309 3175 342 3228 et
374 3164 430 3228 alii
464 3165 600 3250 quidam
633 3163 799 3250 praesules
837 3173 869 3226 et
902 3163 1011 3228 clerici
1044 3165 1174 3250 Ignatio
1207 3189 1242 3232 se
1274 3169 1413 3234 adversos
1457 3239 1458 3242 Ἴ

308 3261 533 3341 ostenderunt,
559 3274 592 3327 ot
614 3262 656 3326 ab
681 3283 719 3326 eo
735 3261 902 3325 hlethodio
928 3263 1172 3347 praedecessori
1187 3264 1336 3350 derogari
1351 3285 1412 3329 oon-
1457 3333 1458 3340 χ

309 3361 416 3445 questi
450 3371 535 3424 sunt.
582 3360 805 3424 Dissidiorum
841 3359 967 3424 indoles
997 3382 1062 3426 non
1093 3363 1226 3427 omnino
1261 3363 1412 3450 explorata

309 3469 368 3522 cst.
417 3456 561 3544 Oonjioit
580 3459 654 3522 Em.
672 3455 919 3542 Hergenrttther
942 3481 983 3521 ex
1008 3460 1411 3547 variislactis,1gnatium
1457 3465 1458 3468 ’

308 3554 410 3617 fuisse
443 3576 486 3618 ex
509 3577 549 3618 ea
572 3556 649 3620 cleri
674 3567 783 3642 parte,
818 3577 903 3642 quae
926 3557 1082 3642 majorem
1108 3561 1316 3624 severitatem
1344 3557 1412 3624 desi·

310 3651 494 3718 deraverat.
534 3651 730 3738 Gregorium
754 3675 832 3717 vero
849 3652 1036 3736 Asbestam,
1060 3656 1170 3719 virum
1189 3657 1320 3741 ingenio
1340 3655 1410 3719 aliis-

308 3773 374 3836 que
399 3749 532 3814 dotibus
563 3753 744 3834 insignem,
778 3775 798 3815 a
821 3751 990 3816 Methodio
1014 3755 1138 3837 pariter
1155 3775 1210 3838 ,ex
1233 3755 1341 3821 Sicilia
1361 3753 1410 3815 ori·
1457 3821 1458 3826 .

310 3847 416 3930 undo,
451 3851 563 3932 magni
587 3847 738 3913 habitum
769 3871 808 3912 ac
831 3849 914 3913 sorte
945 3852 1055 3914 minus
1079 3861 1173 3915 caute
1204 3852 1246 3916 ad
1271 3861 1408 3932 metropo-

307 3947 403 4011 litani
428 3945 627 4030 Syracusani
666 3945 861 4031 dignitatem
896 3957 1082 4032 promotum
1116 3971 1204 4032 esse,
1241 3950 1314 4014 dein
1343 3967 1408 4009 rem
1457 3977 1458 4002 ι

311 4045 419 4128 ipsum
444 4045 611 4108 veriorum
635 4047 811 4108 criminum
836 4045 936 4109 luisse
959 4046 1194 4134 accusatum.²)
1238 4047 1327 4111 Actio
1350 4045 1408 4129 ejus

385 4193 405 4259 ¹)
423 4195 519 4247 Anast.
539 4189 607 4248 Bibl.
628 4193 717 4248 Praei,
737 4195 771 4250 ad
790 4194 869 4250 Cone.
889 4195 973 4261 VIII:
994 4193 1085 4250 Lahbe
1104 4195 1180 4254 VIII.
1200 4197 1259 4252 962.
1457 4217 1458 4256 l

383 4271 406 4340 ¹)
426 4271 458 4326 V.
478 4271 590 4326 Photins
610 4279 673 4328 torn.
692 4275 714 4328 I.
732 4289 758 4342 p.
779 4275 839 4330 358.
