2904 4834
334 483 483 538 Concilium
502 483 699 538 oecumenicum
717 489 850 537 octavum.
1100 483 1153 538 395

53 640 171 707 utoreat,
202 627 364 713 aequate-m
387 637 417 690 et
439 627 578 691 eamdem
605 649 699 711 quam
719 626 773 691 itti
795 626 1084 692 condamnationem
1105 649 1153 690 rc·

51 727 144 811 cipiet.
190 724 227 790 Si
248 749 321 789 aero
345 726 415 810 quis
438 723 549 811 aliqua
571 723 691 789 saecsdi
706 735 867 811 potestate
888 722 1006 808 fruens
1028 723 1078 788 uel
1094 745 1153 810 po-

51 834 107 886 tens
118 822 234 909 pellere
251 823 417 888 tentarerit
429 823 617 909 praefatum
631 819 825 908 apostolicae
839 821 1006 886 cathedrae
1019 844 1153 908 papam,

50 931 95 983 aut
116 920 248 984 ahmam
264 921 526 1007 patriarcharum
548 942 739 1006 mamaeam,
763 921 933 984 anatliema
955 921 1006 983 sit.
1054 919 1153 983 Porro

48 1017 223 1104 siSynodus
241 1016 432 1083 universalis
447 1019 553 1104 juerit
568 1029 765 1104 congregata,
790 1029 820 1082 et
834 1018 1044 1103 foetafuerit
1059 1018 1154 1081 etiam

48 1115 194 1180 manacta
209 1117 358 1180 Romanu
372 1116 502 1180 ccclesia
516 1118 645 1202 quaevis
662 1115 851 1201 ambiguitas
866 1116 916 1182 rei
930 1116 1153 1193 controversia,

47 1223 152 1298 aportat
183 1213 406 1279 uenerabiliter
438 1225 468 1277 et
499 1237 567 1278 cum
599 1216 683 1278 orani
708 1215 885 1278 reuerentia
916 1214 955 1278 de
981 1213 1154 1300 proposita

45 1313 209 1394 quaestione
234 1313 405 1391 scisdtari,
430 1322 459 1376 et
482 1311 707 1376 absolutionem
732 1313 889 1397 accipere,
914 1321 971 1376 aut
987 1309 1151 1396 proficere,

46 1420 91 1471 out
107 1409 285 1495 profectum
299 1410 428 1496 facere,
451 1432 515 1474 non
539 1420 641 1474 tamm
666 1409 819 1474 audacter
841 1410 1026 1474 sententiam
1049 1406 1151 1472 dicere

45 1517 140 1571 cmtra
161 1531 298 1572 mammos
324 1509 457 1572 tenura
482 1509 601 1572 Romae
619 1507 794 1593 pontifices.
802 1507 826 1594 ¹)
875 1493 880 1508 ⁸

120 1605 170 1672 87.
203 1605 330 1690 Magna
359 1627 434 1670 oum
466 1604 642 1691 prudentia
672 1605 770 1670 simul
802 1615 933 1670 etcum
957 1604 1151 1668 auctoritate
1167 1603 1320 1707 {jffl

45 1702 128 1765 etium
146 1712 288 1788 egerunt
306 1702 416 1790 legati,
441 1725 542 1789 quum
563 1705 710 1789 quaestio
726 1705 906 1788 agitaretur
927 1703 967 1767 de
984 1701 1151 1766 audiendo

45 1799 145 1863 Photio
161 1811 194 1865 ot
208 1801 344 1866 asseclis
358 1802 439 1887 ejus.
474 1800 645 1886 Urgebant
659 1801 813 1882 Basilius,
831 1810 996 1866 senatores
1012 1821 1051 1863 ac
1065 1799 1151 1863 varii

45 1897 160 1980 Patres,
184 1909 223 1964 ut
247 1899 443 1964 audirentur
466 1898 532 1980 illi,
557 1920 614 1985 spe
638 1898 795 1964 videlicet
819 1898 1026 1964 ducebantur
1049 1897 1151 1978 inani,

45 1999 194 2077 perveniri
220 2019 318 2083 posse
342 1996 386 2062 ad
409 1994 555 2083 aliquam
579 1995 892 2062 reconciliationem.
931 1994 1049 2079 Legati
1073 2016 1151 2060 vero

44 2095 162 2158 omniuo
196 2095 388 2160 abnuerunt
420 2116 556 2161 oausam
579 2095 711 2159 illorum
744 2095 853 2160 denuo
877 2095 932 2179 agi
965 2103 997 2158 et
1029 2093 1153 2156 exami-

45 2193 101 2254 nari
126 2215 237 2278 posse,
270 2193 420 2281 eoquod
445 2193 547 2259 Sedes
571 2192 764 2279 Apostolioa
787 2215 841 2257 eos
859 2193 931 2279 jam
956 2191 1152 2256 condemna·

46 2290 133 2370 uerit,
166 2291 307 2378 ejusque
340 2292 503 2356 sententia
527 2290 681 2355 omnibus
708 2293 898 2356 innotuerit.
945 2290 1074 2354 Baanes
1097 2287 1152 2352 ad-

46 2389 138 2465 uertit,
162 2387 239 2454 illos
255 2391 407 2473 ignorare
426 2389 556 2474 judicia
571 2389 666 2454 Sedis
682 2389 868 2468 Romanae;
892 2412 931 2452 ac
947 2398 1027 2453 tunc
1042 2387 1152 2472 legati,

46 2488 182 2566 quamvis
206 2487 440 2566 observarent,
465 2486 527 2551 hoc
551 2509 618 2552 non
641 2508 736 2574 posse
760 2489 920 2572 supponi,
945 2497 1055 2550 tamen
1078 2507 1152 2570 pru·

46 2579 143 2647 dantia
172 2587 323 2670 practica
354 2585 591 2670 permiserunt,
626 2595 661 2649 ut
684 2584 821 2649 Photius
852 2595 885 2648 et
913 2584 984 2669 ejus
1008 2581 1152 2648 asseclae

45 2691 280 2767 comparerent,
315 2683 422 2768 iisque
449 2683 579 2768 judicia
602 2683 698 2750 Sedis
721 2682 932 2768 Apostolicae
956 2681 1151 2768 legerentur,

45 2787 130 2864 utque
154 2783 445 2866 interrogarentur,
475 2803 518 2847 an
542 2779 598 2845 illa
617 2781 837 2846 admitterent.
878 2779 945 2845 Sed
969 2780 1151 2846 irreforma-

45 2873 129 2942 bilem
162 2901 237 2944 esse
260 2881 455 2944 sententIam
479 2880 518 2944 R.
543 2879 730 2960 Pontificio,
763 2888 863 2943 antea
886 2878 1076 2944 solemniter
1098 2879 1152 2943 de·

46 2971 250 3043 clarevemnt.
297 2977 348 3041 Ita
370 2976 512 3042 habetur
535 2979 570 3041 in
593 2977 736 3041 Actione
760 2989 876 3062 quarta
900 2976 1046 3061 Synodi:
1072 2975 1151 3043 San-

46 3073 161 3138 ctissimi
182 3077 299 3140 vicarii
322 3077 456 3140 senioris
479 3077 598 3139 Romae
622 3077 787 3139 diacmmt:
810 3076 853 3140 Et
876 3097 951 3162 quos
974 3075 1082 3139 dicitis
1104 3077 1151 3140 in-

46 3171 169 3250 troduci,
203 3175 372 3259 ignorant,
405 3174 482 3259 quid
506 3174 670 3264 judicavit
692 3183 804 3238 sancta
829 3175 976 3238 Romana
1000 3173 1152 3238 ccclesia?

46 3264 157 3335 Βααηεε
192 3271 516 3357 magnificentissimus
549 3273 710 3358 patriciae
751 3282 782 3334 et
815 3273 1017 3357 praepositus
1049 3272 1152 3336 dimit:

46 3363 198 3448 lquoronn
231 3371 404 3434 cumcuim
426 3393 490 3434 uon
515 3380 617 3434 essent
639 3368 773 3447 ibidem,
806 3393 861 3433 nec
885 3369 1049 3434 audissent
1072 3391 1151 3455 opus

47 3475 161 3530 restrum
182 3471 218 3532 in
233 3468 366 3554 faciem,
389 3467 513 3553 qualem
532 3467 749 3531 certitudinem
763 3467 874 3531 habere
888 3467 962 3531 illos
983 3490 1023 3531 ea
1037 3467 1151 3531 audita

47 3560 125 3626 ratus
146 3566 190 3629 ad
213 3589 304 3630 suam
325 3566 428 3651 ipsius
451 3563 625 3650 (ipsorum)
649 3565 958 3631 condemnationem?
1004 3566 1151 3630 Donatus

47 3667 70 3719 et
90 3659 263 3748 Stephanae
284 3664 349 3727 Dei
371 3663 555 3728 amicissimi
577 3664 717 3750 episcopi
740 3675 770 3728 et
788 3665 937 3728 Marinus
959 3663 1149 3728 reverendis·

47 3755 127 3820 dnus
148 3759 302 3825 diaconus
321 3771 448 3825 sanctae
462 3763 626 3825 Roraanae
643 3761 800 3840 eeclesiae,
825 3764 1015 3826 sanctissimi
1035 3762 1152 3826 vicarii

47 3856 163 3921 senioris
174 3860 306 3937 Romae,
327 3858 494 3922 diruerant:
518 3857 622 3922 Nobis
636 3880 698 3922 non
715 3859 787 3923 licet
799 3860 976 3924 rescindere
990 3860 1150 3949 jesdicimn

48 3973 189 4018 iturorum
213 3957 426 4020 Romanorum
450 3955 652 4038 Pontificum
684 3957 738 4020 hoe
771 3959 852 4022 enim
879 3961 1071 4022 contrarium
1104 3968 1149 4022 eet

49 4052 190 4116 canonicis
221 4054 393 4132 institutis,
427 4055 575 4139 quoniam
601 4065 787 4139 praesentes
818 4054 886 4118 illic
911 4078 972 4140 per
998 4056 1149 4142 proprios

48 4181 242 4198 *¹²¹*—

109 4245 129 4312 ¹)
145 4247 243 4304 Condi.
263 4247 339 4304 VIII.
359 4249 420 4304 Act.
438 4247 472 4304 X.
491 4247 582 4303 stbe
600 4247 677 4302 VIII.
699 4251 775 4304 1140.
