3054 4834
292 479 345 534 344
526 479 599 532 XXI.
621 481 658 532 lte
678 484 703 534 S.
723 481 855 546 Gregorio
875 480 929 534 Vll
948 480 1024 534 Rom.
1049 480 1188 534 Pontifire.

293 633 352 686 cst.
378 625 558 704 —·Quurn
585 622 802 687 nihilominus
826 625 1048 708 Berengarius
1071 627 1244 709 opiniones
1279 649 1356 690 suas
1386 639 1418 688 nt

293 720 494 785 orthodoxas
524 732 671 784 tueretur
695 733 726 784 et
750 731 927 806 spargeret,
961 743 1049 786 anno
1075 723 1161 786 1054
1185 723 1251 786 alia
1276 724 1419 806 synodus

294 818 407 884 habita
432 830 481 883 est
505 819 656 898 Turonis,
682 822 735 882 cui
761 819 926 904 praesedit
952 819 1204 896 Hildebearrtlua,
1232 821 1357 884 Leonis
1373 822 1419 885 lx

293 916 429 1002 legatus.
478 917 515 980 lu
547 917 662 982 eadem
688 919 825 1002 synode,
860 928 934 1004 post
958 917 1180 983 discussiones
1204 918 1341 983 habitas
1364 920 1420 984 Be·

293 1017 465 1100 rengarius
489 1015 673 1098 juramento
697 1018 858 1101 promisit,
890 1037 923 1080 se
947 1026 1156 1080 servaturum
1181 1037 1252 1080 ease
1279 1039 1423 1080 commu-

294 1133 370 1176 nem
393 1112 563 1176 Ecclesiae
588 1113 784 1195 doctrinam,
815 1123 848 1178 et
881 1112 1077 1199 subscripsit
1103 1114 1286 1178 formulae:
1325 1115 1422 1178 Pare

293 1220 323 1272 et
345 1211 451 1274 cirrum
469 1221 545 1297 poet
567 1213 832 1276 consecrationem
855 1223 928 1276 sunt
951 1233 1064 1298 corpus
1083 1209 1203 1276 Christi
1226 1223 1257 1274 et
1271 1215 1424 1297 scapum

294 1330 359 1394 quo
384 1307 470 1372 facto
494 1307 536 1372 ab
560 1308 791 1374 Hildebrando
823 1308 994 1374 absolutus
1018 1309 1090 1373 fuit.
1139 1308 1332 1374 Videbatur
1356 1333 1423 1396 pro-

294 1406 379 1470 fecto
411 1405 495 1470 haec
524 1405 666 1472 formula
691 1407 870 1488 sufficiens,
903 1407 984 1471 dum
1008 1429 1107 1472 sensu
1131 1405 1275 1471 naturali
1303 1407 1422 1472 realem

294 1507 525 1588 praesentiam,
551 1515 583 1570 et
598 1505 1000 1570 transsubstantiationem
1026 1504 1186 1590 implicite
1210 1508 1423 1590 exprimeret.

294 1600 481 1666 subtiliores
505 1613 614 1666 autem
641 1603 883 1688 disputationes
908 1605 1024 1690 seponi
1049 1615 1192 1688 possent.

387 1799 458 1862 143.
489 1797 555 1862 Sed
569 1798 791 1883 Berengarius
808 1800 981 1883 opiniones
996 1819 1073 1862 suas
1097 1819 1251 1864 erroneus
1276 1801 1423 1866 retinuit.

294 1895 347 1958 vel
363 1895 452 1981 quod
467 1896 643 1960 formulam
667 1896 846 1960 admissam
872 1917 951 1960 mox
975 1896 1135 1980 rejiceret,
1162 1897 1213 1961 vel
1232 1896 1322 1982 quod
1348 1895 1422 1960 sub·

295 1992 370 2058 dola
394 1993 618 2080 explicatione
642 2017 768 2060 errores
798 2015 873 2057 suos
898 2015 973 2057 cum
1009 2016 1049 2058 ea
1073 1993 1276 2060 conciliaret.
1323 1997 1423 2060 Anno

297 2091 382 2156 1059
405 2101 516 2156 autern
541 2095 612 2178 ipsc
628 2091 766 2156 Romam
790 2093 893 2172 venit,
918 2113 1053 2176 sperans
1077 2115 1110 2156 se
1135 2113 1230 2176 posse
1254 2093 1422 2156 occultare

294 2211 370 2254 suos
394 2212 528 2272 errores,
564 2201 701 2276 arteque
726 2189 901 2254 dialectica
929 2200 962 2252 ct
988 2191 1188 2275 juvantibus
1211 2192 1328 2255 amicis
1354 2213 1424 2253 rem
1511 2188 1512 2194 '

294 2310 388 2352 suam
413 2309 621 2373 componere.
668 2289 765 2352 Tunc
790 2291 823 2352 in
848 2288 975 2372 synodo
1000 2311 1101 2375 quarn
1123 2311 1198 2354 cum
1224 2300 1357 2354 centurn
1385 2311 1424 2352 ac

295 2385 453 2450 tredecim
479 2388 642 2473 episcopis
666 2386 824 2450 Nicolaus
848 2387 881 2450 ll
913 2385 1041 2467 habuit,
1081 2388 1200 2450 iterum
1225 2386 1295 2471 ejus
1318 2409 1427 2449 cansa

233 2487 238 2496 '
294 2487 419 2571 agitata
450 2495 513 2564 est,
550 2507 691 2572 eumque
725 2485 934 2548 Lanfrancus
968 2487 1087 2548 erroris
1122 2487 1276 2549 convicit.
1322 2484 1429 2548 Fidei

295 2584 454 2670 professio
479 2582 670 2670 hujusmodi
704 2583 746 2646 ab
771 2583 958 2648 Humberto
984 2581 1153 2647 Cardinali
1185 2583 1369 2667 composita
1398 2594 1431 2644 et

294 2705 314 2746 a
337 2681 538 2765 Berengario
563 2689 717 2766 suscepta
740 2691 806 2744 est:
832 2683 898 2767 Epo
923 2682 1137 2767 Berenporirrs
1243 2681 1433 2744 eradicata·

297 2783 357 2844 tizo
381 2803 500 2843 omnem
522 2781 688 2856 baeresim,
707 2783 883 2866 praecipue
919 2779 958 2843 dc
982 2803 1044 2864 qua
1068 2779 1216 2842 hacteuus
1243 2778 1433 2862 infamatus·

295 2903 372 2958 eam,
403 2903 482 2964 quae
507 2891 649 2942 astruere
673 2889 815 2954 conatur,
835 2901 956 2964 panem
979 2889 1008 2940 et
1034 2879 1137 2940 cirrum
1160 2897 1238 2961 qaae
1261 2877 1293 2937 in
1318 2873 1436 2940 altori

290 2988 466 3064 portantur,
491 2987 567 3061 port
589 2978 853 3040 corraseratiorrem
876 2973 1068 3038 solummodo
1093 2983 1318 3038 sacr-omentum
1347 2977 1436 3054 isig-

296 3076 401 3156 num),
426 3085 533 3138 etrrort
547 3097 651 3138 eerwrr·
675 3096 789 3158 corpur
812 3084 841 3136 et
865 3075 1046 3159 sanquinem
1072 3073 1205 3136 Domini
1228 3072 1326 3134 riustri
1343 3071 1437 3134 decu

300 3171 419 3239 Christi
446 3195 521 3250 esee,
555 3197 610 3236 aec
629 3195 724 3257 porse
749 3173 947 3250 acrrsuoliter,
981 3173 1044 3234 nisi
1068 3174 1102 3233 irr
1124 3171 1192 3234 solo
1216 3183 1438 3236 errcromento.

295 3271 441 3337 mortibus
465 3271 661 3334 sacerdotum
685 3271 829 3349 tracturi,
854 3269 1037 3354 velfroapi,
1062 3268 1112 3332 vel
1123 3267 1439 3351 fideliurudcatibus

296 3371 401 3435 atter-i.
452 3365 619 3433 Consentio
645 3379 748 3432 aarum
772 3379 900 3432 sanctae
917 3369 1082 3431 Roruorroe
1107 3363 1266 3432 Ecclesiae
1290 3377 1319 3428 et
1337 3367 1437 3452 Ape-

297 3469 426 3534 stolr'oac
452 3467 538 3544 Serti,
563 3477 592 3530 ct
616 3491 668 3530 ore
693 3478 723 3530 et
746 3467 838 3530 corde
856 3466 1010 3556 profiteor·
1033 3465 1072 3528 dc
1095 3475 1290 3528 sacramento
1314 3462 1438 3526 Domi·

296 3569 386 3631 nicae
411 3589 535 3630 mensae
559 3588 627 3628 eam
642 3564 742 3648 fideus
765 3587 811 3628 mc
837 3575 950 3640 terrere,
974 3587 1068 3648 qrrcm
1085 3563 1230 3626 dominae
1247 3572 1275 3624 et
1297 3583 1439 3624 vermu-

297 3662 371 3728 lrilis
399 3663 491 3750 Papo
523 3662 694 3740 Nicolcae,
731 3672 761 3726 et
789 3663 864 3725 laec
906 3671 1017 3724 carrata
1057 3660 1196 3748 syrterias
1238 3659 1440 3721 erector-itate

297 3761 478 3846 errorrqelica
502 3773 532 3825 et
556 3757 733 3846 apostolica
758 3759 924 3822 terre-udam
941 3757 1089 3834 tradidit,
1106 3757 1239 3841 nrilrique
1255 3755 1441 3840 ,iomisit

297 3861 415 3925 scilicet
434 3881 552 3946 partem
577 3871 606 3922 ct
628 3860 744 3936 cirrum,
780 3880 859 3942 quoe
884 3859 918 3920 irr
942 3854 1044 3920 altori
1061 3864 1237 3940 pociantur.
1259 3863 1332 3937 post
1358 3877 1440 3916 ωη-

298 3960 502 4022 secretionem
528 3981 588 4020 nort
614 3954 714 4019 solarer
738 3966 978 4022 sacromentum.
1004 3954 1059 4018 scd
1075 3955 1287 4016 elimaverunt
1312 3975 1441 4036 corpses

298 4067 328 4120 et
352 4058 534 4142 strepuissent
559 4056 692 4117 Domini
716 4055 817 4117 nostri
840 4054 920 4116 ‚lesu
939 4051 1059 4116 Christi
1082 4073 1163 4114 erte:
1189 4061 1218 4110 et
1241 4049 1444 4112 serrauoliter·

299 4179 361 4219 riou
387 4155 483 4216 solum
509 4162 718 4229 sacramen-to,
749 4153 805 4214 secl
828 4153 860 4214 iu
887 4152 1028 4226 scritate,
1063 4147 1208 4212 mortibus
1230 4145 1440 4210 ancer-dotum

300 4255 436 4315 trrrctrrrr'
469 4263 498 4315 rt
520 4251 638 4337 frorrpi
669 4261 697 4310 et
728 4247 867 4328 fidelium
902 4245 1048 4311 (lentibus
1081 4247 1194 4309 atteri:
1223 4249 1344 4332 juraras
1373 4271 1443 4330 per·
