3054 4834
519 467 695 522 Continuatio
713 469 810 522 luctae.
1168 468 1222 520 383

97 616 234 697 rigorem
259 611 477 678 relaxandum
502 613 745 697 praeciperent,
782 613 910 696 quoties
942 613 1088 697 ipsorum
1112 611 1218 676 obser·

98 713 206 778 vantia
230 713 265 776 in
281 711 464 796 perniciem
478 711 587 795 potius
604 709 774 774 Ecclesiae
790 708 996 774 deserviret?
1028 709 1063 776 si
1078 710 1218 796 proinde

96 831 193 893 supra
227 819 373 874 caeteros
409 807 504 872 decet
540 807 726 872 Romanum
762 807 958 872 Pontificem
997 831 1038 872 ss.
1074 829 1218 872 canones

98 905 269 972 inviolatos
293 928 434 988 servare,
469 905 585 970 debuit
607 904 778 970 Paschalis
801 905 844 968 ab
869 907 1017 990 ipsorum
1040 907 1147 988 rigore
1172 929 1218 968 re·

96 1003 226 1084 cedere,
262 1027 303 1068 ne
340 1005 566 1086 ingruentium
599 1004 872 1082 gravissimorum
908 1001 1069 1068 malorum
1105 1015 1220 1068 auctor

95 1101 278 1166 haberetur.
327 1103 500 1166 Caeterum
527 1102 553 1164 si
579 1102 784 1165 conveniens
817 1113 866 1164 est
889 1099 1059 1165 Ecclesiae
1089 1102 1219 1186 regulas

93 1199 277 1266 Romanum
293 1199 490 1264 Pontificem
515 1201 688 1284 inspicere,
721 1219 786 1264 non
813 1199 859 1262 its
883 1209 1050 1283 praestare
1075 1209 1216 1280 tenetur,

91 1299 169 1382 quie
193 1299 353 1383 superiori
378 1297 532 1362 conditae
547 1299 614 1360 sint
628 1307 799 1382 potestate,
818 1343 824 1360 .
840 1345 846 1360 .
862 1345 869 1360 .
887 1295 945 1360 sed
964 1298 1052 1381 quia,
1077 1297 1158 1382 quid
1174 1299 1217 1362 ad

89 1394 261 1480 spirituale
284 1394 483 1480 gubernium
508 1394 682 1474 conducat,
709 1394 896 1458 ostendunt.
930 1393 1028 1474 Quod
1053 1396 1080 1458 si
1102 1395 1217 1460 nihilo·

91 1495 201 1556 minus
224 1491 396 1558 Paschalis
420 1495 466 1556 rei
490 1495 599 1578 potius
623 1515 798 1578 personam
823 1491 942 1576 induit,
972 1492 1007 1556 id
1032 1495 1136 1578 ipsius
1159 1494 1217 1558 hu-

90 1590 224 1656 militati
249 1590 475 1666 tribuendum‚
499 1613 564 1676 quo
589 1593 688 1655 etiam
714 1613 790 1654 cum
816 1592 866 1653 sui
884 1589 1077 1654 dimissione
1102 1603 1217 1656 exorta

90 1692 123 1752 in
148 1689 303 1754 Ecclesia
333 1688 469 1753 dissidia
494 1709 560 1752 non
585 1688 718 1752 erubuit
749 1709 929 1752 removere.
978 1687 1093 1752 Voluit
1116 1692 1216 1754 etiarn

86 1787 131 1852 ad
155 1787 298 1852 aliorum
323 1787 516 1852 scandalum
549 1785 789 1850 eliminandum
820 1786 908 1871 quod
933 1797 1067 1850 coactus
1097 1788 1217 1852 fecerat

86 1884 288 1966 rescindere,
323 1897 356 1949 et
379 1887 534 1970 quamvis
558 1887 790 1969 episcoporum
809 1883 938 1967 judicio
963 1905 1029 1947 non
1054 1884 1215 1958 subditus,

87 1995 124 2046 ut
148 1981 344 2048 observavit
367 1981 427 2046 Ivo
459 1981 581 2067 aliique
607 1980 783 2065 praesules,
816 2033 822 2047 .
849 2030 856 2045 .
883 2031 890 2046 .
923 1983 955 2044 in
981 1982 1121 2046 concilio
1146 2007 1216 2069 pro-

85 2103 213 2165 ponere
239 2104 303 2144 non
328 2080 498 2160 abstinuit,
523 2079 611 2164 quod
636 2078 882 2144 emendandum
901 2078 1088 2164 judicavit“
1103 2081 1136 2166 ¹).

177 2233 231 2297 uo.
262 2233 302 2296 In
319 2253 539 2296 successorem
559 2229 727 2294 Paschalis
743 2229 775 2294 ΙΙ
801 2229 854 2294 dic
878 2231 938 2294 :25⁰
955 2231 1107 2296 Januarii
1130 2237 1213 2298 llis

84 2328 237 2408 legitime
262 2329 385 2394 electus
400 2331 463 2394 fuit
475 2330 496 2394 J
500 2351 624 2392 oannes
638 2327 817 2412 Caietanus
830 2327 1018 2393 Uurdinalis
1044 2331 1213 2416 diaconus,

76 2441 111 2490 et
139 2429 178 2493 ll.
205 2425 375 2492 Ecclesiae
399 2427 460 2491 sub
488 2427 619 2491 Victore
644 2427 705 2509 Ill,
732 2425 867 2490 Urbano
891 2425 925 2490 Il
950 2438 982 2490 et
1005 2429 1157 2495 Paschali
1177 2432 1212 2496 Il

80 2527 153 2588 fere
186 2547 245 2609 per
277 2525 496 2610 quadraginta
529 2547 633 2589 annes
658 2523 893 2589 Cancellarius.
941 2525 1136 2611 Appellatus
1165 2541 1214 2594 est

79 2625 155 2708 ipse
187 2621 335 2686 Gelasius
358 2624 400 2686 II.
449 2623 549 2686 Hunc
574 2621 716 2686 Oeneius
742 2621 956 2706 Frangipani,
987 2626 1040 2687 vir
1063 2629 1096 2689 in
1124 2628 1212 2692 llrbc

79 2733 220 2806 potens,
246 2723 302 2806 qui
320 2720 476 2806 cupiebat
490 2720 591 2784 alium
609 2723 712 2784 creari
740 2719 944 2800 Pontificem,
970 2743 1010 2784 ex
1035 2724 1214 2810 improviso
1294 2736 1299 2747 '
1333 2741 1339 2751 '

75 2839 262 2902 aggressus
286 2833 344 2898 est,
370 2819 403 2881 vi
429 2819 617 2904 irrumpens
647 2821 680 2881 in
706 2818 876 2881 ecclesiam
902 2823 1093 2884 monasterii
1112 2823 1215 2889 Palla·

78 2917 148 3000 dii,
185 2915 240 2978 ubi
276 2915 391 2980 electio
424 2915 512 2979 lacta
544 2927 622 2980 erut.
671 2916 865 2980 Pontificem
899 2916 1070 2996 distrarit,
1098 2926 1215 3007 [ιιιριιιί

73 3013 283 3098 «falcibusque
301 3016 471 3100 percussit,
497 3025 525 3076 el
551 3025 700 3100 tunquam
716 3013 837 3076 brutum
864 3013 986 3076 (animal
1010 3017 1095 3080 inl-ru
1120 3020 1214 3084 limen

74 3109 235 3174 ecclesiae,
260 3113 377 3174 acriter
400 3110 577 3174 calcaribus
602 3114 787 3190 cruentavit,
820 3123 848 3174 ct
873 3113 991 3176 cuteut‘a
1015 3119 1214 3182 constructum

76 3213 114 3272 ιἰι
143 3209 237 3272 domu
262 3233 320 3272 sua
344 3209 507 3272 custodias
532 3208 708 3294 trudidffl).
741 3211 820 3272 llox
844 3220 955 3272 tamen
979 3235 997 3274 a
1023 3215 1213 3296 proceribus

74 3319 113 3371 et
141 3331 163 3369 a
188 3305 311 3391 populo
337 3305 480 3371 Oeneius
505 3319 638 3370 coactus
662 3319 720 3388 est,
757 3319 792 3370 ut
815 3306 1010 3373 Pontificem
1034 3310 1135 3377 libere
1167 3316 1212 3380 di·

74 3407 243 3469 mitteret.
274 3403 308 3468 Is
331 3406 366 3468 in
383 3403 548 3468 Laterano
573 3403 694 3491 palatio
719 3405 849 3485 resedit,
876 3412 1077 3473 consecratio
1102 3423 1212 3477 tamen

70 3501 328 3588 aliquantisper
352 3502 454 3567 dilata
478 3513 536 3586 est,
573 3523 675 3587 quum
701 3501 856 3566 Gelasius
892 3508 1119 3573 tantummodo
1145 3511 1212 3575 dia-

71 3621 191 3664 conus
224 3608 318 3664 esset.
365 3599 504 3664 Romam
537 3599 737 3664 adveniente
772 3599 867 3663 brevi
899 3611 972 3686 post
999 3601 1145 3671 chrico
1170 3609 1210 3690 l',

71 3699 246 3764 Gelasins
272 3697 420 3782 Cajetam
462 3699 495 3760 in
529 3700 669 3784 patriam
702 3721 794 3762 suam
827 3721 860 3761 se
891 3704 1031 3785 recepit,
1068 3705 1125 3769 ubi
1158 3707 1210 3770 die

69 3799 117 3861 9⁰
147 3796 260 3859 Martii
299 3797 330 3858 in
355 3795 585 3881 presbyterum
618 3795 790 3860 ordinatus
821 3807 852 3858 et
878 3795 931 3859 die
959 3801 1016 3864 10⁰
1041 3803 1149 3867 Martii
1177 3807 1209 3868 in

71 3985 204 3995 ,αι-..η-
214 3987 223 3992 .
239 3987 244 3990 .

164 4094 181 4157 ¹)
200 4095 232 4147 In
251 4109 318 4148 saec.
339 4095 378 4148 XI
398 4103 424 4149 et
445 4095 507 4151 xri.
528 4096 641 4150 Disscrt.
663 4095 708 4151 [ι’.
728 4104 779 4150 nrt.
800 4097 877 4151 XIII.
899 4097 975 4149 Nota.

161 4175 181 4238 ¹¹)
202 4175 375 4243 pandulphus
390 4175 504 4229 Pisanus
523 4176 625 4230 Gelasii
645 4175 788 4229 familiaris
809 4177 836 4230 in
856 4176 913 4244 ejus
941 4178 1009 4232 l'itu.
1030 4177 1100 4245 aprnl
1122 4179 1209 4230 llum·

68 4254 138 4308 tori
161 4255 258 4322 Script.
279 4255 541 4311 scalatum.
561 4273 585 4332 p,
606 4259 665 4310 381.
