2932 4836
329 491 371 547 De
387 488 575 546 Decretalibns
594 487 876 546 Pseudo-Isidorisnis.
1113 493 1171 546 313

72 634 221 700 Hadriano
244 634 418 716 Pontifici,
453 634 510 720 qui
534 654 609 696 eam
632 632 675 696 ad
698 631 865 718 praesules
889 632 1007 717 synodi
1032 644 1169 698 coactae

70 733 243 813 direxerit¹)
274 771 319 780 —
351 731 487 796 Accidit
518 738 630 796 antem
652 727 780 816 aliquot
802 739 879 794 ante
901 753 1021 810 annos,
1055 741 1093 796 ut
1116 734 1172 796 vir

70 829 196 895 cruditus
212 831 374 910 Maasson,
399 851 502 916 quum
526 827 739 914 perlustraret
762 828 911 893 codicem
935 827 1027 893 illum
1044 829 1170 894 Medio·

68 929 225 1008 lunensem,
250 927 538 1007 animadverteret,
564 926 973 990 minoremtantummodo
991 925 1078 990 illius
1099 949 1170 991 ora·

67 1027 151 1089 nonis
171 1037 296 1110 partem
319 1024 533 1088 aMuratorio
557 1023 697 1109 aliisque
721 1023 911 1088 auctoribus
935 1023 1058 1088 editam
1083 1047 1169 1108 esse;

67 1123 139 1186 unde
161 1125 227 1208 ipse
252 1125 351 1186 etiam
375 1121 513 1187 alteram
536 1131 665 1207 partem
689 1121 815 1207 publici
834 1121 920 1208 juris
944 1122 1032 1188 iecit.
1077 1124 1169 1188 Jam-

67 1243 131 1286 vero
161 1223 194 1286 in
227 1221 290 1286 lrac
314 1220 417 1284 altera
439 1231 532 1305 parte
565 1229 680 1284 auctor
704 1220 861 1284 orationis
894 1222 1039 1284 maxime
1071 1223 1106 1285 in
1130 1245 1171 1286 eo

65 1329 215 1400 versatur,
252 1330 289 1383 ut
322 1317 418 1384 Sedis
441 1317 653 1402 Apostolicae
684 1317 762 1402 jura
797 1327 829 1381 et
863 1321 1091 1385 auctoritatem
1127 1342 1171 1384 ex

66 1419 152 1482 variis
174 1415 437 1482 Pseudo-Isidori
461 1413 691 1479 Deci-etalibus
716 1416 925 1480 commendet
947 1438 986 1481 ac
1010 1417 1171 1482 vindicet.

67 1515 148 1580 l'nde
170 1515 323 1580 Maassen
348 1515 558 1597 existimans,
583 1511 626 1578 ab
646 1513 819 1577 Hadriano
834 1511 867 1578 Π
890 1536 964 1578 eam
988 1517 1170 1580 orationem

64 1615 91 1676 in
112 1613 233 1697 synodo
258 1611 447 1676 Cassinensi
471 1609 620 1674 habitam
646 1633 731 1692 esse,
766 1611 925 1694 advertit,
959 1623 1039 1678 tunc
1063 1615 1171 1699 prima

61 1712 123 1774 rice
144 1711 215 1774 usui
241 1708 445 1795 amplissimo
470 1710 624 1773 serviisse
648 1707 748 1772 falsas
770 1709 977 1794 Decretales‚
1009 1721 1046 1776 ut
1068 1711 1170 1798 pleni-

62 1808 129 1872 tudo
151 1810 323 1894 potestatis
347 1807 443 1873 Sedis
466 1807 635 1871 Romanae
660 1808 766 1870 exiis
789 1807 1025 1894 probaretur.²)

139 1907 209 1970 110.
243 1905 289 1970 Et
312 1929 346 1968 re
380 1905 515 1990 quidem
539 1927 635 1986 vera,
670 1906 697 1969 si
731 1907 834 1969 oratio
859 1905 915 1970 illa
939 1907 1111 1972 Hadriano
1135 1909 1169 1972 II
1192 1907 1332 2012 fflffl

61 2002 199 2067 Pontifici
225 2001 403 2066 tribuenda
427 2012 492 2082 est,
518 2003 631 2086 negari
656 2003 785 2088 nequit,
811 2025 886 2067 eum
911 2003 1006 2070 Sedis
1030 2004 1170 2091 Aposto·
1225 2031 1302 2072 eruta

58 2099 130 2164 licae
152 2102 381 2164 auctoritatem
415 2098 589 2164 incudem
615 2121 814 2185 magnopere
838 2123 880 2164 ex
903 2103 1169 2167 Pseudo-Decre-

60 2197 168 2262 talibns
191 2197 309 2261 Isidori
341 2198 540 2263 vindicasse.
587 2197 721 2262 Etenim
752 2198 839 2263 ultra
869 2201 1005 2284 triginta
1026 2199 1171 2264 Pseudo-

61 2295 272 2360 Decretalium
306 2304 433 2378 textus,
468 2297 524 2381 qui
557 2295 793 2382 septemdecim
826 2298 928 2361 variis
951 2297 1172 2362 Pontificibus

59 2391 254 2472 tribuuntur,
288 2403 403 2457 auctor
434 2393 590 2457 orationis
614 2395 725 2476 affert,
759 2417 798 2458 ac
831 2397 987 2480 spectatis
1017 2406 1171 2460 textuum

58 2491 162 2556 ordine
185 2515 224 2555 ac
242 2490 353 2555 verbis
368 2489 481 2577 liquet,
506 2514 548 2554 ex
566 2489 767 2556 Collectione
779 2491 1042 2558 Pseudo-Isidori
1057 2496 1173 2559 omnia

58 2589 111 2652 ista
133 2613 202 2654 esse
227 2589 411 2674 desumpta.
430 2579 434 2586 ¹
451 2588 498 2652 At
522 2610 600 2652 vcro
625 2587 706 2653 illud
724 2591 902 2675 quaeritur,
927 2602 1037 2656 utrum
1053 2614 1172 2676 reapse

57 2688 151 2751 oratio
182 2689 242 2750 ists
268 2685 383 2750 habita
406 2688 448 2750 sit
471 2685 514 2750 ab
538 2687 709 2750 Hadriano
735 2687 765 2751 ll
790 2689 950 2753 Pontifice
982 2692 1016 2753 in
1040 2689 1170 2774 synodo

58 2781 175 2848 Cossini
201 2783 375 2849 celebrata.
422 2784 621 2869 Negandum
646 2785 679 2848 id
704 2809 774 2850 esse
798 2808 979 2851 censemus.
999 2824 1036 2833 -
1060 2785 1170 2866 Quae-

57 2883 185 2946 stionem
210 2881 298 2946 hanc
322 2885 453 2967 egregie
478 2883 631 2946 discussit
654 2882 696 2946 A.
716 2883 870 2968 Lapdtre,
895 2883 1072 2970 solidisque
1096 2886 1171 2970 ipse

57 2981 199 3062 probarit
223 2981 443 3065 argumentis,
478 2982 660 3044 orationem
694 2979 783 3044 illam
807 2983 1001 3068 neutiquam
1033 2981 1076 3045 ab
1101 2981 1170 3046 Ha-

56 3075 161 3142 driano
185 3077 363 3160 Pontifice,
398 3077 455 3141 sed
480 3077 521 3142 ab
546 3077 656 3166 aliquo
681 3081 833 3164 episcopo
866 3078 1014 3144 habitam
1038 3101 1107 3144 esse
1131 3081 1169 3143 in

56 3175 170 3256 synodo
202 3175 328 3261 aliquot
351 3177 596 3261 episcoporum,
632 3178 688 3263 qui
713 3187 873 3263 quantum
898 3178 1030 3241 videtur
1056 3179 1170 3263 potius

57 3271 186 3358 Romae,
223 3295 335 3338 mense
358 3273 449 3338 Julio
483 3297 512 3339 a.
538 3274 622 3356 869,
657 3285 731 3360 post
763 3285 963 3340 conventum
996 3277 1031 3339 in
1055 3285 1169 3340 monte

57 3369 182 3436 Cassino
214 3371 384 3447 habitum,
421 3373 611 3456 congregati
642 3383 736 3452 sunt,
773 3384 809 3436 ut
842 3395 884 3436 ex
913 3372 1069 3437 mandato
1100 3373 1168 3436 Ha·

55 3466 150 3534 driani
186 3469 217 3532 ll
252 3469 292 3533 de
326 3491 426 3533 causa
458 3469 607 3534 Lotharii
648 3481 680 3534 et
713 3470 754 3534 de
787 3473 991 3534 restitutione
1024 3471 1167 3535 duorum

56 3611 257 3623 *-

118 3699 137 3763 ’)
156 3699 190 3754 V.
214 3697 301 3762 June,
326 3699 447 3766 Regesta
465 3700 522 3756 RR.
543 3701 622 3756 Pont
647 3717 672 3769 p.
692 3703 752 3757 257.
776 3732 802 3742 --
831 3702 981 3766 Dnmmler‚
1007 3701 1169 3757 Geschichte

55 3775 93 3832 des
108 3777 326 3832 esttrankischen
344 3778 464 3834 Reichcs.
501 3780 594 3834 Berlin
614 3782 692 3846 1862,
712 3788 730 3835 t.
753 3783 766 3834 1
792 3798 818 3850 p.
838 3783 898 3847 678,
917 3798 943 3839 n.
962 3783 1004 3838 51.

116 3857 188 3928 ¹)V.
215 3858 285 3913 Eine
308 3855 382 3914 Rode
406 3859 452 3913 des
476 3858 591 3927 Papstes
617 3859 740 3914 Hadrian
766 3861 792 3916 n
823 3877 884 3916 rom
908 3861 992 3916 Jahrc
1016 3861 1077 3918 869.
1115 3861 1168 3916 Dic

55 3945 116 3992 erstc
138 3938 309 3994 umfasscnde
328 3939 493 4008 Benttaung
519 3939 566 3994 der
585 3939 704 3995 ialschen
723 3941 884 3997 Decretalen
912 3957 961 3995 aur
979 3941 1168 4011 Begrttndnng

54 4013 94 4069 der
110 4017 268 4073 llachtfnlle
287 4018 332 4073 des
350 4019 499 4074 rtmisclren
517 4019 633 4076 Stuhles.
672 4021 731 4075 Von
750 4021 794 4078 Fr.
814 4023 946 4076 llaameu.
969 4037 1080 4090 conesp.
1101 4021 1167 4076 Mit-

55 4095 133 4161 gliede
156 4099 204 4154 der
222 4097 371 4154 Aksdcmic
395 4099 443 4154 der
462 4099 702 4155 wissenschaften.
740 4101 990 4170 Sitauogsbericlrte
1014 4102 1062 4158 der
1080 4101 1167 4169 philo·

55 4177 190 4243 sept-hist
203 4179 296 4234 Classe
307 4179 355 4234 der
370 4178 479 4236 kaiserl.
493 4179 642 4235 Akademie
654 4181 703 4236 der
715 4181 956 4249 wissenschaften,
975 4182 994 4237 J
995 4182 1071 4252 shrg.
1087 4184 1167 4239 1872.

55 4253 80 4309 Β.
97 4257 136 4314 12.
153 4259 179 4314 8.
197 4261 259 4314 521.
280 4258 362 4313 Wien
382 4261 460 4317 1872.
