2904 4834
319 494 442 548 Eventus
461 505 523 562 post
541 494 689 550 Concilium
709 511 762 552 oea
781 496 858 550 Vlll.
1098 495 1152 550 433

54 637 271 702 rimericcrditer
294 647 366 702 acta
390 649 473 715 sunt,
497 640 673 724 recipimus.
712 641 807 704 Etsi
821 639 911 724 forte
931 641 1033 704 nostri
1055 638 1153 725 lopati

53 741 76 800 ιἰι
101 735 201 802 eadem
223 733 343 822 sffleodo
372 745 482 798 contro
505 735 714 821 apostolicam
735 739 985 823 praeceptionem
1013 747 1150 824 eperunt,

51 857 94 898 rus
114 857 164 898 nse
184 833 362 918 recipimus,
385 855 441 895 nec
456 832 640 922 judicamus
665 834 801 923 alicujus
824 835 957 900 existere
971 834 1149 918 firmitatis.

122 927 192 995 126.
225 929 387 994 Decrevit
418 929 496 994 dein
524 930 687 1012 Joannes,
722 941 759 994 ut
780 932 931 1024 Marinus
964 933 1147 1018 episcopus,
1165 941 1239 1012 .·.1ea

50 1030 92 1114 qni
112 1051 195 1094 anno
213 1028 278 1092 869
302 1029 387 1091 inter
407 1027 533 1111 legatos
557 1029 673 1110 fuerat,
698 1028 795 1093 modo
813 1050 935 1093 novam
950 1029 1148 1114 legationem
1233 1014 1258 1044 '⁰'

49 1128 150 1206 obiret,
173 1127 311 1190 fortasse
336 1127 406 1210 ipse
428 1128 607 1213 praecipue
623 1127 747 1192 Joanni
770 1127 922 1208 ostendit,
947 1127 1051 1192 multa
1067 1126 1150 1192 Con·

48 1223 240 1310 stantinopoli
265 1221 356 1287 haud
377 1225 615 1289 convenienter
633 1235 708 1289 acta
731 1225 842 1291 fuisse.
882 1225 983 1289 Haud
1000 1224 1149 1308 dubium,

48 1325 69 1386 ei
88 1347 104 1386 a
123 1321 286 1386 Pontifice
310 1324 522 1386 commissum
548 1344 634 1404 esse,
666 1333 704 1386 ut
734 1324 940 1388 examinaret
963 1324 1150 1387 accuratius

47 1443 76 1484 ee
94 1442 173 1506 quae
191 1417 477 1504 Constantinopoli
502 1431 638 1505 peracta
661 1420 801 1502 fuerant,
826 1432 926 1506 atque
949 1421 1151 1484 rescinderet

47 1541 114 1602 quae
131 1516 267 1603 juribus
291 1527 323 1580 et
340 1516 506 1582 mandatis
521 1515 616 1582 Sedis
633 1517 844 1603 Apostolicae
861 1520 1026 1582 contraria
1040 1529 1149 1600 erant3

47 1615 127 1700 idque
150 1615 297 1701 profecto
324 1616 358 1678 in
381 1613 514 1680 laudem
538 1616 679 1681 Joannis
703 1627 768 1698 est,
805 1617 893 1702 quod
917 1615 1016 1680 talem
1041 1617 1150 1680 virum

46 1713 161 1797 elegerit
195 1735 275 1798 prae
311 1714 450 1776 caeteris
481 1713 656 1793 idoneum,
693 1716 750 1799 qui
785 1713 918 1778 fraudes
947 1711 1149 1778 Graecorum

45 1811 177 1876 dilueret.
225 1811 374 1874 Marinus
390 1810 556 1895 profectus
571 1821 620 1874 est
635 1809 964 1897 Constantinopolim,
990 1821 1150 1897 quantum

46 1909 176 1988 videtur,
207 1918 388 1972 auctumno
413 1911 492 1972 anni
517 1909 596 1989 880,
622 1918 655 1972 et
677 1911 831 1995 quamvis
853 1908 953 1995 hujus
976 1909 1150 1994 legationis

44 2006 227 2072 documenta
250 2005 407 2092 specialia
431 2027 498 2070 non
522 2017 662 2088 exstent,
686 2030 762 2072 cum
787 2017 897 2072 tamen
919 2006 1082 2091 intrepide
1098 2028 1150 2069 res

44 2127 107 2168 suas
128 2107 285 2189 gessisse,
319 2103 485 2189 colligitur
518 2127 561 2168 ex
584 2104 721 2190 epistola
753 2127 853 2192 quam
877 2115 990 2192 postea
1013 2102 1150 2190 Stepha-

43 2224 93 2266 nus
115 2203 143 2266 V
174 2225 204 2268 a.
229 2201 294 2267 885
319 2205 450 2287 scripsit
481 2202 524 2266 ad
547 2203 709 2268 Basiliam
733 2203 980 2288 Imperatorem.
1026 2203 1066 2266 In
1099 2224 1149 2266 ea-

42 2299 106 2364 ‹lem
127 2301 265 2386 loquens
290 2301 331 2364 de
354 2300 483 2365 Marino
508 2303 565 2386 qni
589 2301 744 2365 Pontifex
768 2300 912 2382 obierat,
943 2323 984 2364 ac
1006 2301 1149 2386 Impera-

41 2400 93 2460 tori
117 2398 321 2484 exprobrans
346 2398 510 2462 infensum
528 2400 632 2483 ipsius
649 2402 683 2464 in
697 2399 864 2464 Marinum
881 2401 1040 2481 animum,
1065 2401 1151 2462 inter

41 2495 95 2558 alia
117 2495 247 2561 scribit:
274 2497 382 2581 Neque
407 2499 488 2560 enim
511 2498 565 2560 leco
589 2499 721 2562 dicimus
744 2498 789 2562 ad
811 2509 899 2562 taam
921 2496 1149 2574 contemeliam,

42 2604 63 2654 te
93 2597 170 2658 enim
201 2597 236 2658 in
269 2597 412 2660 uniuerso
446 2594 518 2658 orbe
541 2596 610 2660 Deo
642 2596 790 2660 dilectam
817 2595 1059 2682 praedicamus,
1095 2595 1151 2658 sed

41 2701 149 2756 tantam
172 2693 216 2756 ad
238 2704 380 2756 nostram
402 2692 615 2778 defensionem
638 2705 668 2758 et
683 2695 810 2758 Marini
830 2699 978 2782 majorem
999 2693 1151 2780 ploriam;

39 2792 85 2870 pa'
114 2791 222 2854 eadem
253 2792 351 2854 sensit
387 2800 417 2854 et
447 2792 557 2876 sapuit
589 2815 657 2854 cnm
681 2792 926 2877 praedecessore
963 2802 993 2854 et
1024 2789 1150 2854 doctore

40 2899 133 2951 irostro
157 2890 356 2954 sanctissimo
379 2889 473 2973 Papa
490 2887 641 2954 *Nicolaa
688 2891 731 2954 Et
753 2891 807 2975 qai
830 2889 905 2953 dnm
927 2889 1026 2952 coluit
1050 2887 1148 2952 adim·

34 2986 113 3072 plere
135 3012 215 3076 qnae
238 2987 290 3052 illi
313 2997 409 3050 antea
426 2987 495 3050 viso
510 2986 657 3072 ficerunt,
682 2990 716 3052 in
730 2988 903 3052 monimum
924 2987 1048 3050 deuenit
1062 2986 1150 3071 apud

39 3108 83 3150 ros
103 3097 308 3172 contemptum
331 3095 361 3148 et
383 3083 564 3162 ludibrium,
589 3085 716 3150 diuinas
739 3085 795 3150 ille
809 3087 967 3150 illatione.
1015 3085 1059 3148 Et
1081 3107 1149 3148 cum

38 3182 162 3250 riolaerit
191 3184 285 3248 simul
307 3183 380 3248 daci
412 3205 480 3246 cnm
502 3183 544 3247 iis
576 3185 630 3268 qui
653 3185 761 3248 aliena
784 3183 974 3262 sentiebant,
1009 3193 1038 3245 st
1069 3203 1148 3266 qnae

37 3283 222 3365 peccaram
243 3286 408 3370 majestate
432 3291 487 3344 tna
509 3281 657 3366 synodice
684 3290 824 3366 gesserat
847 3280 1017 3344 dissolvere
1041 3290 1070 3342 et
1092 3303 1147 3344 an·

37 3379 152 3445 rrulmre
176 3404 214 3444 ac
243 3381 339 3444 irrita
361 3377 508 3456 reddere,
536 3389 712 3466 propterea
736 3381 870 3466 triginta
892 3377 1003 3442 diebus
1025 3399 1147 3442 carcere

27 3475 93 3560 j‘uit
122 3479 280 3555 mantus,
314 3475 351 3540 id
381 3475 442 3540 eibi
470 3475 591 3560 gloriae
615 3480 726 3562 potius
750 3475 889 3540 triduans
918 3499 1011 3562 qaam
1043 3485 1147 3538 conta-

35 3575 147 3655 meline,
166 3599 228 3662 pro
252 3577 382 3639 cantate
400 3575 485 3660 pati.
493 3571 517 3660 ¹)

119 3673 189 3738 127.
223 3673 297 3737 Non
327 3672 459 3736 videtur
491 3671 625 3756 quidem
649 3671 799 3736 Marinus
832 3670 1078 3735 damnationem
1112 3670 1147 3732 in

35 3769 180 3835 Photium
197 3772 436 3857 pronuntiasse,
454 3770 616 3834 sententia
630 3767 744 3833 relicta
760 3768 883 3834 Joanni
899 3767 1071 3850 Pontifici3
1088 3767 1147 3832 sed

35 3868 120 3931 irrita
142 3869 325 3934 declaravit
349 3889 433 3953 quac
457 3878 571 3931 contra
595 3866 740 3931 valorem
759 3865 899 3931 Consilii
921 3887 990 3929 oec.
1007 3865 1090 3929 VIII
1114 3875 1147 3928 et

33 3976 141 4031 contra
162 3966 320 4032 mandata
343 3966 514 4031 Pontificis
538 3966 626 4030 facta
649 3966 798 4046 fuerant,
824 3963 1085 4049 postulavitque,
1110 3974 1147 4025 ut

33 4085 69 4126 ea
104 4077 343 4130 revocarentur.
394 4063 506 4144 Quum
543 4061 668 4128 OPtani
704 4065 853 4126 animum
889 4063 960 4147 ejus
994 4062 1146 4146 frangere

106 4269 125 4337 ¹)
140 4269 267 4338 Stephani
285 4267 310 4318 V
329 4284 369 4336 ep.
390 4269 420 4336 13
439 4266 530 4321 Labbe
550 4267 595 4321 IX.
615 4267 676 4323 366.

77 4360 199 4412 suamne.
214 4363 389 4404 ariaratiae.
415 4361 472 4402 rom.
490 4361 527 4402 ιιι.
1002 4355 1037 4408 28
