2922 4832
299 483 351 533 nrt
530 480 588 532 XX.
612 482 648 534 ue
667 489 743 534 statu
762 483 831 538 nar.
852 482 937 535 medio
957 495 1026 534 seer.
1048 480 1196 534 undecimo.

300 626 348 687 nti
374 623 530 705 vidimus,
555 646 620 689 non
637 627 744 709 potuit
767 626 907 690 multum
931 626 1101 710 proficere.
1131 623 1310 709 Sequentes
1331 624 1398 687 Pon-

300 723 405 786 tifices
437 723 604 786 efficacius
627 726 791 808 prosecuti
825 734 902 787 sunt
925 723 1048 788 bellum
1075 733 1191 787 contre
1215 722 1339 795 ebusus,
1367 745 1396 784 er

301 823 460 905 tiregorio
485 820 551 883 VII
577 822 649 883 vias
676 844 927 906 praeparavere.
978 819 1122 885 Clemens
1144 822 1184 884 ΙΙ
1212 821 1304 884 initio
1334 820 1396 882 anui

308 921 389 984 1047
409 919 531 982 Rornae
555 919 718 1003 synodum
744 919 936 999 celebravit,
961 921 996 983 in
1013 942 1079 1005 que
1096 919 1254 984 damnato
1268 919 1396 984 simonie.

302 1041 367 1104 quo
400 1039 511 1080 saurae
537 1017 760 1081 ordinationes
795 1020 827 1081 in
862 1017 973 1082 multis
1005 1019 1187 1102 provinciis
1221 1019 1398 1080 contamine·

302 1116 437 1196 bantur,
462 1118 676 1179 constitutum
702 1125 766 1190 est,
802 1128 837 1178 ut
860 1117 1040 1201 quicumque
1074 1139 1094 1178 a
1123 1116 1294 1178 simoniaco
1316 1137 1398 1178 conse

301 1224 409 1276 ciratus
431 1223 519 1289 esset,
542 1215 577 1276 in
601 1215 670 1298 ipso
695 1214 909 1276 ordinationis
934 1236 1009 1277 sane
1034 1224 1168 1298 tempore
1191 1235 1257 1274 oon¹
1273 1215 1401 1296 iquorem

301 1313 515 1376 simoniacum.
532 1311 584 1374 oui
593 1334 624 1372 se
639 1310 788 1374 obtulerit
797 1311 1054 1397 promovendam,
1069 1310 1286 1396 quadraginta
1300 1309 1398 1372 (tieem

298 1410 527 1494 poeniteutiam
551 1420 664 1492 speret,
690 1411 787 1472 etsie
810 1411 841 1470 in
859 1411 979 1494 accepti
1001 1409 1125 1472 ordinis
1140 1407 1246 1494 officio
1263 1408 1399 1470 otinistro·

303 1509 390 1586 ret.¹)
425 1508 513 1570 Dein
539 1507 693 1569 Pontifex
717 1509 836 1591 purtim
863 1517 899 1570 ut
922 1528 1032 1570 eomes
1055 1506 1278 1591 Imperatoris,
1301 1505 1399 1590 partin
1445 1513 1446 1526 ¹

303 1616 376 1690 post
401 1605 472 1690 ejus
496 1605 677 1668 discessum
702 1604 798 1684 solus,
824 1606 918 1668 vario
942 1606 1087 1690 suscepit
1109 1605 1237 1680 itinere,
1264 1617 1300 1666 ut
1319 1605 1400 1665 etiarn

302 1704 401 1768 rebus
426 1701 582 1766 civilibus
597 1702 695 1766 valde
717 1702 857 1767 turbatis
881 1705 915 1766 in
932 1703 1057 1766 ditione
1073 1702 1296 1766 ecclesiastica
1313 1703 1398 1786 provi·
1445 1775 1446 1780 η

303 1803 405 1867 deret.
436 1839 479 1846 —-
513 1801 749 1885 Episcopaturn
780 1793 1060 1884 Bembergensom
1089 1803 1236 1880 retinnit,
1271 1801 1347 1863 forte
1369 1823 1401 1862 ne
1445 1853 1446 1856 ,

303 1902 443 1965 nimium
475 1910 677 1983 premeretur
707 1910 928 1984 proventuum
961 1901 1116 1984 penuria;
1156 1921 1233 1962 narn
1265 1897 1401 1961 ecclesiae

303 2001 471 2062 Romanae
501 1999 701 2082 patrimonia
731 1999 878 2060 maxima
909 2007 1000 2082 parte
1030 1999 1063 2060 in
1099 2019 1217 2061 munus
1251 2017 1399 2080 procerum

302 2105 532 2182 pervenerant.
579 2094 644 2158 Sed
669 2095 763 2158 brevi
787 2106 933 2180 tempore
957 2104 1085 2159 tentum
1110 2095 1164 2159 hic
1188 2095 1339 2158 Pontifex
1356 2093 1401 2156 Es·
1445 2127 1446 2130 κ

303 2194 422 2258 etesiae
446 2193 606 2277 praefuit3
630 2204 840 2278 praemature
857 2195 943 2257 enim
962 2203 1066 2257 morte
1082 2192 1239 2277 abreptus
1263 2193 1315 2256 die
1330 2193 1347 2255 9
1361 2213 1401 2252 or·
1445 2215 1446 2272 j

303 2291 405 2354 tobris
429 2292 507 2354 enni
534 2291 618 2355 1047
644 2290 735 2370 obiit,
764 2293 811 2354 uti
838 2291 979 2368 videtur,
1010 2291 1141 2354 Pisauri
1166 2292 1200 2354 in
1225 2289 1402 2354 monasterio

304 2389 338 2454 S.
369 2388 527 2452 Thomas.
583 2387 685 2474 Cujus
710 2391 827 2452 mortni
865 2411 982 2474 eorpus
1006 2387 1226 2473 Bambergarn
1264 2387 1403 2473 perlatum
1445 2381 1446 2414 ³

304 2501 361 2561 est,
387 2489 498 2571 ibique
523 2487 732 2552 tumulatum.
1003 2541 1006 2544 .
1445 2489 1446 2576 t

394 2704 447 2766 ost.
500 2703 583 2764 iisne
609 2705 822 2765 Romanorum
847 2701 940 2786 plebs
971 2703 1004 2764 in
1035 2723 1129 2764 tinum
1157 2699 1300 2771 collecta,
1328 2699 1404 2760 siunt

306 2800 452 2864 Annales
476 2801 627 2876 Rotnani,
659 2799 703 2861 aa
731 2823 832 2884 repent
856 2801 1028 2862 Hearicum
1063 2799 1181 2884 tepatoo
1214 2823 1282 2862 crim
1309 2795 1406 2860 litteris

306 2901 463 2978 nuisement,
491 2909 661 2984 preeuntes
691 2907 720 2960 et
742 2897 947 2971 obsecrantes,
981 2909 1016 2960 ut
1039 2900 1121 2960 seriei
1143 2897 1301 2960 destinam
1331 2905 1356 2956 et
1381 2903 1404 2950 rt

294 2999 364 3081 sto?
390 3008 527 3082 patrem,
562 3007 597 3059 at
627 2998 672 3059 eis
703 2997 853 3082 diriperet
878 2997 1039 3081 predicunt,
1075 2995 1251 3078 heumanni,
1282 3002 1403 3056 ornotrnn

305 3096 394 3158 taso
424 3094 561 3157 'moribus
594 3104 720 3157 sunctae
752 3095 914 3158 Romanae
945 3093 1091 3157 ecclesiae
1122 3105 1151 3155 et
1183 3095 1326 3158 uniuerso
1351 3087 1405 3150 orti

299 3197 506 3279 postor·enr.²)
555 3192 816 3277 supponendum
841 3191 983 3270 videtur,
1015 3193 1078 3255 hoe
1100 3192 1278 3277 praecipue
1301 3189 1404 3252 iactum

304 3291 346 3354 ab
371 3315 410 3354 ea
434 3305 526 3376 perte
551 3291 789 3368 Romanorum,
815 3312 898 3375 quae
922 3290 1116 3374 Imperatori
1142 3291 1249 3372 inagis
1272 3285 1406 3351 furebat:

304 3391 374 3452 sine
399 3387 500 3452 <lisbio
526 3389 613 3452 enim
639 3387 731 3451 elteri
759 3389 842 3472 parti
867 3387 1089 3452 Romanorum
1119 3387 1219 3472 hujus
1243 3383 1405 3450 dominatio

305 3487 394 3551 haud
421 3487 581 3571 placebat.
630 3487 758 3550 Interea
783 3485 983 3550 Benedictus
1007 3485 1068 3562 IX,
1093 3488 1149 3572 qui
1174 3483 1308 3548 Tusculi
1331 3475 1403 3565 opud

304 3585 464 3649 familiam
490 3607 583 3648 sumn
610 3585 760 3670 degebut.
787 3585 1016 3669 pontificatum
1036 3585 1152 3646 iterum
1169 3585 1300 3663 invasit,
1323 3594 1405 3662 ntqnc

303 3708 323 3746 o
347 3697 439 3768 parte
464 3683 685 3746 Romanorum
720 3693 880 3768 receptus,
922 3705 997 3745 eum
1038 3703 1096 3766 per
1137 3683 1269 3744 circiter
1304 3695 1403 3742 notent

377 4037 396 4106 ¹)
416 4037 545 4090 'l‘estutnr
555 4036 581 4090 ro
595 4056 614 4089 s.
630 4037 726 4090 Penus
741 4036 886 4090 Derninnus
905 4052 993 4102 oense.
1007 4035 1053 4088 Vi.
1071 4037 1259 4089 (trasimenus
1278 4051 1296 4087 e
1312 4028 1396 4086 xxxi

303 4119 616 4184 tmssfifflpdffi

379 4241 399 4308 ¹)
421 4243 468 4308 Ap.
490 4241 642 4294 Wntterich
663 4243 683 4294 1.
703 4256 727 4307 p.
749 4243 790 4292 tt.
