2904 4834
301 448 355 504 406
615 448 704 503 XVII.
742 447 782 502 De
799 448 945 504 schismate
964 447 1105 504 Photisuo.

302 592 464 656 mandatis
488 592 681 678 accepimns,
710 615 747 656 aa
765 616 826 678 per
847 593 903 656 hoa
926 591 1103 680 disceptare
1128 615 1191 658 raon
1207 594 1307 682 jassi,
1330 593 1403 677 onul-

303 712 396 775 qaam
418 712 482 754 non
498 710 687 775 possamus;
708 711 814 754 versem
836 714 892 754 nec
907 690 969 754 loci
982 701 1157 756 seruatores
1178 691 1316 756 Θνίεηίίε
1329 691 1403 779 judi·

303 810 371 850 cam
393 809 425 850 se
444 809 602 873 personas
626 795 840 873 assumpturos
863 789 898 851 in
922 791 1159 867 controuersiis,
1191 791 1226 854 in
1249 789 1353 874 qaihm
1373 787 1404 850 ab

303 895 434 970 atraque
463 907 527 948 nors
551 894 623 948 sant
641 896 737 970 porte
757 885 885 974 judices
907 884 1066 973 appellati
1088 886 1138 952 uel
1160 887 1266 966 electi,
1299 887 1405 976 conjici·
1438 921 1439 938 κ

303 1007 389 1062 mas,
418 984 608 1069 praesertim
640 1005 733 1069 mam
755 983 928 1070 Apostolus
948 983 1131 1070 perhibeat:
1163 983 1340 1061 Mediator,
1368 985 1406 1046 in·
1438 1007 1439 1080 p

303 1083 427 1168 quiens,
459 1081 554 1144 anius
577 1103 641 1144 non
664 1092 725 1160 est,
755 1093 785 1146 et
806 1085 893 1146 sacri
915 1104 1049 1148 canones
1073 1103 1136 1146 non
1158 1101 1408 1167 quorumcumque,
1438 1117 1439 1136 r

304 1178 358 1242 aad
388 1175 552 1242 electorum
575 1178 721 1267 judicum
744 1181 929 1246 septemium
957 1182 1084 1244 minime
1114 1179 1324 1265 spernendam
1350 1177 1407 1241 edo·

304 1285 404 1352 ceant,
429 1285 459 1338 ct
481 1275 611 1360 quidam
628 1277 844 1363 probabilium
862 1289 993 1364 patrum
1014 1279 1118 1342 dicct:
1141 1277 1256 1342 Justas
1273 1277 1409 1340 mediator
1438 1303 1439 1384 p

303 1396 367 1438 non
384 1383 439 1451 est,
454 1375 509 1458 qai
522 1374 566 1438 sic
582 1397 678 1438 naam
688 1385 815 1460 partam
830 1375 932 1454 audit,
947 1387 983 1439 at
998 1375 1095 1439 alteri
1107 1373 1189 1439 nihil
1201 1385 1342 1438 reservet.
1350 1371 1408 1458 ¹)-

304 1472 356 1536 Ita
379 1472 481 1555 igitur
512 1470 612 1557 legati
638 1482 751 1536 contra
775 1475 1013 1559 competentiam
1048 1472 1136 1537 illius
1158 1472 1332 1537 tribunalis
1353 1491 1409 1555 pro·

306 1569 531 1648 neutericum,
565 1579 598 1634 et
620 1568 705 1634 bene
728 1568 959 1648 adverterunt,
993 1572 1135 1636 vicarios
1164 1569 1409 1656 patriarcharum

306 1666 395 1732 nullo
428 1666 526 1730 modo
567 1675 604 1730 ut
636 1668 773 1733 arbitros
805 1690 863 1734 sen
896 1667 1015 1734 electos
1047 1668 1180 1754 judices
1213 1690 1284 1732 sese
1315 1685 1409 1752 gerare

306 1787 410 1851 posse,
435 1787 538 1850 quum
562 1763 604 1828 ad
629 1763 691 1829 hoc
714 1788 776 1830 nec
800 1765 942 1850 delegati
966 1788 1027 1830 nee
1050 1767 1213 1852 acceptati
1238 1774 1353 1829 essent.

156 1925 281 1976 amarum
396 1915 450 1980 97.
484 1913 550 1978 Sed
582 1915 798 1980 nihilominus
830 1924 996 2002 protracta
1029 1925 1078 1980 est
1107 1916 1267 1981 discussio
1301 1915 1339 1979 de
1362 1915 1409 1976 hor

152 1986 281 2028 'mli‘
307 2014 456 2098 negotio,
492 2021 591 2098 atque
624 2023 703 2076 tunc
735 2016 969 2098 protestatione
997 2016 1180 2100 praemissa
1209 2013 1308 2098 legati
1333 2011 1411 2076 Sedis

307 2113 475 2175 Romanae
491 2111 715 2195 quaestionem
727 2111 908 2196 juridicam
922 2112 1052 2195 egregie
1066 2111 1290 2176 vindicarunt.
1314 2111 1410 2174 Osten-

308 2209 445 2286 dernnt,
487 2209 693 2293 provinciam
727 2207 895 2292 Illyricam
929 2229 1058 2294 semper
1088 2207 1189 2272 fuisse
1222 2207 1410 2292 provinciam

308 2307 565 2371 ecclesiasticam
595 2306 839 2392 patriarchatus
863 2306 1021 2390 Romani,
1053 2313 1151 2390 atque
1180 2307 1281 2369 etiam
1305 2313 1411 2368 mutam

308 2405 432 2469 ditione
458 2403 591 2488 politica
612 2402 867 2489 patriarchalem
887 2403 1155 2488 jurisdictionem
1179 2401 1220 2466 de
1239 2400 1411 2487 jurastis

307 2504 393 2568 lacto
429 2501 507 2566 Sedi
530 2502 700 2566 Romanae
733 2503 948 2577 remansisse,
982 2521 1120 2586 eamque
1153 2498 1214 2564 sub
1247 2521 1308 2563 sua
1333 2499 1412 2584 juris·

309 2601 453 2665 dictione
483 2597 695 2685 patriarchali
726 2609 796 2662 tum
820 2598 939 2662 latinos
963 2607 1033 2662 tum
1061 2619 1199 2682 graecos
1223 2597 1412 2682 presbyteros

308 2699 474 2763 habuisse.
521 2697 610 2761 Hinc
641 2699 740 2762 etiam
772 2719 861 2761 nunc
885 2695 1075 2780 Bulgariam
1108 2694 1344 2780 patriarchatui
1365 2693 1411 2756 Bo·

309 2817 406 2862 mano
439 2794 685 2860 attribuendam
709 2793 826 2876 fuisse,
860 2795 908 2858 uti
933 2793 1051 2878 stipsi
1074 2793 1210 2878 Bulgari
1241 2815 1279 2858 eo
1304 2815 1336 2856 se
1358 2813 1412 2852 rer-

307 2904 425 2958 terant.
459 2931 501 2939 -
534 2893 663 2978 Urgent
685 2891 784 2974 legati
809 2893 953 2956 maxima
978 2889 1058 2955 illud
1082 2893 1302 2976 principium,
1332 2891 1412 2976 juris·

309 2993 488 3057 dicti0nem
524 2990 780 3055 ecclesiasticam
815 3012 881 3054 non
918 2993 1010 3075 sequi
1046 2989 1290 3075 jurisdictionis
1323 2985 1413 3051 civilis

309 3092 517 3154 mutationes.
564 3089 666 3154 Aliud
689 3089 857 3170 ordinent,
883 3089 1057 3174 inquiunt,
1074 3092 1155 3178 jura
1178 3087 1316 3164 sedium,
1339 3081 1413 3148 aliisi

303 3190 477 3274 patiuntur
509 3187 680 3251 divisiones
703 3209 877 3271 repereram.
927 3185 997 3250 Nos
1029 3184 1067 3248 de
1091 3185 1246 3248 dirrisione
1268 3203 1411 3270 capreorum

308 3308 373 3351 non
405 3286 543 3372 ammas,
582 3286 637 3349 sed
672 3285 709 3347 de
739 3289 814 3373 jare
847 3283 968 3348 sedium
1000 3283 1195 3368 loquimnr'.²)
1234 3321 1277 3329 —
1313 3275 1412 3362 Quoad

309 3383 393 3448 haec
426 3383 526 3446 stiam
559 3383 708 3468 apprime
733 3381 928 3444 Anastasius
951 3379 1228 3444 BiblIotheearius
1260 3401 1356 3464 agens
1382 3375 1412 3437 dr

311 3481 365 3546 illo
390 3481 540 3564 negotio:
569 3478 670 3553 Quum
693 3479 762 3544 alia
791 3479 845 3556 sit,
880 3478 1005 3563 lnquit,
1038 3479 1073 3540 in
1096 3477 1267 3541 mundanis
1289 3473 1411 3560 nepotis.

310 3580 380 3643 clia
410 3581 444 3642 in
468 3575 686 3642 ecclesiasticis
717 3577 885 3663 dispositio
910 3577 1015 3665 juris,
1123 3576 1182 3637 etsi
1209 3575 1315 3659 praeci
1338 3573 1411 3658 priu-

310 3679 394 3764 cipes
427 3676 565 3762 cepioni,
601 3685 752 3761 quantum
784 3673 827 3738 od
856 3671 1080 3759 rempublicam
1113 3673 1242 3753 clamet,
1278 3665 1413 3736 dominati

310 3786 393 3854 sant,
416 3797 480 3839 non
504 3785 608 3838 tamen
625 3771 851 3861 praejudicare
868 3780 1006 3857 possunt
1031 3769 1094 3834 Dei
1116 3769 1274 3834 Ecclesiae
1290 3765 1390 3858 jur-12⁸)

386 4051 405 4111 ι)
424 4049 546 4104 Praetst.
566 4051 595 4104 in
615 4049 715 4104 Concil.
735 4047 830 4114 VIII.;
849 4045 941 4100 Imbbe
958 4045 1036 4101 VIII.
1055 4045 1117 4102 972.

385 4136 406 4205 ²)
426 4137 459 4190 In
484 4138 547 4191 Vita
566 4138 718 4199 Hadriani,
739 4153 761 4191 c.
779 4135 841 4191 LII.

386 4224 407 4290 ῃ)
428 4226 521 4280 hnsst.
541 4225 632 4280 Praei,
651 4225 680 4280 iu
700 4223 798 4280 Concil.
818 4221 910 4290 VIH.;
930 4219 1020 4277 stbs
1039 4221 1117 4276 VIII.
1136 4219 1197 4274 att.
