3002 4836
290 491 325 543 32
639 491 678 544 De
697 489 800 544 haeresi
820 489 1053 544 iconoclastarum.

286 634 506 697 Passenianum
530 643 559 696 et
583 634 722 696 Montem
744 631 895 710 Betttam,
912 635 1039 696 Bnoeeta
1064 644 1092 696 et
1115 635 1285 714 Persiceta,
1310 637 1415 700 Bono-

290 733 377 794 niam
401 743 432 794 et
452 730 655 816 Pentapolim
669 731 902 816 Armininmqne
927 733 1052 794 invasit.
1079 733 1158 794 Pari
1180 755 1297 817 proque
1321 735 1414 797 modo

292 841 364 892 tnnc
398 839 428 892 et
451 827 592 892 Sostrinm
610 830 773 914 pervasit,
807 829 862 892 sed
879 840 955 914 post
979 827 1099 914 oiiqnot
1123 829 1191 894 dies
1213 833 1326 895 iterem
1350 833 1415 896 Ro-

292 928 392 990 manis
415 927 574 990 redditam
597 935 650 990 est.
1371 949 1377 958 ·

140 1044 264 1086 emnam
379 1023 432 1087 35.
457 1023 564 1088 Simili
600 1025 727 1087 ratione
751 1025 850 1087 etiam
879 1024 968 1109 npnd
994 1025 1208 1088 Anastasium
1232 1025 1416 1090 Bibliothe-

150 1105 253 1146 ffibfflh'
290 1123 415 1184 sarium
450 1123 483 1184 in
509 1121 586 1184 Vita
611 1121 762 1204 Gregorii
787 1119 838 1200 Π,
864 1141 948 1206 quae
985 1123 1141 1186 anteriori
1165 1132 1311 1209 tempore
1337 1147 1417 1190 eon-

290 1221 412 1303 scripta
436 1229 597 1300 censetur,
634 1220 749 1282 iterato
774 1221 939 1300 asseritur,
974 1221 1082 1308 ipsum
1106 1221 1300 1286 Pontificem
1332 1221 1416 1288 deti-

290 1319 398 1380 nuisse
413 1315 522 1396 Italos,
539 1337 580 1379 ne
594 1316 637 1380 eb
648 1317 849 1401 Imperatore
862 1316 1049 1383 deficerent.
1073 1317 1166 1381 Inter
1177 1317 1241 1383 elia
1254 1320 1337 1384 haec
1361 1343 1416 1384 oc·

289 1423 438 1478 currunt:
464 1415 662 1478 Postmodum
677 1415 797 1478 Pontos
814 1416 975 1501 patricius
999 1427 1029 1478 et
1052 1419 1188 1481 enorcho
1205 1419 1416 1504 Imperatoris

281 1515 426 1602 jussione
457 1513 595 1575 eamdem
628 1512 806 1596 Pontificem
841 1513 1014 1577 conabatur
1041 1513 1226 1598 interficere,
1260 1538 1294 1579 eo
1328 1519 1418 1604 qaod

289 1633 412 1674 ‹rensrsm
434 1611 469 1673 in
486 1612 657 1696 provincia
675 1633 794 1697 ponere
811 1611 1059 1697 praepediebat,
1088 1622 1118 1674 et
1141 1615 1207 1678 snis
1230 1613 1342 1701 opibus
1367 1641 1416 1679 ec·

289 1708 402 1772 ele-sies
425 1707 596 1787 denudare,
620 1711 701 1772 sicet
724 1711 758 1772 in
781 1711 912 1772 caeteris
928 1709 1056 1794 fecerat
1078 1709 1169 1789 iocis,
1195 1724 1287 1798 atone
1311 1713 1417 1779 alium

291 1809 324 1869 in
347 1811 414 1895 ejus
437 1805 503 1868 ioco
528 1806 677 1869 ordinare
701 1805 869 1870 nitebatur.
905 1856 912 1870 .
939 1856 946 1870 .
971 1805 1175 1872 Jnssionibns
1199 1811 1304 1896 itaque
1323 1825 1415 1900 post-

291 1905 413 1967 modnm
444 1905 549 1968 missis
581 1905 760 1967 decreverat
793 1903 978 1990 Imperator,
1011 1915 1047 1968 nt
1069 1903 1160 1970 mdle
1183 1909 1284 1993 imapo
1309 1914 1416 1997 cnjus-

290 2002 365 2065 tibet
387 2002 491 2064 sancti
513 2012 568 2064 ont
585 2004 736 2088 martyris
755 2012 810 2065 ant
825 2002 930 2086 anpeli
946 2001 1125 2087 rebicnmqne
1148 2003 1321 2085 tabenna,
1347 2033 1413 2073 ma-

290 2099 407 2164 ledicta
430 2101 511 2162 enim
535 2102 641 2163 omnia
664 2099 837 2181 asserebat,
862 2111 891 2162 et
914 2102 943 2164 si
965 2101 1172 2186 acquiesceret
1194 2105 1228 2166 in
1251 2105 1305 2168 hoc
1328 2107 1415 2171 Pon-

291 2197 384 2282 tiseao,
408 2197 545 2283 pretione
560 2198 765 2282 Imperatoris
777 2198 911 2277 haberet,
930 2201 958 2262 si
976 2207 1005 2260 et
1028 2199 1082 2261 noc
1101 2199 1174 2283 fieri
1190 2203 1414 2290 praepediret,

290 2319 311 2358 a
334 2317 390 2357 sno
413 2294 516 2380 prode
548 2296 712 2361 decideret.
761 2297 945 2382 Respiciens
978 2317 1048 2382 erpo
1067 2299 1144 2384 pins
1166 2299 1215 2361 oir
1234 2299 1415 2386 profana-m

285 2395 447 2479 principis
474 2395 666 2479 jussione-m,
692 2397 764 2484 jam
796 2406 905 2458 contro
937 2395 1160 2480 Imperatorem
1183 2399 1275 2481 perosi
1297 2407 1414 2462 contro

289 2491 404 2553 hostem
437 2514 468 2553 se
501 2493 650 2570 amnaoit,
674 2515 808 2555 ronnens
844 2493 996 2556 haeresim
1028 2499 1104 2583 ejns,
1130 2491 1275 2572 scriberes,
1300 2494 1418 2580 ebione

290 2610 398 2651 cavere
426 2611 457 2650 se
484 2587 681 2653 Christianos
713 2611 747 2652 eo
781 2589 864 2675 qnod
901 2602 972 2654 orta
994 2589 1116 2676 fuisset
1147 2593 1294 2678 impietas
1324 2583 1416 2656 talis.

293 2688 392 2772 lpitnr
408 2689 549 2773 permoti
579 2707 683 2751 omnes
707 2687 951 2772 Pentapoienses
966 2700 1073 2774 'atone
1102 2686 1302 2753 Venetiarnm
1325 2711 1418 2754 cocer-

291 2787 372 2848 cites
396 2786 723 2870 contralmperotoris
739 2787 914 2876 jussionem
942 2789 1138 2866 restiterant,
1163 2787 1309 2866 dicentes,
1334 2811 1419 2852 nnis-

292 2905 384 2970 qnam
408 2907 439 2946 se
470 2884 505 2946 in
538 2883 675 2972 ejusdem
705 2884 868 2967 Pontificis
897 2884 1139 2947 condescendere
1163 2909 1251 2964 nece,
1277 2885 1332 2949 sed
1349 2909 1418 2971 pro

292 2986 358 3070 ejas
382 2982 481 3066 manis
504 2981 686 3068 defensione
709 2981 846 3046 viriiiter
869 2983 1038 3047 decertare.
1087 2983 1139 3047 Ita
1162 2993 1196 3047 nt
1220 2981 1421 3048 anathemati

294 3079 426 3142 Panium
457 3080 622 3142 edancium
644 3078 693 3142 oei
717 3081 771 3164 qni
803 3103 870 3143 enm
894 3079 1082 3144 direneront
1104 3084 1227 3170 ejusque
1251 3093 1419 3146 consenta-

292 3199 367 3241 neos
390 3175 590 3256 submittent,
601 3189 782 3264 spernentes
797 3179 1027 3242 ordinationem
1044 3183 1119 3267 ejas,
1136 3179 1198 3242 sibi
1220 3201 1323 3243 omnes
1348 3179 1419 3242 nbi-

292 3299 348 3360 qne
372 3278 408 3338 in
430 3275 531 3338 Italia
553 3276 657 3338 Duces
681 3276 853 3359 cleperent,
887 3286 979 3362 atque
1003 3278 1047 3340 sic
1070 3277 1109 3339 de
1132 3276 1293 3360 Pontificis
1317 3275 1421 3362 deone

291 3395 350 3437 sno
373 3375 568 3436 immunitate
592 3376 694 3437 sancti
723 3373 897 3438 stridebant.
949 3373 1082 3461 Copnito
1114 3397 1185 3439 oero
1210 3376 1421 3460 desperatoris

292 3473 443 3556 nequitie,
468 3471 678 3535 omnisItalia
702 3472 867 3535 consilinm
889 3473 977 3550 iniit,
1001 3481 1036 3536 nt
1059 3473 1120 3536 sibi
1143 3469 1291 3559 eliperent
1314 3471 1419 3557 Impe-

294 3581 430 3632 ratorem
454 3579 483 3632 et
511 3567 818 3656 Constantinopolim
851 3571 1007 3634 decerent.
1057 3569 1120 3634 Sed
1143 3569 1328 3656 compescuit
1352 3571 1420 3633 tate

294 3665 457 3732 consilinm
468 3668 630 3754 Pontifex,
655 3690 788 3753 sperans
816 3670 1045 3731 conversionem
1068 3667 1237 3754 liincipis.
1269 3715 1276 3730 .
1306 3715 1313 3730 .
1343 3667 1422 3730 Una

294 3789 325 3829 se
358 3766 451 3850 qnasi
473 3764 601 3849 fratres
623 3766 707 3849 fidei
736 3776 848 3828 cateno
878 3768 1133 3830 constrinmermnt
1161 3765 1299 3828 Romani
1322 3775 1420 3850 atque

295 3862 505 3947 Lonpobordi,
530 3863 745 3927 desiderantes
769 3865 872 3927 cuncti
899 3873 1025 3927 mortem
1043 3885 1106 3950 pro
1130 3863 1311 3948 defensione
1334 3861 1421 3925 Pon-

296 3963 387 4046 tificis
417 3964 570 4024 nostinere
601 3959 790 4044 pieriosam,
825 3985 983 4046 rrnnqnom
1011 3959 1100 4025 iiiam
1118 3961 1253 4047 passeri
1269 3959 1421 4046 perferre

295 4059 469 4123 molestiam
496 4083 558 4145 pro
585 4059 650 4142 fide
679 4083 755 4122 vera
786 4069 814 4123 et
841 4057 1091 4124 Christianorum
1114 4069 1281 4122 certantem
1302 4057 1419 4123 sainte.

296 4160 359 4222 His
382 4160 430 4221 ita
453 4181 484 4220 se
508 4157 692 4222 habentibus
710 4156 802 4242 clepit
827 4161 926 4245 majus
936 4157 1137 4242 praesidinm
1156 4167 1252 4242 pater
1274 4155 1329 4218 iile
1355 4157 1419 4219 dis·

297 4257 431 4320 tribuere
450 4255 648 4342 paoperibus
673 4255 854 4340 iarpissima
871 4279 966 4317 mnsnn
989 4277 1067 4340 qnne
1091 4253 1277 4339 reperiebat,
1302 4255 1419 4317 incnm-
