3054 4834
302 473 355 524 368
731 469 907 524 Continentia
926 469 1022 522 luctae,

304 637 363 677 rex
394 613 437 678 sd
469 615 725 677 conventionem
757 623 892 698 paratus
924 612 1103 689 videretur,
1140 612 1305 698 quidquid
1334 617 1367 678 in
1390 637 1425 677 es

303 712 454 776 odiosum
467 703 537 775 erat
552 711 596 774 ad
611 711 805 775 Pontificem
823 709 1065 790 devolveretur,
1090 733 1129 774 aa
1149 722 1326 796 postremo.
1343 713 1427 798 quod

304 808 546 895 praevidebant
585 809 751 880 futurum.
790 809 832 874 ab
866 811 947 894 ipsis
978 810 1143 894 episcopie
1174 823 1206 873 ct
1237 811 1429 895 proceribus

304 909 395 992 regni
421 915 555 992 pactum
580 905 661 971 illud
685 908 887 991 rejiceretur.
934 906 1132 992 Sperabam,
1157 929 1191 971 se
1215 906 1279 972 hac
1304 911 1429 973 ratione

304 1005 500 1070 Pontificem
531 1027 569 1068 eo
602 1003 805 1069 adducturos
836 1027 921 1082 esse,
958 1017 995 1068 nt
1032 1005 1132 1068 rebus
1172 1005 1263 1070 baud
1298 1009 1432 1070 mutetis

305 1102 521 1168 nihilominus
545 1103 729 1166 Henrieum
755 1105 789 1166 in
813 1102 1049 1186 Imperatorem
1076 1115 1258 1168 coronaret.

398 1300 448 1362 17.
496 1299 612 1383 ltaque
636 1319 739 1383 quum
763 1298 862 1380 legati
888 1300 975 1388 regis
999 1297 1240 1364 observassent.
1266 1300 1437 1384 praesules

307 1395 469 1480 ejusmodi
494 1395 728 1480 dispositiones
761 1416 825 1459 non
851 1407 1045 1480 accepturos
1075 1419 1155 1466 esse,
1189 1397 1437 1482 responderunt

307 1492 477 1558 Paschalis
508 1492 619 1576 legati,
648 1493 845 1558 Pontificem
875 1494 917 1558 ad
947 1494 1009 1557 hoc
1041 1517 1096 1557 eos
1133 1495 1333 1560 adacturum
1368 1519 1440 1559 esse

307 1592 472 1656 mandetis
495 1594 578 1674 suis,
613 1593 685 1676 ipsa
717 1591 770 1655 die
804 1593 1026 1656 coronationis
1051 1591 1198 1658 Henrici.
1247 1593 1441 1658 Consentio

309 1692 410 1772 igitur
433 1691 521 1754 faeta
545 1701 594 1753 est
618 1691 652 1752 in
678 1712 743 1774 qua
768 1689 808 1754 de
833 1691 1038 1754 investituris
1062 1692 1110 1752 sie
1134 1689 1339 1755 hebebatur:
1368 1695 1442 1756 Iter

308 1790 423 1874 scripto
465 1787 620 1874 refutabit
656 1811 776 1851 emnem
811 1790 1030 1852 investitiones
1065 1791 1201 1851 emisione
1232 1787 1439 1853 ecclesiaram

307 1889 342 1950 in
372 1909 468 1950 mann
501 1885 609 1950 domni
632 1886 742 1971 Papae
773 1887 807 1948 in
837 1895 1002 1970 corrspeatn
1027 1884 1145 1972 papati
1171 1897 1201 1948 et
1224 1887 1303 1949 cleri
1324 1889 1363 1950 in
1388 1889 1441 1950 die

308 1985 524 2048 coronationis
550 2006 636 2047 snae.
685 1984 727 2046 Et
758 1994 928 2069 postquam
960 1983 1093 2047 domans
1121 1985 1213 2069 Papa
1242 1983 1367 2068 fecer-it
1402 1985 1440 2047 dc

307 2082 466 2169 nepotibus
497 2083 577 2146 sient
606 2084 640 2145 in
670 2079 740 2145 alia
770 2081 880 2145 oborta
909 2082 1059 2166 scriptam
1084 2091 1139 2158 est,
1163 2095 1364 2146 sanameate
1385 2085 1439 2166 fir·

309 2181 417 2255 vacabit,
448 2181 531 2267 qrrod
562 2203 723 2264 nonquam
754 2203 787 2242 se
811 2180 848 2242 de
872 2181 1069 2244 investituris
1091 2179 1224 2242 alterins
1247 2181 1441 2244 intromittet

310 2289 340 2342 et
363 2279 497 2342 dimittet
519 2275 667 2341 ecclesias
690 2275 808 2341 liberas
823 2301 891 2340 cana
914 2275 1128 2340 oblationibus
1143 2287 1172 2338 rt
1184 2279 1441 2361 pescationibus

309 2399 390 2460 qnae
415 2377 457 2440 ad
480 2398 608 2462 reprom
631 2375 798 2460 manifrite
821 2397 885 2438 aen
903 2377 1135 2460 pertineat—
1150 2375 1189 2438 In
1205 2373 1438 2440 alternantem

311 2473 427 2538 charta
450 2476 572 2558 scripta
596 2482 666 2537 erat
689 2472 861 2542 l’aeehalio
884 2473 996 2557 Papae
1020 2474 1211 2558 promissio:
1238 2471 1275 2536 Si
1296 2495 1358 2536 ret
1382 2475 1442 2537 ad-

311 2572 489 2658 impleverit
519 2571 632 2634 domae
656 2572 766 2656 Papae
799 2571 878 2634 sicat
900 2571 936 2634 io
960 2571 1028 2634 alia
1053 2571 1268 2636 conventionis
1290 2571 1442 2635 cliartnla

311 2671 462 2756 scriptam
486 2679 540 2750 est,
566 2669 698 2732 domnas
722 2669 815 2754 Papa
833 2669 1014 2753 praecipiet
1037 2669 1195 2754 episcopis
1212 2669 1444 2754 praesentibus

314 2769 348 2830 in
371 2768 423 2830 die
446 2768 661 2830 coronationis
683 2787 770 2844 snae,
798 2777 832 2830 nt
856 2765 1020 2828 disnittant
1042 2763 1167 2848 repotia
1189 2769 1256 2850 rapi
1278 2777 1308 2830 et
1329 2789 1443 2851 repnte

311 2889 392 2949 qnae
416 2865 460 2928 ad
482 2887 610 2950 reynnrn
627 2864 834 2950 pertinebant
857 2873 992 2948 tempore
1020 2861 1140 2938 Caroli,
1172 2863 1312 2940 Ledoici,
1337 2865 1444 2928 Hein-

313 2964 384 3041 riei,
409 2973 437 3024 et
457 2963 593 3026 aliern-nt
611 2962 891 3048 praedecessorem
914 2966 992 3050 ejas,
1016 2971 1047 3024 et
1069 2963 1186 3048 scripto
1207 2961 1348 3042 firmabit
1375 2989 1443 3026 reia

315 3061 512 3125 anathemate
542 3061 731 3124 anctoritate
762 3083 820 3123 sna
853 3070 882 3122 et
904 3061 1049 3148 justitia,
1084 3083 1122 3123 ne
1152 3062 1223 3144 qais
1255 3081 1361 3123 eornm
1398 3061 1446 3124 cei

309 3157 598 3244 praesentiumve!
621 3158 805 3234 absentiam,
828 3156 876 3220 rel
900 3179 1089 3223 soccessores
1104 3179 1210 3220 eornm
1224 3159 1446 3222 intromittant

315 3277 348 3319 se
380 3256 427 3320 oei
456 3255 613 3320 invadant
641 3256 751 3319 cadens
781 3255 915 3340 repotia,
953 3255 989 3318 iol
1021 3266 1067 3318 cst
1099 3256 1254 3332 civitates,
1293 3256 1444 3322 diceano.

317 3355 483 3430 marchias,
507 3354 680 3434 comitatus,
704 3363 854 3430 metretas,
880 3351 1042 3427 telonearii,
1059 3363 1238 3429 mercatam,
1254 3352 1446 3418 advocatias
1518 3419 1519 3430 ,

315 3453 415 3538 repni,
432 3458 511 3542 jara
535 3453 749 3515 centurionum
773 3463 801 3514 et
825 3462 936 3526 cartes,
960 3473 1039 3535 qnae
1055 3449 1223 3536 manifeste
1236 3453 1328 3537 repni
1338 3465 1445 3526 erana

312 3575 385 3616 cnm
413 3551 613 3636 pertinentiis
640 3550 716 3626 suis,
751 3549 901 3614 militiam
929 3560 958 3612 et
989 3561 1096 3613 aesna
1128 3550 1225 3634 repni.
1276 3549 1345 3612 Nec
1376 3553 1445 3636 ipsc

315 3671 417 3736 repara
448 3659 477 3712 et
503 3670 631 3734 repnarn
653 3669 748 3734 saper
769 3647 818 3709 his
839 3646 974 3710 alterins
995 3645 1194 3731 iapsietabit,
1221 3657 1251 3709 et
1270 3645 1445 3732 privileqio

317 3747 374 3812 snb
406 3747 602 3810 arratlscmate
632 3744 838 3828 eerrflrrnabit
871 3769 909 3808 ne
929 3755 1045 3830 postea
1076 3747 1127 3808 sni
1149 3745 1326 3829 inquieta-re
1344 3767 1445 3830 prae·

315 3844 493 3922 saarant¹).
539 3842 627 3906 Dein
657 3842 792 3906 Henriei
824 3841 921 3924 legati
957 3851 989 3905 et
1017 3842 1188 3906 Pontificio
1221 3841 1314 3904 missi
1343 3843 1445 3906 simul

318 3942 456 4028 profecti
488 3951 564 4004 sunt
588 3940 736 4006 Sutrium
770 3961 835 4024 quo
860 3939 1027 4002 Henrious
1054 3940 1125 4024 jam
1161 3950 1369 4025 pervenerat,
1411 3955 1445 4003 nt

314 4127 315 4130 ¹
320 4129 521 4138 5——

397 4259 415 4322 ι)
434 4257 485 4325 Ap.
505 4255 665 4320 witterici,
685 4255 721 4310 11.
740 4257 783 4321 50,
802 4257 845 4310 51.
