2932 4836
340 506 381 560 De
399 504 585 560 Decretslibus
604 503 888 560 Pseudo-Isidoriauis.
1125 500 1179 554 309

82 649 179 712 eadem
201 649 330 731 censui,
364 648 430 711 imo
455 657 487 711 et
510 668 645 728 censeo,
681 669 742 711 nec
765 644 866 710 ullam
889 665 984 730 posse
1007 643 1180 729 episcopos

82 747 122 808 sui
144 745 266 809 honoris
290 746 452 808 sustinere
471 746 655 829 jacturam,
690 766 771 830 qnos
795 765 862 807 non
886 749 1014 806 constat
1035 741 1137 805 fuisse
1160 763 1180 804 a

81 843 233 907 duodecim
258 845 440 928 episcopis,
465 853 637 928 praesente
661 845 869 928 primamque
893 839 1090 904 senteutiam
1115 860 1179 901 me-

79 941 252 1026 tropolitano
285 943 440 1027 episcopo
465 940 651 1021 obtinente,
686 962 761 1004 cum
795 940 1065 1004 examinarentur
1087 935 1177 1000 audi-

78 1051 147 1102 tos..
164 1088 193 1104 ..
225 1037 259 1104 Si
284 1040 335 1102 vis
359 1038 424 1102 Dei
449 1040 684 1123 omnipotentis
708 1037 974 1102 benedictionem
998 1036 1177 1120 percipere,

78 1135 120 1200 rel
140 1137 164 1199 si
187 1137 347 1200 veraciter
370 1146 481 1199 nostra
506 1137 663 1222 consequi
686 1147 864 1222 praecepta
888 1133 1072 1209 desideras,
1104 1153 1178 1196 con·

75 1233 168 1297 silium
191 1255 301 1298 meum
327 1235 458 1318 accipe,
493 1245 525 1297 et
548 1233 636 1319 quod
660 1233 720 1297 tibi
755 1255 813 1319 per
837 1231 923 1296 hanc
951 1231 1107 1316 paginam
1132 1230 1178 1292 in-

75 1331 137 1394 dico
157 1330 296 1396 libenter
327 1332 470 1396 attende.
519 1332 700 1395 Hortamur
730 1333 819 1396 enim
843 1329 981 1414 gloriam
1005 1338 1113 1408 tuam,
1147 1335 1179 1390 et

76 1451 138 1492 rum
169 1432 351 1516 aequivoco
387 1441 443 1493 tuo
479 1430 721 1514 sapientissimo
757 1428 932 1494 Salomone
968 1425 1178 1490 dilectionem

73 1541 148 1590 tuam
170 1527 397 1608 admonemus,
423 1526 569 1590 dicente:
593 1527 691 1604 Audi,
706 1526 763 1611 flu·
776 1528 830 1603 mi,
855 1523 1059 1610 disciplinam
1069 1523 1178 1608 patris

73 1627 126 1702 lui,
153 1637 180 1689 et
210 1648 249 1688 ue
273 1625 415 1688 dimittas
440 1623 535 1711 lepem
559 1625 670 1687 matous
695 1635 776 1686 tuae.
825 1623 916 1688 Haec
947 1624 1070 1709 quippe
1102 1629 1179 1684 sunt

74 1735 232 1808 praecepta
258 1722 321 1786 Dei
346 1723 448 1807 patris
471 1723 535 1803 tui,
561 1732 594 1785 et
616 1721 697 1784 llaec
723 1731 771 1784 est
794 1718 848 1784 lex
871 1719 1041 1785 Ecclesiae
1064 1721 1178 1782 matris

71 1835 143 1885 tuse.
187 1819 354 1883 Videlicet
385 1833 420 1882 ut
451 1840 565 1883 omues
597 1821 769 1903 episcopos
798 1820 892 1903 regni
924 1821 972 1882 tui
1005 1817 1047 1882 ad
1075 1817 1177 1882 Turo-

70 1939 188 1981 nensem
222 1917 510 2002 archiepiscopum
545 1918 672 1980 mittere
706 1937 771 1980 non
797 1917 973 1996 detrectes,
1008 1917 1176 2002 ipsiusque

66 2015 216 2096 judicium
242 2014 408 2099 postulare
439 2036 505 2078 nou
529 2013 728 2098 dedigneris.
776 2014 851 2099 lpse
876 2015 964 2078 euim
988 2023 1037 2077 est
1061 2023 1175 2076 metro-

68 2111 235 2196 politanus,
271 2133 449 2198 omnesque
484 2113 629 2199 episcopi
662 2114 756 2196 regni
789 2109 836 2175 tui
871 2112 942 2197 ejus
976 2112 1174 2196 suffraganei

67 2223 141 2285 suut,
160 2213 247 2275 sicut
264 2213 523 2295 conscriptiones
536 2211 824 2296 praedecessorum
840 2231 987 2274 meorum
1004 2209 1176 2274 evidenter

66 2309 248 2390 ostendunt,
283 2309 339 2394 qui
373 2308 640 2392 praedecessores
675 2319 763 2389 tuos,
800 2309 878 2393 quia
901 2306 972 2372 illos
1005 2307 1047 2371 ab
1072 2308 1175 2392 ipsius

66 2429 134 2469 cura
163 2407 413 2486 subtraxerant,
446 2406 522 2470 forti
546 2407 735 2472 invectione
767 2409 930 2492 corripere
961 2405 1174 2470 studuerunt:

66 2507 206 2586 quamvis
241 2527 303 2569 uec
336 2515 448 2568 nostra
481 2506 604 2590 scripta
636 2527 735 2590 super
767 2505 829 2570 hac
862 2529 896 2569 re
930 2506 1030 2568 missa
1062 2503 1174 2566 deesse

65 2599 238 2666 videantur.
287 2601 437 2686 Cumque
470 2624 580 2666 coram
611 2605 818 2688 praesignato
843 2603 1045 2668 Turonensis
1073 2600 1173 2664 eccle·

64 2697 122 2760 siae
144 2697 295 2783 praesule
329 2709 361 2761 et
394 2701 516 2783 integro
545 2723 681 2764 numero
715 2701 930 2785 collegarum,
965 2701 999 2765 id
1023 2709 1072 2764 est
1095 2699 1173 2762 duo-

63 2791 160 2858 decim
184 2797 415 2882 episcoporum
440 2796 604 2862 celebrato
630 2809 809 2871 conventu,
841 2799 965 2862 fuerint
988 2798 1083 2883 ejecti
1108 2797 1172 2881 epi-

62 2895 141 2978 scopi
165 2893 362 2978 regulariter
385 2898 584 2977 examiuati,
609 2899 875 2982 apparueritque,
900 2897 989 2984 quod
1013 2896 1172 2960 canonice

62 2989 173 3055 fuerint
196 2992 311 3077 ejecti,
336 2993 417 3077 ipsis
442 2994 475 3056 in
500 3015 559 3057 suu
583 2994 744 3079 ejectione
769 2994 996 3076 manentibus,
1025 2995 1172 3079 quicum-

60 3109 114 3171 que
143 3093 177 3152 in
202 3087 284 3153 locis
307 3112 420 3154 eorum
452 3094 633 3156 consecrati
658 3102 750 3176 sunt,
785 3103 939 3177 poterunt
969 3094 1083 3178 utique
1106 3093 1171 3176 epi·

60 3197 204 3270 scopatus
237 3186 360 3251 honore
394 3189 501 3274 potiri.
560 3188 685 3269 Quodsi
720 3191 815 3275 ejecti
849 3191 994 3276 episcopi
1028 3192 1172 3254 insontes

59 3281 171 3348 fuerint
195 3283 364 3354 declarati.
390 3285 441 3350 bis
464 3289 582 3352 amotis
607 3289 661 3372 qui
688 3287 751 3352 illis
776 3287 942 3372 subrogati
961 3299 1046 3368 sunt,
1071 3287 1171 3352 eccle-

59 3381 115 3444 sias
137 3405 215 3445 suas
239 3384 301 3467 ipsi
326 3385 499 3469 recipiant.
537 3385 622 3448 Nam
646 3407 721 3449 cum
746 3396 968 3451 antecessores
992 3387 1056 3450 mei
1080 3408 1171 3471 prae·

58 3477 134 3544 sules
158 3481 356 3566 ejectionem
381 3503 493 3546 eorum
518 3483 756 3568 episcoporum,
785 3485 842 3569 qui
866 3483 909 3548 ab
933 3484 1080 3549 eeclesiis
1103 3485 1171 3546 suis

57 3577 177 3661 expulsi
203 3587 290 3656 sunt,
315 3599 380 3642 non
402 3578 606 3660 admiserint,
631 3603 692 3644 nec
707 3582 974 3666 approbaverint,
998 3605 1060 3646 nec
1083 3584 1170 3666 ipsos

56 3675 105 3756 qui
127 3676 175 3738 eis
201 3674 369 3760 subrogati
394 3686 470 3740 sunt
494 3678 686 3744 viventibus
710 3678 784 3760 illis,
812 3679 975 3761 legitimos
999 3682 1170 3766 episcopos

56 3769 214 3836 dixerunt.
261 3771 348 3837 Sane
378 3775 404 3836 si
438 3774 520 3839 forte
553 3776 595 3839 ad
628 3776 852 3841 Turoncusem
884 3778 1168 3864 arehiepiscopum

56 3869 175 3932 mittere
201 3868 408 3954 dedignaris,
444 3873 539 3936 stude
564 3874 646 3938 duos
669 3877 841 3960 episcopos
871 3876 912 3940 de
935 3877 1100 3963 expulsis.
1138 3887 1170 3940 et

55 3963 128 4030 duos
151 3967 195 4032 de
219 3967 415 4053 subrogatis,
441 3993 507 4034 usna
532 3993 607 4036 cum
631 3971 755 4055 gloriae
779 3982 855 4037 tuae
879 3972 1002 4058 legato,
1027 3975 1069 4038 ad
1093 3997 1167 4060 apo·

54 4063 193 4129 stolicam
226 4064 338 4130 sedem
370 4067 465 4132 Beati
495 4068 584 4132 Petri
616 4073 851 4154 transmittere,
887 4072 943 4136 ubi
982 4073 1084 4158 digna
1114 4095 1167 4138 ex-

53 4163 248 4227 aminatione
285 4166 483 4248 praemissa,
521 4168 577 4252 qui
613 4167 753 4252 legitimi
788 4170 933 4253 episcopi
972 4171 1037 4234 siut
1068 4193 1166 4256 appa·

53 4273 132 4341 rest,
168 4273 201 4324 et
230 4283 307 4326 suas
334 4262 490 4327 ecclesias
519 4263 743 4350 irregulariter
775 4287 841 4330 nou
865 4269 1027 4332 amittant.
1074 4268 1167 4333 Nihil
