2962 4840
1099 533 1153 588 109

66 674 178 740 nultum
200 675 363 741 deberent
411 675 521 762 Atque
553 686 776 764 opportunum
808 677 869 741 erit
892 676 955 740 hoc
978 677 1049 743 loco
1073 699 1152 763 pau·
1253 731 1256 740 ,

64 773 100 836 cis
124 793 209 858 agere
237 773 278 838 de
305 776 369 838 isto
400 776 434 838 in
466 795 567 859 regno
591 775 795 840 Francorum
828 783 960 857 eventu,
994 776 1154 861 quicum

63 873 263 936 constitutione
286 873 493 958 principatus
516 872 624 937 civilis
646 874 871 937 Romanorum
885 871 1085 938 Pontificum
1104 874 1153 937 in-

63 969 197 1034 tiniorem
220 969 336 1036 habuit
360 971 611 1036 connexionem.

118 1273 179 1336 Da
203 1273 466 1376 elevatione
493 1170 663 1355 periitne
695 1276 750 1341 tra
777 1275 1077 1340 Francorum

506 1399 678 1464 repom.

128 1485 175 1549 32.
197 1485 366 1550 Mediante
400 1485 530 1550 saeculo
564 1495 681 1550 octavo
719 1483 773 1550 ille
797 1484 919 1550 accidit
942 1485 1062 1549 summi
1087 1503 1154 1547 mo-

61 1583 139 1645 nenti
169 1584 200 1648 in
232 1605 335 1667 regno
367 1583 572 1648 Francorum
606 1593 754 1666 eventus,
780 1591 816 1647 nt
838 1582 993 1648 abdicata
1016 1582 1155 1668 antiqua

60 1677 300 1767 ilemvingorum
325 1683 426 1768 stirpe
449 1681 485 1746 iri
514 1682 606 1768 regni
640 1680 758 1746 solium
791 1680 976 1745 elevaretur
1007 1681 1153 1767 Pipiaaq

59 1780 101 1860 qui
122 1801 255 1866 eousque
279 1778 516 1865 Majordomua,
541 1801 599 1844 seu
623 1779 693 1844 dux
716 1788 749 1843 et
771 1780 925 1867 princeps
947 1779 1153 1842 Francorum

59 1877 165 1940 nomine
187 1879 275 1963 regis
300 1877 480 1943 Childerioi
500 1875 551 1941 111
574 1877 690 1942 iuerat.
737 1877 878 1942 Romani
893 1875 1071 1941 Pontifices
1094 1896 1156 1938 sua

58 1975 224 2039 auctoritate
248 1985 350 2063 atque
375 1977 617 2040 interventione
632 1973 745 2061 Pipini
769 1997 907 2060 regnum
930 1974 1069 2037 firmiter
1092 1979 1154 2035 sta·

58 2067 196 2153 hdiemnt,
221 2085 322 2160 atque
347 2072 424 2138 inde
455 2075 539 2157 grati
563 2075 666 2136 animi
703 2071 851 2137 debitum
874 2072 993 2158 Pipino
1018 2071 1156 2157 ejusque

59 2171 276 2236 accessoribus
309 2172 546 2258 imposuerunt,
580 2172 626 2234 ita
650 2181 686 2234 ut
703 2169 780 2255 jure
809 2169 993 2234 subsidium
1018 2169 1051 2232 in
1075 2176 1154 2231 tem·

59 2287 150 2350 porum
172 2269 311 2334 istorum
337 2269 497 2354 angustiis
528 2266 570 2332 ab
595 2269 635 2334 iis
659 2279 770 2354 petere
793 2277 934 2354 possent.
981 2262 1155 2352 Ejusmodi

58 2384 116 2428 vero
137 2367 259 2432 auxilia
285 2367 319 2431 hi
343 2389 459 2453 reapse
473 2369 723 2452 praestiterunt,
740 2387 899 2453 suamque
923 2387 1055 2452 operam
1081 2384 1157 2428 con·

57 2459 186 2545 talemnt,
211 2475 247 2530 ut
262 2465 463 2529 Pontificum
487 2465 694 2551 principatus
718 2463 826 2528 civilis
850 2463 1043 2528 firmaretur.
1071 2461 1155 2526 Pau·

57 2561 90 2620 ris
117 2584 151 2625 ea
179 2586 265 2650 quae
299 2565 361 2629 ista
385 2565 420 2628 in
452 2585 487 2626 re
520 2561 699 2627 Zacharias
734 2571 766 2626 et
796 2560 983 2647 Stephanus
1006 2560 1159 2626 fecerunt

58 2663 299 2746 perstringemus,
325 2660 488 2747 simulque
512 2683 568 2725 eas
599 2669 773 2746 tangemus
797 2660 1045 2741 controversias,
1070 2679 1157 2744 quae

57 2757 142 2840 quoad
165 2781 300 2846 operam
324 2759 517 2823 aRcmanis
537 2757 755 2823 Pontificibus
779 2759 813 2822 in
837 2756 1020 2822 elevatione
1042 2755 1155 2841 Pipini

56 2859 219 2935 praestitam
244 2869 379 2922 exortae
402 2866 489 2920 sunt.

56 3027 78 3072 et
92 3023 239 3080 &meam
259 3027 399 3095 appellant
426 3057 460 3066 -
472 3025 568 3080 Tertia
576 3023 701 3090 hucne,
720 3037 789 3091 qnae
799 3022 946 3090 Pontificio
963 3037 1011 3078 sen
1029 3022 1157 3076 maa

57 3098 142 3170 detur,
165 3123 183 3161 a
208 3097 266 3162 iat
294 3106 420 3162 Jmnarii
450 3105 599 3175 consurgit
636 3104 737 3160 lisdem
755 3107 872 3158 utuntur
890 3103 1034 3160 Pontifices
1052 3102 1082 3158 in
1099 3101 1159 3158 suis

57 3179 237 3250 Diplonatibns.
257 3187 411 3255 antiquitus
428 3192 520 3242 mnan
540 3201 626 3254 usque
645 3185 680 3239 ad
692 3184 853 3254 Gregorium
866 3183 906 3238 VI
924 3183 1080 3252 frequenter
1097 3188 1158 3238 nte·

57 3259 135 3318 baur
150 3267 302 3322 indictione
320 3267 434 3322 OPtana
465 3281 535 3333 quae
559 3264 614 3322 kal.
634 3265 707 3334 Sept.
734 3264 838 3334 incipit.
857 3295 891 3306 —
910 3264 939 3319 si
955 3280 1005 3333 per
1021 3263 1103 3318 istam
1123 3265 1159 3317 15

58 3357 163 3401 annomm
180 3347 320 3416 periodum
338 3345 571 3416 retrogrediamnr
589 3346 622 3401 ad
635 3344 752 3414 primum
768 3359 847 3400 aerae
865 3343 1030 3400 christianae
1047 3358 1159 3408 annum,

58 3427 162 3492 uomit
177 3429 226 3483 dle
244 3443 304 3481 can
323 3433 422 3498 quarto
446 3442 520 3480 auno
545 3425 711 3480 Indictsoaie
733 3423 903 3490 Pontissrioe.
928 3423 1005 3480 Unde
1023 3423 1092 3478 hane
1109 3422 1157 3476 ha·

57 3499 129 3560 nnus
152 3508 286 3564 mem
302 3506 463 3562 Indictionis
490 3503 683 3560 inveniendae:
702 3503 822 3573 cujusvis
840 3519 971 3559 annorum
989 3504 1089 3560 Obristi
1107 3519 1159 3558 nu·

58 3597 112 3638 aero
127 3588 262 3644 adduntur
278 3589 304 3654 5,
332 3587 524 3654 divideretque
553 3601 657 3640 summa
676 3599 725 3653 per
745 3586 790 3654 ¹⁵3
821 3585 845 3639 si
862 3589 972 3653 praeter
989 3585 1157 3653 quatientem

58 3661 109 3718 ann
124 3675 162 3722 est
179 3669 284 3736 reliqui,
312 3684 399 3723 annua
426 3666 588 3722 Indictionis
606 3671 650 3720 est
668 3666 720 3732 153
739 3665 763 3719 si
787 3665 906 3733 reliquus
924 3665 962 3720 sit
980 3679 1113 3730 numerus,
1133 3663 1158 3718 is

60 3755 137 3800 mnan
161 3747 320 3804 Indictionis
338 3747 476 3802 indicabit.
507 3775 540 3786 -
568 3744 611 3800 Sic
637 3745 760 3813 superins
788 3744 923 3814 agebatur
949 3745 982 3801 de
1001 3760 1071 3799 anno
1090 3744 1156 3813 toa

60 3821 170 3880 auda
192 3828 210 3883 3
236 3827 346 3882 habebis
371 3829 435 3892 755,
464 3841 568 3882 summa
592 3823 705 3879 collecta
729 3823 869 3879 dividatur
885 3840 933 3894 per
952 3826 994 3891 15,
1011 3823 1161 3892 prodibunt.

59 3901 115 3958 aies
130 3909 293 3973 quatientem
309 3909 346 3964 50
364 3907 451 3962 sdhm
468 3909 493 3973 t,
512 3919 581 3974 qaae
593 3905 705 3975 proinde
716 3903 864 3973 designant
881 3905 960 3960 ilium
978 3917 1080 3960 annum
1097 3917 1158 3966 esso

60 3992 144 4040 tutan
170 3989 236 4056 syrti
259 3987 421 4044 Indictionis
448 3987 594 4042 Romanae
633 3985 685 4040 Sed
712 3984 874 4040 Anastasius
897 3985 987 4040 utitur
1004 3982 1158 4040 Indictione

61 4059 157 4134 tram
174 4085 206 4123 ao
222 4085 294 4124 nors
312 4069 429 4124 Indictio
447 4068 564 4138 septima
581 4065 721 4134 inceperat
738 4065 793 4122 kal.
811 4065 885 4133 Sept
904 4063 970 4119 anni
988 4065 1048 4118 753.
1085 4063 1161 4118 Hinc

62 4154 123 4204 turn
146 4147 271 4216 loquatur
288 4149 321 4204 de
346 4164 437 4204 mense
454 4145 619 4210 Novembre,
638 4149 712 4200 recte
730 4143 804 4211 dicit,
823 4143 988 4212 Stephanum
1006 4142 1159 4198 Indictione

63 4224 155 4290 sertim
179 4229 329 4298 profectum
354 4244 411 4284 esse
434 4229 464 4283 in
483 4225 610 4282 Galliam.
630 4255 663 4266 -
683 4224 739 4280 Otr.
757 4224 850 4292 Nilles,
868 4225 910 4279 De
928 4223 1058 4294 Computa
1076 4224 1159 4280 eccle·

64 4301 132 4370 mm
150 4307 187 4362 De
204 4309 361 4365 Indictione.
