2952 4832
310 487 349 538 De
370 485 618 540 l'raedecessoribus
637 489 661 538 5.
677 486 802 554 tiregcrii
826 487 887 540 Vll.
1105 489 1158 540 223
1250 491 1253 496 '

58 653 138 716 quam
159 653 220 715 par
243 641 337 710 esset,
363 627 495 692 videtur
518 639 633 694 auctor
647 628 887 714 reprehendere
911 643 1062 694 sanctum
1076 631 1158 694 Leo·

59 750 119 790 uem
138 727 187 792 IX
210 739 344 813 propter
366 725 488 790 bellurn
513 737 627 791 contra
650 727 913 792 Nortbmaunos:
938 751 1044 814 neque
1068 731 1158 794 enim

57 824 187 890 illicitum
211 836 260 890 est
282 846 411 890 summo
435 825 590 889 Pontifici
620 827 720 888 arnus
745 825 923 890 defendere
947 813 1099 890 civitates
1124 829 1157 890 in

57 945 123 1006 quas
151 925 337 988 dominium
366 922 546 1007 temporale
577 921 691 1000 babet,
728 922 769 986 de
798 945 862 1007 qua
895 946 928 986 re
956 925 1034 988 vide
1060 923 1158 990 Card.

56 1021 218 1086 baronium
240 1022 284 1086 ad
299 1045 328 1088 a.
345 1022 389 1086 D.
406 1021 563 1100 1053.“¹)
583 1057 625 1066 —
644 1021 779 1084 Baronii
803 1033 914 1086 tamen
938 1024 1099 1086 sententia
1123 1024 1158 1086 in

56 1149 75 1180 s.
90 1119 211 1184 Petrum
236 1121 440 1184 Damianuru
464 1120 609 1182 severior
632 1141 702 1182 esse
726 1119 868 1182 ridetur.
900 1118 1046 1183 Conatur
1070 1119 1158 1184 vide-

55 1215 117 1280 licet
141 1219 336 1304 Cajetauus,
372 1218 430 1302 qui
458 1239 558 1301 opera
584 1217 741 1280 Damiaui
766 1216 887 1296 edidit,
921 1217 1093 1282 ostendere
1125 1220 1157 1282 iu

58 1314 265 1380 lldseroatione
288 1315 331 1380 ad
356 1314 446 1378 illam
470 1314 653 1399 epistolam,
678 1338 704 1378 s.
720 1315 857 1380 Petrum
881 1325 1010 1378 tantum
1035 1315 1158 1378 factum

57 1412 168 1494 leonis,
192 1416 250 1500 qni
274 1413 479 1498 expeditioni
504 1423 617 1476 contra
641 1412 850 1476 Normannos
873 1435 1029 1497 praesens
1052 1413 1160 1478 adsuit

55 1511 255 1595 improbasse,
292 1510 381 1576 haud
418 1531 496 1574 vero
528 1509 719 1573 dissensisse
749 1533 770 1574 a
801 1510 950 1574 doctriua
981 1511 1160 1574 communi.

54 1607 94 1670 lta
114 1623 143 1673 et
167 1609 353 1676 Cardiualis
376 1608 582 1674 Lambertini
608 1607 822 1684 (Benedictus
838 1608 949 1690 xiva:
975 1609 1158 1672 ilisteruaru'!

52 1707 135 1786 ariter
156 1709 209 1790 (B.
234 1709 352 1774 Petrus
376 1705 549 1790 Damiaui)
573 1717 743 1791 competere
767 1706 891 1790 quidem
913 1709 1056 1770 Itomaao
1081 1708 1160 1770 Pon-

52 1807 117 1884 b't'ci
137 1809 231 1870 eriam
255 1802 450 1870 materialem
472 1802 624 1886 eludium,
657 1805 712 1866 sed
735 1827 803 1868 curn
828 1804 875 1868 vel
893 1805 1031 1889 propria
1056 1828 1160 1879 trauan,

54 1901 91 1962 rel
111 1901 246 1966 alionum
269 1925 301 1968 ee
320 1913 498 1988 praesente,
532 1912 562 1966 et
586 1913 736 1986 tauquam
767 1900 842 1964 delli
871 1902 947 1964 disce
978 1903 1159 1980 inundante,

51 2026 103 2064 aria
125 2025 190 2066 esse
204 2001 356 2066 adeam
372 2001 472 2062 bostcs
489 1997 763 2084 exercendem)
780 2037 823 2048 —
840 1999 906 2063 Sed
922 2001 1037 2063 merito
1053 2003 1161 2084 potius

51 2101 236 2166 vertendum
249 2122 319 2164 esse
331 2119 503 2162 censemus
518 2121 542 2162 s.
551 2098 656 2161 Leoni
667 2097 728 2177 IX,
750 2099 844 2184 cujus
857 2098 1074 2162 mansuetudo
1091 2121 1160 2163 cae-

49 2201 189 2285 teroquin
214 2221 235 2262 a
258 2198 391 2262 coaevis
415 2194 609 2276 celebratur,
639 2195 739 2282 quod,
764 2198 823 2260 etsi
848 2195 976 2259 viribus
1000 2197 1160 2276 infirmus,

48 2310 149 2361 tamen
182 2295 342 2360 militibus
366 2296 422 2380 qui
446 2293 632 2357 Ecclesiam
665 2293 801 2378 ejrrsque
829 2295 903 2378 jura
928 2292 1161 2374 defendebant,

49 2395 227 2478 praesentia
250 2416 309 2456 sua
332 2393 481 2458 animum
505 2390 628 2456 addere
652 2390 834 2476 voluerit.³)

128 2559 159 2620 8.
208 2555 380 2620 Haeresiru
405 2577 535 2642 quoque
559 2554 761 2638 Bereugarii,
792 2555 847 2639 qui
873 2551 1160 2617 transsubstantia-
1179 2576 1326 2624 aarum

47 2653 161 2718 tionem
189 2665 220 2717 et
243 2651 363 2716 realem
380 2653 598 2738 praesentiam
615 2652 760 2736 eorporis
784 2663 816 2713 et
839 2651 1010 2734 sanguinis
1023 2651 1161 2714 Domini

47 2747 75 2811 iu
99 2750 311 2814 Eucharistia
335 2748 487 2834 negabat,
513 2749 580 2812 Leo
601 2748 652 2812 IX
676 2770 763 2812 auno
790 2747 875 2812 1050
900 2750 933 2812 in
958 2747 1106 2810 Romana
1131 2759 1164 2811 et

47 2845 245 2917 l'crcellensi
271 2832 406 2932 syuddis
439 2847 621 2910 damnavit,
670 2848 909 2910 Auctoritatem
942 2867 1020 2908 vero
1045 2853 1076 2907 et
1099 2849 1163 2930 pri-

46 2959 165 3012 matum
197 2947 365 3011 Romanae
394 2943 562 3008 Ecclesiae
595 2955 708 3008 contra
739 2943 943 3007 Graecorum
973 2943 1161 3027 superbiam

49 3119 69 3124 —-
86 3119 249 3128 ..4--a

112 3213 131 3279 ¹)
152 3211 193 3265 De
212 3211 335 3280 scriptor.
354 3211 445 3266 eccles.
466 3211 535 3264 ada
564 3209 635 3266 1060
681 3209 841 3264 Observatio
860 3209 983 3263 secunda.

110 3291 195 3360 ¹)De
213 3293 287 3346 Serv.
307 3291 356 3346 Dei
375 3290 496 3345 Beatific.
517 3297 568 3345 etc.
605 3289 627 3344 L
656 3289 738 3345 HLc
766 3291 801 3340 36
830 3307 856 3343 n.
877 3289 919 3344 16.

110 3371 133 3440 ¹)
153 3371 254 3426 Scribit
272 3371 329 3438 ipse
347 3371 380 3426 de
399 3371 447 3424 illa
465 3369 636 3436 expeditione
655 3371 734 3437 epist.
755 3371 783 3423 72
800 3371 834 3423 ad
847 3369 1057 3424 Constantinum
1072 3373 1162 3426 Mono-

42 3451 161 3506 macbnm
181 3453 388 3520 Imperatorem:
407 3452 614 3519 Expeditionem
633 3450 761 3504 adversm
781 3451 948 3503 Normanuos
965 3451 1162 3516 suscipiendam

43 3532 157 3596 ,ceusni,
178 3549 231 3585 nou
250 3539 282 3586 nt
292 3532 449 3600 cujusquam
462 3531 675 3584 Normanuorum
688 3546 735 3583 seu
746 3530 860 3584 aliorum
874 3528 1011 3583 homiuum
1019 3530 1162 3585 interitum

41 3619 171 3676 optarem,
191 3618 238 3664 aut
257 3619 369 3666 mortem
389 3619 544 3674 tractarem,
569 3610 614 3662 sed
633 3617 665 3662 ut
683 3610 780 3663 saltem
800 3609 915 3662 humano
935 3619 1037 3663 terrore
1056 3611 1163 3678 resipis-

41 3699 139 3756 cerent,
160 3691 206 3758 qui
226 3693 319 3746 divina
334 3691 438 3760 judicia
456 3691 565 3745 minimo
584 3689 731 3744 formidant
770 3691 880 3743 Interea
898 3688 974 3741 nobis
993 3705 1083 3742 eorum
1103 3705 1162 3757 per-

40 3773 170 3826 tinaciam
189 3771 304 3826 salutari
322 3771 504 3826 admonitione
521 3769 650 3838 frangere
669 3770 853 3833 tentantibus,
879 3775 907 3822 et
926 3769 979 3822 illis
998 3783 1031 3822 ex
1049 3769 1162 3822 adverso

40 3867 143 3906 omnem
170 3852 363 3919 subjectionem
387 3851 449 3906 ficte
480 3849 681 3918 pollicentibus,
713 3850 854 3917 repentino
877 3849 980 3914 impetu
1005 3847 1162 3902 comitatmn

38 3941 161 3986 nostrum
183 3933 395 4000 aggrediuntur3
415 3933 460 3986 sed
474 3931 560 3984 adbuc
569 3931 602 3984 de
616 3931 729 3983 victoria
742 3946 791 3982 sua
804 3929 894 3996 potius
908 3929 1062 3992 tristantur,
1081 3943 1161 3994 quam

38 4011 205 4067 laetentur!
242 4011 332 4066 Labbe
351 4011 415 4066 0011.
437 4013 514 4066 Cone.
533 4011 581 4064 IX.
601 4013 660 4064 902.
698 4009 760 4064 Jam
785 4007 913 4070 diximus,
938 4025 958 4061 s
979 4009 1089 4060 Petrum
1109 4007 1160 4060 Da-

38 4093 160 4148 mianum
188 4093 325 4162 rigidioris
349 4091 505 4146 sanctitatis
529 4091 670 4154 cultorem,
698 4090 838 4156 virumque
862 4088 940 4142 valde
966 4088 1111 4141 sollicitum
1129 4087 1162 4142 de

38 4175 184 4243 disciplina
197 4190 299 4228 monam
311 4173 452 4236 severiore,
473 4172 560 4226 miuus
573 4170 752 4240 perspicacem
766 4169 864 4236 passim
884 4167 1001 4234 inueniri
1013 4168 1041 4221 iu
1054 4167 1162 4221 tuendis

38 4254 182 4323 principiis
201 4269 269 4319 quae
286 4254 348 4322 jura
366 4253 501 4306 Ecclesiae
520 4259 653 4319 spectant.
