2952 4832
284 473 325 527 De
343 471 594 526 Praedeeessorihus
612 471 638 524 S.
657 471 783 539 Gregorii
801 471 864 526 Vll.
1102 472 1153 525 237

59 639 142 698 reguo
163 618 365 698 restituisset,
390 615 526 678 ilenriei
548 613 595 678 IV
618 637 716 698 aegre
734 615 843 679 ferens
866 617 1012 700 ineptam
1032 613 1154 696 agendi

59 717 195 778 ustionem
228 723 327 799 atque
358 712 542 794 libidinem,
573 714 669 798 petiit
692 715 733 794 (a.
761 712 858 792 1073)
888 722 925 776 ut
948 735 990 776 ex
1014 714 1154 795 negotiis

58 811 90 874 ab
118 813 288 875 senectutis
321 833 503 894 gravamen
533 833 566 874 sa
590 812 736 895 recipere
760 821 879 895 posset.
928 808 1154 891 „Coloniensis

57 908 313 994 archiepiscopus,
339 908 454 972 scribit
476 908 675 972 Lambertus
698 909 741 972 ad
765 909 912 985 a.10t3,
937 909 1081 972 offensus
1103 907 1155 972 his

57 1029 125 1090 quae
147 1007 287 1091 plurima
312 1017 441 1092 praeter
455 1029 598 1091 aequum
623 1015 655 1069 et
675 1006 799 1072 bonum
825 1005 948 1068 fiebant
972 1008 1005 1069 in
1021 1005 1153 1090 palatio,

57 1106 134 1186 petiit
155 1127 173 1168 a
195 1127 288 1188 rege,
325 1107 530 1170 vacationem
556 1103 713 1188 deinceps
738 1105 809 1169 dari
834 1103 896 1167 sibi
921 1127 940 1167 a
964 1126 1073 1167 rerum
1097 1126 1155 1190 pu-

56 1199 198 1266 blicarum
221 1203 518 1281 administratione,
544 1213 698 1266 causatus
722 1204 756 1266 in
781 1204 908 1266 senium
928 1202 998 1286 jam
1021 1223 1155 1281 vergen-

55 1311 107 1362 tem
129 1311 281 1380 aetatem,
315 1311 348 1364 et
371 1300 543 1364 laboriosis
566 1301 658 1384 regni
683 1302 823 1380 negotiis
847 1300 956 1362 minus
980 1301 1155 1383 minusque

54 1398 80 1460 iu
110 1399 174 1463 dies
207 1399 436 1463 sufficientem.
486 1397 583 1478 Quod
618 1421 676 1462 rex
706 1397 796 1462 haud
826 1398 1004 1462 difficulter
1028 1399 1154 1476 enutrit,

53 1591 118 1656 duur
141 1595 423 1660 animadverterat
450 1617 525 1659 eum
556 1597 703 1674 graviter
731 1593 865 1673 offendi,
897 1605 928 1656 et
952 1593 1154 1678 plerumque,

53 1703 195 1773 qrrautum
221 1693 314 1758 salva
338 1696 429 1772 regia
453 1693 615 1772 dignitate
639 1702 776 1779 peterat,
808 1713 865 1776 pro
897 1690 983 1754 ririli
1008 1691 1156 1775 portione

52 1789 152 1856 obniti.
191 1791 224 1854 ls
249 1813 325 1872 ergo
351 1792 406 1854 ubi
433 1815 466 1854 se
491 1793 525 1854 in
549 1813 608 1856 sua
633 1792 766 1875 recepit,
802 1813 861 1854 rex
885 1799 1043 1874 tanquam
1067 1811 1086 1852 a
1111 1811 1155 1850 se·

53 1889 206 1978 verissimo
239 1889 430 1974 paedagogo
469 1889 646 1968 liberatus,
684 1889 793 1950 statim
829 1891 861 1950 in
893 1889 1004 1950 omnia
1036 1908 1156 1966 genera

52 1983 501 2073 flagitiorum,ruptisen1uis
526 1987 762 2072 temperantiae
787 1996 818 2048 et
843 1984 1021 2048 modestiae
1046 1984 1156 2064 frenis,

48 2087 253 2170 vpraecipitem
278 2107 312 2148 se
336 2084 437 2161 dedit,
464 2083 603 2148 montes
616 2107 729 2147 onmes
746 2083 979 2168 colliculosque
992 2083 1157 2147 Sarxoniae

50 2194 75 2240 et
95 2181 300 2264 Thuringiae
324 2183 466 2246 castellis
491 2184 721 2246 munitissimis
746 2182 918 2261 exstruxit,
945 2179 1157 2265 praesidium·

52 2299 104 2360 qne
127 2281 293 2366 imposuit.
342 2281 472 2360 Quibus
496 2303 598 2366 quum
625 2280 726 2343 victui
753 2280 936 2342 necessaria
964 2279 1072 2340 minus
1095 2277 1158 2340 suf·

51 2377 184 2458 licerent,
211 2380 360 2465 permisit
384 2388 419 2442 ut
443 2401 484 2441 cx
508 2379 668 2464 proximis
689 2376 775 2440 villis
790 2389 821 2440 et
838 2378 925 2458 agris
943 2375 1050 2439 hostili
1069 2397 1158 2438 more

52 2476 179 2556 praedas
204 2489 350 2560 agerent,
376 2489 407 2540 et
431 2476 473 2541 ad
498 2479 569 2562 ipsa
594 2475 728 2540 castella
753 2474 933 2538 rnurrienda
954 2475 1158 2559 circumqua-

49 2595 103 2656 que
128 2589 301 2640 manentes
326 2587 479 2658 cogerent
503 2587 535 2638 et
559 2576 715 2660 impensis
739 2575 865 2638 affatim
890 2582 1096 2652 convectare,
1128 2582 1160 2634 et

49 2691 99 2752 per
119 2697 152 2735 se
179 2676 266 2759 ipsos
290 2674 400 2738 seruili
426 2697 525 2738 mauu
551 2673 743 2738 desudare.·‘

126 2774 180 2836 47.
230 2773 341 2852 Quum
371 2794 449 2835 rere
475 2772 613 2836 Romam
639 2770 763 2855 perlata
788 2783 894 2832 esseut
920 2768 1056 2832 llenriei
1081 2767 1157 2830 saei-

50 2888 117 2930 nera
143 2870 350 2956 multiplicia,
386 2869 501 2934 ultime
527 2871 614 2932 vitae
639 2892 717 2932 suae
741 2878 887 2953 tempore
912 2866 1103 2930 Alexander
1128 2865 1157 2928 ll
1195 2889 1305 2930 ronnun

48 2965 132 3030 malis
156 2969 316 3032 obvenire
346 2971 468 3032 statuit.
499 2969 607 3052 Atque
637 2967 800 3050 synodum
832 2969 863 3028 ιἰι
893 2961 1253 3047 ΟιιιιιΙιιιιιιιιιιιιαεω’·ῑῃ
1273 2959 1330 3000 ¹¹⁰*

48 3063 146 3128 ‘liedda
171 3089 259 3130 antro
289 3068 370 3130 ltli3
397 3067 519 3130 lietnue
544 3065 670 3144 habuit,
696 3067 726 3126 iu
753 3089 813 3148 qrru
838 3065 962 3125 lrertulu
979 3063 1159 3146 Imperatri-
1215 3043 1289 3072 ’ω’

45 3165 84 3224 eis
114 3167 268 3250 quosdam
301 3167 382 3251 repis
406 3165 608 3227 eerrsr'lr'urr‘ns
636 3164 771 3226 volentes
803 3185 870 3224 erem
894 3162 933 3224 ul)
958 3163 1078 3224 ilaritate
1104 3161 1160 3221 Er·

45 3258 151 3325 deniae
188 3289 339 3349 esperare
368 3263 494 3348 publice
533 3263 677 3324 (lanuinus
709 3263 802 3346 l'opa
834 3259 1110 3322 ceconuaunieurit
1124 3257 1159 3342 ¹).

44 3355 108 3422 lure
132 3363 290 3425 Pontifex
321 3363 428 3446 ipsum
463 3361 644 3423 llenricum
679 3359 726 3420 IV
758 3379 879 3440 regem,
917 3356 1001 3418 datis
1026 3357 1159 3418 Aunoui

44 3459 288 3544 archiepiscope
320 3457 506 3522 Coloniensi
538 3459 654 3521 litteris
696 3467 785 3519 cecat
818 3456 861 3518 nd
898 3453 1161 3538 satisfaciendam

40 3580 95 3638 pre
119 3560 295 3620 sinreuiueu
319 3558 441 3620 ltucrusi
465 3555 597 3640 uli-isque
623 3555 783 3618 runmnllis
807 3553 1021 3616 carcrrdatiouc
1046 3551 1161 3635 dipru's,

45 3761 119 3826 plane
139 3763 184 3816 rir
203 3763 377 3816 admirandae
397 3761 615 3828 compunctionis,
635 3766 663 3812 et
681 3759 848 3825 potissimum
867 3757 929 3810 dum
949 3755 1093 3807 salutarem
1108 3753 1162 3806 Deo

45 3839 154 3896 lantiam
174 3843 344 3899 immularet,
365 3849 439 3896 totus
459 3842 487 3894 in
506 3841 636 3906 lacrymas
662 3839 796 3892 attinebat.
835 3838 921 3904 Virgo
940 3851 1043 3901 qrroque
1063 3839 1106 3900 (ut
1126 3835 1162 3887 t'e·

45 3923 161 3982 rebatur,
184 3923 314 3976 abutere
334 3923 428 3976 matris
448 3920 631 3990 permanebat.
670 3920 720 3972 Sed
741 3919 788 3970 bas
813 3917 838 3970 in
860 3933 892 3970 ea
911 3917 1028 3969 virtutes
1052 3915 1162 3968 nimium

45 4001 69 4052 iu
88 4003 172 4056 oeulis
193 4002 327 4055 homiuum
349 4019 450 4056 morum
469 4000 615 4056 insolentia
636 4009 661 4052 et
682 3997 833 4066 jactantiae
853 3997 950 4050 levitas
970 3995 1160 4046 ‹rffuscabaut.··

44 4083 92 4135 tad
105 4099 122 4134 a
149 4083 235 4136 1012..
251 4113 282 4120 -
300 4083 411 4141 itineris,
432 4081 492 4134 aliis
513 4080 539 4134 iu
560 4081 622 4132 lueis
645 4079 816 4132 lambertum
835 4077 914 4130 uiuus
934 4091 1025 4128 serere
1039 4075 1071 4126 de
1083 4075 1162 4126 aaa!-

46 4159 116 4214 lurtn
136 4179 197 4215 esse
217 4161 343 4218 locutum.

114 4254 119 4281 ¹
125 4267 134 4318 t
155 4252 265 4314 Benize,
283 4253 315 4304 de
336 4261 466 4318 persecut.
490 4251 519 4304 L.
543 4250 586 4300 l'l.
607 4265 648 4314 aar».
672 4247 830 4305 ll'attcrielr.
854 4247 872 4298 l.
894 4247 951 4297 :en

99 4355 231 4402 tungmnn.
248 4353 419 4394 llissortntioner.
438 4352 496 4392 Τοιιι.
509 4351 543 4391 lt.
783 4389 788 4400 ‚
1025 4337 1053 4384 li
