2904 4834
402 539 608 596 Dissertatiouis
626 534 738 626 indoles.
1114 546 1131 600 3

36 685 164 767 inspiciet
196 684 263 769 ipsc
294 681 408 754 omelia.
441 683 644 768 manibusque
667 693 850 762 contrectet,
882 707 975 770 quom
998 687 1133 772 indipna

36 803 166 866 pronique
190 779 300 866 turpia
323 789 415 865 otqrso
439 780 606 866 deformia,
631 781 812 845 execranda
829 782 960 870 iraaprr
973 793 1003 846 ot
1016 783 1131 848 oborti·

36 878 133 958 tundo,
155 881 198 942 sit
221 887 332 942 coacta
349 879 426 964 pati
450 877 852 966 socrosanctoApostolicc
865 879 970 960 Sedes,
994 882 1030 945 in
1044 885 1132 971 cupra

34 976 141 1040 cordine
169 977 319 1040 aniverso
341 975 487 1039 Ecclesia
516 975 670 1040 catholico
701 979 850 1058 sertitem,
881 1003 949 1042 cam
965 980 1133 1066 principes

33 1074 131 1137 saccali
157 1075 250 1163 bajus
279 1070 507 1157 quantamlibet
536 1075 728 1155 christiani„
749 1077 807 1139 icc
838 1087 942 1140 tamea
971 1099 1011 1140 etc
1035 1087 1132 1165 parts

33 1171 139 1236 sinendi
159 1173 292 1259 tyranni
305 1171 489 1246 seemssirni
515 1183 742 1259 arrogaverunt
758 1173 819 1238 sibi
835 1176 997 1260 tyrannice
1011 1173 1131 1240 electio·

34 1293 85 1332 oen
99 1271 312 1332 Romanorum
326 1268 520 1352 Pontificum.
564 1267 646 1343 Quor
670 1280 743 1334 tenc
767 1271 806 1335 ob
830 1273 885 1350 cis,
903 1273 987 1359 prob
1004 1273 1133 1359 pedor!

29 1367 225 1450 prohdolor!
252 1367 288 1430 in
311 1366 449 1429 conedam
473 1365 583 1430 Sectam
604 1367 727 1453 angelis
748 1369 951 1434 reverendam
972 1372 1043 1435 mse
1064 1371 1132 1436 bor·

33 1467 116 1528 renda
136 1468 263 1528 intrusa
284 1474 358 1527 sant
381 1465 543 1528 monstra?
578 1463 661 1538 Qcoc
683 1489 723 1529 ece
746 1467 790 1530 cis
814 1465 926 1532 oborto
949 1479 1022 1532 sarit
1035 1469 1132 1548 mala,

32 1573 242 1626 consummatae
273 1561 475 1646 tragoediae!
524 1561 644 1635 Quibus
675 1573 747 1627 tunc
777 1565 881 1652 ipsam
910 1567 978 1632 sine
1008 1565 1133 1631 macele

32 1671 55 1722 ot
79 1663 139 1724 sine
166 1683 248 1745 nepa
270 1661 401 1744 concipit
424 1662 552 1746 aspergi
574 1661 735 1743 sordibus,
759 1663 930 1748 peioribus
953 1665 1055 1750 infici,
1086 1666 1133 1728 in·

32 1759 142 1840 'rasari
164 1759 337 1844 spurcitiis,
362 1777 402 1820 es
423 1757 530 1841 lisque
546 1769 707 1845 perpetua
730 1759 870 1845 infamio
884 1761 1094 1848 denigrarifl)
1187 1824 1191 1832 .

104 1855 196 1920 Haec
219 1855 354 1920 Earonii
378 1855 523 1918 lamenta
546 1854 694 1941 plerique
719 1867 869 1922 auctores
892 1859 1057 1942 catholici,
1084 1862 1185 1924 utiffli
1199 1867 1303 1910 ⁸⁸⁰0*-

33 1952 244 2030 bellarminus,
260 1951 443 2032 Gravcson,
461 1953 600 2034 Becker,
618 1953 834 2040 Katerkamp,
852 1958 1024 2042 repetiere,
1042 1957 1134 2022 dum·

32 2073 83 2135 ipae
103 2054 172 2137 ejus
196 2051 393 2115 sententiam
418 2051 459 2115 de
482 2053 668 2115 tristissimo
693 2063 779 2116 statu
794 2054 964 2118 Ecclesiae
983 2067 1134 2122 currente

32 2150 144 2214 asculo
175 2149 304 2214 decimo
336 2149 481 2234 amplexi
510 2150 633 2230 sunt,⁹)
664 2171 738 2214 eum
768 2153 840 2216 viro
864 2152 919 2216 illo
944 2154 1134 2219 venerando

31 2259 114 2332 atquc
137 2247 319 2312 clarissimo
343 2249 443 2311 etiam
467 2247 785 2328 animadverterunt,
809 2261 1041 2335 argumentum
1056 2250 1135 2316 inde

32 2343 142 2410 ‹lesumi
175 2346 361 2410 divinitatis
383 2343 570 2426 Ecclesiae,
605 2345 693 2431 quod
729 2349 763 2410 in
791 2347 843 2411 his
866 2348 1134 2438 adversitatibus,

32 2445 69 2506 uti
90 2443 254 2508 humanae
277 2445 425 2507 societati
450 2443 633 2528 accidisset,
663 2443 753 2508 haud
777 2447 947 2530 interierit,
976 2447 1033 2512 sed
1058 2469 1136 2512 mox

32 2542 142 2606 viribus
164 2541 365 2628 auxiliisque
389 2541 531 2626 desuper
555 2541 640 2605 detis
663 2542 816 2607 roborata
831 2553 864 2607 at
878 2553 1027 2630 epurata,
1052 2546 1135 2609 miro

30 2639 188 2722 splendore
219 2640 328 2705 denuo
359 2639 527 2704 effulserit.
574 2639 640 2704 Sed
673 2639 931 2706 Protestantium
962 2643 1136 2727 scriptores

30 2751 206 2802 enarrantes
229 2746 262 2801 et
285 2745 523 2822 exaggerantes
547 2757 585 2799 aa
609 2735 711 2819 facta,
737 2759 821 2824 quae
845 2739 887 2804 ab
912 2741 992 2828 ipsis
1017 2737 1135 2803 Catho-

29 2829 89 2898 licis
117 2833 393 2916 admittebantur,
429 2835 590 2898 couvieiis
621 2843 653 2898 et
682 2835 868 2900 maledictis
891 2839 925 2901 in
949 2837 1135 2902 Ecclesiam

30 2942 57 2992 et
79 2933 195 2998 Sedem
222 2931 448 3019 Apostolicam
477 2931 519 2996 ob
549 2930 638 2996 illius
667 2936 784 2998 aetatis
814 2937 1055 3021 corruptionem
1081 2935 1134 3000 dc-

28 3025 168 3096 bscchsti
208 3040 301 3113 sunt,
341 3040 374 3095 et
412 3028 593 3115 sophistica
625 3031 703 3095 inde
736 3032 1009 3122 deprompserunt
1041 3057 1134 3118 argu-

28 3141 142 3210 menta,
175 3127 296 3214 quibus
327 3150 402 3192 suos
426 3127 637 3193 vindicarent
660 3151 795 3195 errores.
841 3131 1029 3198 Recentiori
1054 3155 1133 3197 vero

27 3233 160 3310 tempore
191 3226 287 3312 plura
317 3229 440 3312 scripta
462 3247 502 3289 sc
526 3236 758 3312 monumenta,
790 3251 875 3314 quse
899 3230 941 3293 ad
966 3230 1134 3296 saeculum
1230 3277 1234 3286 -
1275 3274 1280 3284 ·

27 3319 182 3388 decimum
205 3326 373 3410 pertinent
396 3335 428 3388 et
452 3325 621 3408 incognita
640 3324 809 3410 jacebant,
834 3327 942 3392 studio
959 3351 998 3392 ac
1017 3329 1134 3393 labori-

25 3417 81 3483 bus
109 3423 320 3487 eruditissimi
345 3409 522 3486 Muratorf
536 3420 742 3509 aliorumque
773 3426 919 3490 virorum
951 3426 1080 3491 detecta
1103 3435 1137 3490 et

27 3517 59 3579 in
79 3518 180 3584 lucem
206 3520 295 3584 edita
319 3529 413 3602 sunt,
441 3529 541 3606 atque
564 3523 751 3585 accuratius
775 3525 875 3586 etiam
900 3525 963 3588 viri
987 3524 1076 3589 docti
1100 3526 1134 3588 in

26 3617 239 3683 conditionem
270 3617 358 3682 illius
388 3619 505 3682 aetatis
529 3620 758 3704 inquisierunt.
807 3620 904 3684 Unda
928 3622 1051 3686 factum
1076 3631 1135 3702 est,

28 3722 63 3772 ut
89 3714 153 3797 jam
187 3715 364 3800 benignius
398 3715 438 3780 de
475 3715 529 3780 illo
565 3726 712 3802 tempore
748 3740 814 3782 non
845 3722 943 3805 pauci
971 3719 1134 3805 judicant,

97 3923 116 3995 ¹)
132 3927 239 3984 ibidem
252 3943 284 3983 n.
304 3930 329 3982 3.

97 4004 117 4073 ¹)
135 4008 201 4062 Dum
218 4009 251 4064 da
270 4007 370 4064 saeculi
389 4007 483 4062 decimi
504 4008 579 4064 tristi
598 4008 750 4066 conditione
768 4017 891 4066 suctores
910 4015 1005 4080 agunt,
1025 4025 1077 4064 non
1096 4010 1138 4065 in-

25 4083 148 4152 telligunt
169 4089 287 4156 praecise
311 4088 388 4144 illam
413 4093 521 4144 matum
546 4089 672 4157 epocham
697 4105 766 4157 quse
790 4091 862 4146 inter
886 4109 910 4146 a.
930 4093 984 4146 900
1008 4097 1037 4146 ct
1066 4093 1138 4146 1000

25 4163 182 4238 canticam
210 4171 255 4224 sed
284 4169 418 4240 incipiunt
444 4169 499 4224 ista
522 4176 646 4238 tempora
671 4171 733 4226 inde
760 4172 794 4225 ab
820 4173 1001 4228 exstinctione
1025 4171 1136 4239 Imperii

28 4244 219 4316 t'trolingorum
238 4255 274 4320 (a.
294 4251 371 4314 888),
391 4255 473 4316 atque
491 4265 520 4304 se
538 4251 683 4306 extendere
702 4253 846 4308 censentur
864 4268 948 4320 usque
966 4253 1001 4306 ad
1020 4253 1137 4308 medium

29 4325 154 4382 witon
170 4329 345 4386 undecimum

992 4421 1028 4476 1*
