2898 4836
297 457 330 510 78
485 456 586 514 Xt'ill,
606 457 645 509 De
665 457 791 510 licumuis
810 455 984 510 Pontificibus
1003 457 1101 512 saeculi
1121 457 1222 510 decimi.

294 610 426 682 guntur,
451 623 490 664 oc
513 602 539 664 si
564 601 713 664 unanimi
731 621 892 663 consensu
917 601 1029 663 omnia
1052 608 1186 685 peracta
1210 611 1322 674 essent,
1349 599 1396 663 scd

296 697 385 760 baud
410 697 548 761 dubium
580 708 628 761 est
650 707 749 782 atque
778 719 821 762 ex
851 697 1025 762 eventibus
1055 700 1111 783 qui
1143 695 1305 762 subsecuti
1331 715 1397 762 sunt

297 793 330 858 id
355 795 529 880 colligitur,
553 795 677 860 Romae
701 795 880 880 permultos
896 796 1028 862 Ottonis
1053 795 1226 859 conatibus
1249 797 1399 880 oppositos

296 895 407 974 fuisse,
432 893 664 978 praesulesque
688 891 797 978 plures
821 915 886 956 non
910 893 974 956 nisi
999 893 1121 956 invitos
1148 895 1337 956 sustinuisse
1360 913 1400 959 es.

298 1013 382 1077 quae
406 991 535 1053 influxu
560 1001 592 1053 et
616 1001 705 1054 metu
728 989 940 1075 Imperatoris
963 990 1097 1053 fiebant.

125 1187 287 1239 &producor
389 1179 440 1240 Π.
486 1178 540 1241 Ex
572 1177 779 1262 Luitprando
813 1178 914 1260 igitur
940 1177 1124 1262 Imperator
1154 1175 1328 1240 concilium
1358 1173 1402 1235 :nl-

128 1253 162 1290 ιη
177 1249 448 1360 Jou'¹¹¹⁰‘n'opericns
472 1276 600 1360 petivit,
626 1274 667 1337 ob
692 1297 791 1360 quam
820 1296 954 1338 causam
978 1275 1126 1339 loannes
1150 1287 1296 1337 sanctam
1320 1294 1402 1356 syuo-

299 1373 378 1436 dum
419 1371 608 1436 declinaret.
671 1373 756 1436 Titne
793 1373 931 1436 Romani
957 1373 1124 1458 pontifices
1161 1383 1190 1434 ct
1225 1371 1402 1435 cardinale.

293 1470 473 1556 presbyteri
495 1494 532 1534 oc
546 1469 675 1534 diaconi
697 1493 765 1533 cum
780 1471 929 1533 uniuersa
946 1468 1040 1556 plebe
1058 1470 1226 1533 dicerunt:
1249 1469 1404 1540 Miramur,

299 1569 530 1632 succussi-mam
553 1567 758 1630 Mensam
780 1577 915 1630 cestram
944 1591 1002 1632 nos
1030 1569 1084 1630 boc
1117 1566 1196 1630 celle
1220 1565 1403 1652 percontari,

299 1665 382 1752 quod
404 1689 459 1729 occ
482 1665 628 1743 Ibericos,
652 1687 707 1728 nec
729 1665 950 1752 Babylonicos,
974 1690 1029 1729 occ
1045 1665 1171 1728 Ircdicos
1185 1663 1308 1728 incolas
1330 1663 1403 1726 burt

300 1801 344 1810 -
359 1762 436 1828 dam
453 1762 558 1842 vides,
581 1763 826 1849 Luitprandum
840 1764 936 1828 modo
954 1774 1109 1828 consueto
1125 1759 1290 1826 rhetorem
1306 1783 1403 1845 agere

300 1861 383 1924 haec
402 1863 491 1925 enim
508 1871 594 1924 certe
612 1883 678 1924 uon
694 1884 714 1925 a
730 1860 847 1945 synodi
865 1859 1014 1946 patribus
1038 1861 1229 1941 dictasunt,
1253 1860 1311 1924 sed
1321 1861 1404 1944 jmsts

302 1957 436 2022 modum
460 1957 616 2043 loquendi
645 1968 816 2044 poetarum
840 1982 860 2022 n
884 1959 1090 2044 Luitprando
1116 1957 1218 2022 verba
1242 1959 1404 2044 disponun-

302 2065 363 2120 tur.
389 2094 431 2102 -
455 2055 551 2118 Tunc
574 2059 742 2120 variorum
774 2058 949 2120 criminum
982 2057 1137 2121 Pontifex
1165 2069 1339 2120 accusatus
1368 2069 1404 2116 cst

301 2177 321 2217 a
334 2153 571 2238 praesentibus,
588 2164 621 2218 et
632 2155 815 2240 Imperator
829 2165 927 2239 etque
938 2156 1084 2240 episcopi
1097 2154 1183 2218 datis
1197 2155 1240 2219 ad
1251 2155 1274 2220 J
1276 2175 1401 2218 oannem

303 2273 425 2337 papam
448 2251 566 2316 litteris
590 2275 664 2316 eum
681 2253 724 2316 ad
742 2252 908 2336 synodum
933 2262 1103 2334 vocarunt,
1130 2265 1165 2315 ut
1181 2275 1250 2317 sea
1276 2253 1403 2316 crimini·

302 2348 365 2413 bus
389 2351 459 2413 istis
482 2360 647 2436 purgaret.
693 2351 840 2415 Joannes
863 2349 931 2414 XII
954 2360 1066 2414 autem
1098 2373 1156 2436 pro
1189 2373 1345 2436 responso
1372 2347 1403 2410 ad

303 2469 359 2511 eos
382 2449 471 2511 misit
495 2449 847 2512 excommunicationis
870 2446 1028 2526 libellum,
1041 2445 1066 2534 ¹)
1097 2450 1124 2512 si
1154 2448 1256 2513 aliurn
1287 2451 1322 2512 in
1349 2447 1404 2531 ejus

302 2545 412 2609 locum
436 2547 672 2610 constituerent
695 2546 901 2610 Pontificem.
948 2545 1119 2610 Praesules
1141 2545 1263 2629 adhuc,
1289 2550 1316 2610 si
1332 2547 1405 2610 Luit·

303 2642 430 2728 prendo
454 2643 624 2708 fidendum
657 2655 722 2728 est,
758 2643 850 2708 aliud
882 2645 1076 2728 rescriptum
1107 2643 1149 2708 ad
1173 2645 1338 2710 Joennem
1365 2645 1406 2706 de·

305 2742 424 2805 derunt
452 2743 530 2805 satis
556 2743 746 2829 ineptum,²)
771 2764 834 2828 quo
859 2743 978 2806 iterum
998 2741 1191 2806 Pontificem
1210 2744 1405 2829 compellunt.

304 2849 341 2903 ut
370 2839 414 2903 ad
438 2841 601 2924 synodum
627 2843 754 2919 veniat,
786 2843 892 2926 eique,
917 2840 980 2902 nisi
1005 2840 1159 2923 accedat,
1197 2843 1405 2907 excommuni-

304 2937 468 3000 cationem
499 2939 680 3020 minantum
712 2938 770 3002 sed
793 2938 891 3023 legati
923 2935 1149 3002 eum.Tibure
1182 2962 1249 3003 non
1281 2939 1405 3026 amplius

305 3036 521 3117 invenerunt,
549 3037 755 3122 pharetratus
787 3037 868 3099 onim
900 3037 934 3098 im
967 3039 1157 3122 campestria
1181 3041 1254 3126 jam
1290 3037 1404 3102 abierut.
1438 3037 1439 3040 ’

303 3217 516 3226 -ι--ι-ι--ο--ι

380 3329 400 3396 ι)
419 3328 553 3392 ‚decanos
566 3327 719 3395 Episcopus,
733 3343 826 3382 servus
839 3343 977 3382 servomm
990 3327 1047 3392 Dei,
1060 3330 1182 3383 omnibus
1196 3331 1347 3399 Episcopis:
1363 3331 1403 3383 Nm
1438 3363 1439 3366 η

303 3409 457 3464 audirimus
475 3408 578 3469 dicere,
603 3408 666 3474 quio
684 3424 732 3462 vos
751 3407 835 3462 vultis
861 3408 942 3462 alium
963 3407 1065 3476 Papom
1084 3408 1186 3464 facere:
1216 3410 1240 3464 si
1258 3411 1309 3465 hoc
1332 3409 1402 3464 iccio·

305 3488 502 3542 excommunico
521 3503 568 3542 vos
587 3488 620 3542 do
633 3489 688 3542 Deo
707 3487 899 3554 omnipotente,
920 3495 949 3542 ut
963 3488 1149 3544 nonhsbeetis
1162 3489 1302 3546 licentiam
1320 3491 1402 3546 nullm

303 3569 430 3622 ordinere
448 3575 476 3623 et
494 3568 602 3622 Missam
622 3569 779 3624 celebrare.¹‘
816 3569 999 3637 Luitprandns
1017 3569 1034 3622 l.
1054 3585 1074 3622 c.
1095 3585 1116 3623 c.
1138 3572 1179 3625 13.

378 3667 401 3734 ⁹)
420 3667 497 3720 luter
521 3666 576 3720 alia
601 3666 740 3720 Pontificio
766 3665 907 3733 epistolam
932 3665 1052 3720 irrisorie
1075 3666 1118 3720 its
1142 3679 1271 3737 carpunt:
1303 3671 1401 3735 „Este
1438 3685 1439 3688 ¹

305 3747 407 3813 aliquid
434 3747 533 3800 vestris
552 3747 579 3800 iu
597 3747 698 3801 litteris
724 3745 868 3812 scriptum,
887 3747 956 3813 quod
981 3762 1033 3800 nou
1058 3747 1210 3816 episcopum
1228 3751 1276 3804 sed
1293 3751 1401 3820 pueriles

306 3827 437 3894 ineptiam
461 3827 575 3881 scribere
599 3828 713 3883 deceret.
756 3827 801 3880 Its
825 3826 896 3880 euim
914 3826 1044 3894 scriptum
1063 3833 1135 3881 erat:
1167 3829 1201 3884 Ut
1228 3847 1282 3884 non
1301 3831 1400 3882 babuto

306 3908 439 3960 licerinum
464 3909 568 3958 nostium
591 3907 727 3959 orsmaro.
759 3907 835 3960 Nuuc
853 3922 937 3973 usque
952 3908 1115 3974 putavimus,
1135 3909 1187 3962 imo
1200 3925 1262 3963 vere
1282 3911 1399 3965 ermino

303 3987 357 4039 duo
376 3987 509 4054 negative
526 4002 608 4041 uuum
627 3989 716 4042 fecere
734 3987 922 4051 dedicativum,
941 3988 1095 4042 nisivestrs
1107 3989 1256 4043 auctoritas
1275 3991 1398 4058 priscorum

304 4068 455 4121 senitentiea
474 4067 623 4121 infirmaret
638 4073 803 4122 acrotomm.“
823 4067 1020 4135 Luitprsndurn
1032 4067 1170 4136 scripsisse
1188 4069 1261 4123 illurn
1271 4069 1397 4139 epistolam

306 4147 364 4215 ejus
384 4147 485 4200 indoles
509 4155 537 4201 et
561 4149 647 4214 stylus
665 4149 794 4214 suadent;
825 4163 889 4201 sane
913 4164 1028 4216 magnas
1053 4155 1145 4215 portes
1170 4165 1231 4204 eum
1249 4149 1364 4204 habuisse
1378 4147 1397 4198 it

307 4225 389 4294 liujus
408 4228 601 4295 pseudosynodi
621 4229 774 4294 directione,
794 4245 827 4282 ex
846 4229 929 4297 ipsius
948 4229 1104 4284 narratione
1122 4229 1215 4299 colligi
1233 4237 1328 4298 potest.
