<?xml version="1.0" encoding="UTF-8"?>
<!DOCTYPE html PUBLIC "-//W3C//DTD XHTML 1.0 Transitional//EN"
    "http://www.w3.org/TR/xhtml1/DTD/xhtml1-transitional.dtd">
<html xmlns="http://www.w3.org/1999/xhtml" xml:lang="en" lang="en">
 <head>
  <title>
</title>
<meta http-equiv="Content-Type" content="text/html;charset=utf-8" />
  <meta name='ocr-system' content='tesseract 3.04.00' />
  <meta name='ocr-capabilities' content='ocr_page ocr_carea ocr_par ocr_line ocrx_word'/>
</head>
<body>
  <div class='ocr_page' id='page_1' title='image "./dissertationess01junggoog_0638.png"; bbox 0 0 2922 4832; ppageno 0'>
   <div class='ocr_carea' id='block_1_1' title="bbox 364 478 1154 548">
    <p class='ocr_par' dir='ltr' id='par_1_1' title="bbox 364 478 1154 548">
     <span class='ocr_line' id='line_1_1' title="bbox 364 478 1154 548; baseline 0.004 -15"><span class='ocrx_word' id='word_1_1' title='bbox 364 479 404 534; x_wconf 90' lang='lat' dir='ltr'><strong><em>De</em></strong></span> <span class='ocrx_word' id='word_1_2' title='bbox 423 478 483 548; x_wconf 84' lang='lat' dir='ltr'><strong><em>lege</em></strong></span> <span class='ocrx_word' id='word_1_3' title='bbox 502 479 649 534; x_wconf 86' lang='lat' dir='ltr'><strong><em>coelibatus</em></strong></span> <span class='ocrx_word' id='word_1_4' title='bbox 667 479 778 536; x_wconf 78' lang='lat' dir='ltr'><strong><em>violata</em></strong></span> <span class='ocrx_word' id='word_1_5' title='bbox 1101 485 1154 538; x_wconf 77' lang='grc'><strong><em>167</em></strong></span> 
     </span>
    </p>
   </div>
   <div class='ocr_carea' id='block_1_2' title="bbox 39 622 1232 3457">
    <p class='ocr_par' dir='ltr' id='par_1_2' title="bbox 39 622 1232 3457">
     <span class='ocr_line' id='line_1_2' title="bbox 49 622 1155 710; baseline 0.002 -22"><span class='ocrx_word' id='word_1_6' title='bbox 49 625 189 688; x_wconf 86' lang='lat' dir='ltr'><strong><em>adulterio</em></strong></span> <span class='ocrx_word' id='word_1_7' title='bbox 203 623 352 710; x_wconf 75' lang='lat' dir='ltr'><strong><em>peninum,</em></strong></span> <span class='ocrx_word' id='word_1_8' title='bbox 368 622 458 708; x_wconf 78' lang='lat' dir='ltr'><strong><em>facit</em></strong></span> <span class='ocrx_word' id='word_1_9' title='bbox 475 622 705 708; x_wconf 74' lang='lat' dir='ltr'><strong><em>presbyterum,</em></strong></span> <span class='ocrx_word' id='word_1_10' title='bbox 730 623 785 688; x_wconf 91' lang='lat' dir='ltr'><strong><em>ille</em></strong></span> <span class='ocrx_word' id='word_1_11' title='bbox 807 625 922 688; x_wconf 88' lang='lat' dir='ltr'><strong><em>iterum</em></strong></span> <span class='ocrx_word' id='word_1_12' title='bbox 941 648 1041 705; x_wconf 85' lang='lat' dir='ltr'><strong><em>suum,</em></strong></span> <span class='ocrx_word' id='word_1_13' title='bbox 1065 650 1155 690; x_wconf 86' lang='lat' dir='ltr'><strong><em>suum</em></strong></span> 
     </span>
     <span class='ocr_line' id='line_1_3' title="bbox 49 719 1155 807; baseline 0.001 -21"><span class='ocrx_word' id='word_1_14' title='bbox 49 723 117 786; x_wconf 87' lang='lat' dir='ltr'><strong><em>alter</em></strong></span> <span class='ocrx_word' id='word_1_15' title='bbox 138 725 267 800; x_wconf 87' lang='lat' dir='ltr'><strong><em>iterum,</em></strong></span> <span class='ocrx_word' id='word_1_16' title='bbox 291 719 463 807; x_wconf 82' lang='lat' dir='ltr'><strong><em>pullulans</em></strong></span> <span class='ocrx_word' id='word_1_17' title='bbox 492 721 577 784; x_wconf 91' lang='lat' dir='ltr'><strong><em>illud</em></strong></span> <span class='ocrx_word' id='word_1_18' title='bbox 598 744 694 806; x_wconf 85' lang='lat' dir='ltr'><strong><em>usque</em></strong></span> <span class='ocrx_word' id='word_1_19' title='bbox 718 723 753 784; x_wconf 87' lang='lat' dir='ltr'><strong><em>in</em></strong></span> <span class='ocrx_word' id='word_1_20' title='bbox 774 721 874 805; x_wconf 77' lang='lat' dir='ltr'><strong><em>finem</em></strong></span> <span class='ocrx_word' id='word_1_21' title='bbox 902 723 1022 788; x_wconf 84' lang='lat' dir='ltr'><strong><em>soeculi</em></strong></span> <span class='ocrx_word' id='word_1_22' title='bbox 1045 723 1155 788; x_wconf 83' lang='lat' dir='ltr'><strong><em>taliter</em></strong></span> 
     </span>
     <span class='ocr_line' id='line_1_4' title="bbox 49 819 1153 910; baseline 0.001 -26"><span class='ocrx_word' id='word_1_23' title='bbox 49 820 223 885; x_wconf 71' lang='lat' dir='ltr'><strong><em>adulterium</em></strong></span> <span class='ocrx_word' id='word_1_24' title='bbox 246 825 337 910; x_wconf 83' lang='lat' dir='ltr'><strong><em>cujus</em></strong></span> <span class='ocrx_word' id='word_1_25' title='bbox 359 829 420 899; x_wconf 81' lang='lat' dir='ltr'><strong><em>eat,</em></strong></span> <span class='ocrx_word' id='word_1_26' title='bbox 453 819 519 883; x_wconf 84' lang='lat' dir='ltr'><strong><em>nisi</em></strong></span> <span class='ocrx_word' id='word_1_27' title='bbox 547 819 637 884; x_wconf 84' lang='lat' dir='ltr'><strong><em>illius</em></strong></span> <span class='ocrx_word' id='word_1_28' title='bbox 661 820 715 904; x_wconf 86' lang='lat' dir='ltr'><strong><em>qui</em></strong></span> <span class='ocrx_word' id='word_1_29' title='bbox 737 819 820 884; x_wconf 87' lang='lat' dir='ltr'><strong><em>illud</em></strong></span> <span class='ocrx_word' id='word_1_30' title='bbox 847 821 998 906; x_wconf 80' lang='lat' dir='ltr'><strong><em>primitur</em></strong></span> <span class='ocrx_word' id='word_1_31' title='bbox 1020 823 1153 886; x_wconf 80' lang='lat' dir='ltr'><strong><em>semino·</em></strong></span> 
     </span>
     <span class='ocr_line' id='line_1_5' title="bbox 51 915 1154 1006; baseline -0.001 -23"><span class='ocrx_word' id='word_1_32' title='bbox 51 922 103 984; x_wconf 76' lang='lat' dir='ltr'><strong><em>cit?</em></strong></span> <span class='ocrx_word' id='word_1_33' title='bbox 145 918 302 994; x_wconf 74' lang='lat' dir='ltr'><strong><em>Quocirca</em></strong></span> <span class='ocrx_word' id='word_1_34' title='bbox 324 919 472 982; x_wconf 88' lang='lat' dir='ltr'><strong><em>monendi</em></strong></span> <span class='ocrx_word' id='word_1_35' title='bbox 495 929 524 982; x_wconf 90' lang='lat' dir='ltr'><strong><em>et</em></strong></span> <span class='ocrx_word' id='word_1_36' title='bbox 552 915 739 982; x_wconf 82' lang='lat' dir='ltr'><strong><em>obsecrandi</em></strong></span> <span class='ocrx_word' id='word_1_37' title='bbox 764 918 904 1003; x_wconf 80' lang='lat' dir='ltr'><strong><em>fratrer,</em></strong></span> <span class='ocrx_word' id='word_1_38' title='bbox 927 929 961 982; x_wconf 87' lang='lat' dir='ltr'><strong><em>ut</em></strong></span> <span class='ocrx_word' id='word_1_39' title='bbox 985 920 1061 1005; x_wconf 89' lang='lat' dir='ltr'><strong><em>quio</em></strong></span> <span class='ocrx_word' id='word_1_40' title='bbox 1079 943 1154 1006; x_wconf 86' lang='lat' dir='ltr'><strong><em>pro·</em></strong></span> 
     </span>
     <span class='ocr_line' id='line_1_6' title="bbox 47 1015 1155 1104; baseline 0.002 -24"><span class='ocrx_word' id='word_1_41' title='bbox 47 1019 134 1082; x_wconf 80' lang='lat' dir='ltr'><strong><em>ditari</em></strong></span> <span class='ocrx_word' id='word_1_42' title='bbox 156 1019 229 1104; x_wconf 85' lang='lat' dir='ltr'><strong><em>(pro</em></strong></span> <span class='ocrx_word' id='word_1_43' title='bbox 254 1015 377 1102; x_wconf 75' lang='lat' dir='ltr'><strong><em>dolori)</em></strong></span> <span class='ocrx_word' id='word_1_44' title='bbox 402 1041 424 1080; x_wconf 91' lang='lat' dir='ltr'><strong><em>a</em></strong></span> <span class='ocrx_word' id='word_1_45' title='bbox 445 1016 629 1080; x_wconf 82' lang='lat' dir='ltr'><strong><em>mulieribus</em></strong></span> <span class='ocrx_word' id='word_1_46' title='bbox 647 1016 760 1080; x_wconf 84' lang='lat' dir='ltr'><strong><em>uoletis</em></strong></span> <span class='ocrx_word' id='word_1_47' title='bbox 782 1015 870 1081; x_wconf 85' lang='lat' dir='ltr'><strong><em>nullo</em></strong></span> <span class='ocrx_word' id='word_1_48' title='bbox 884 1017 986 1094; x_wconf 88' lang='lat' dir='ltr'><strong><em>modo,</em></strong></span> <span class='ocrx_word' id='word_1_49' title='bbox 1001 1017 1093 1103; x_wconf 80' lang='lat' dir='ltr'><strong><em>filios</em></strong></span> <span class='ocrx_word' id='word_1_50' title='bbox 1116 1017 1155 1082; x_wconf 84' lang='lat' dir='ltr'><strong><em>dc</em></strong></span> 
     </span>
     <span class='ocr_line' id='line_1_7' title="bbox 50 1115 1157 1203; baseline 0.001 -25"><span class='ocrx_word' id='word_1_51' title='bbox 50 1117 121 1181; x_wconf 78' lang='lat' dir='ltr'><strong><em>rolris</em></strong></span> <span class='ocrx_word' id='word_1_52' title='bbox 142 1127 307 1203; x_wconf 76' lang='lat' dir='ltr'><strong><em>panaretos</em></strong></span> <span class='ocrx_word' id='word_1_53' title='bbox 336 1115 537 1180; x_wconf 75' lang='lat' dir='ltr'><strong><em>dimitteretis</em></strong></span> <span class='ocrx_word' id='word_1_54' title='bbox 564 1115 676 1180; x_wconf 80' lang='lat' dir='ltr'><strong><em>coliem</em></strong></span> <span class='ocrx_word' id='word_1_55' title='bbox 708 1138 772 1179; x_wconf 84' lang='lat' dir='ltr'><strong><em>esce</em></strong></span> <span class='ocrx_word' id='word_1_56' title='bbox 800 1115 915 1194; x_wconf 83' lang='lat' dir='ltr'><strong><em>laicos,</em></strong></span> <span class='ocrx_word' id='word_1_57' title='bbox 942 1115 1033 1200; x_wconf 81' lang='lat' dir='ltr'><strong><em>filias</em></strong></span> <span class='ocrx_word' id='word_1_58' title='bbox 1062 1116 1157 1180; x_wconf 86' lang='lat' dir='ltr'><strong><em>laicis</em></strong></span> 
     </span>
     <span class='ocr_line' id='line_1_8' title="bbox 40 1213 1156 1302; baseline -0.001 -24"><span class='ocrx_word' id='word_1_59' title='bbox 40 1217 213 1302; x_wconf 76' lang='lat' dir='ltr'><strong><em>jamperetis,</em></strong></span> <span class='ocrx_word' id='word_1_60' title='bbox 238 1225 272 1278; x_wconf 87' lang='lat' dir='ltr'><strong><em>ut</em></strong></span> <span class='ocrx_word' id='word_1_61' title='bbox 295 1213 344 1278; x_wconf 90' lang='lat' dir='ltr'><strong><em>oel</em></strong></span> <span class='ocrx_word' id='word_1_62' title='bbox 366 1215 401 1277; x_wconf 90' lang='lat' dir='ltr'><strong><em>in</em></strong></span> <span class='ocrx_word' id='word_1_63' title='bbox 415 1213 484 1297; x_wconf 75' lang='lat' dir='ltr'><strong><em>fine</em></strong></span> <span class='ocrx_word' id='word_1_64' title='bbox 508 1213 620 1278; x_wconf 83' lang='lat' dir='ltr'><strong><em>saltem</em></strong></span> <span class='ocrx_word' id='word_1_65' title='bbox 642 1223 743 1276; x_wconf 80' lang='lat' dir='ltr'><strong><em>oeatm</em></strong></span> <span class='ocrx_word' id='word_1_66' title='bbox 770 1215 1002 1293; x_wconf 78' lang='lat' dir='ltr'><strong><em>terminaretur,</em></strong></span> <span class='ocrx_word' id='word_1_67' title='bbox 1031 1225 1062 1279; x_wconf 88' lang='lat' dir='ltr'><strong><em>et</em></strong></span> <span class='ocrx_word' id='word_1_68' title='bbox 1083 1237 1156 1278; x_wconf 86' lang='lat' dir='ltr'><strong><em>nua-</em></strong></span> 
     </span>
     <span class='ocr_line' id='line_1_9' title="bbox 49 1310 1157 1398; baseline 0 -22"><span class='ocrx_word' id='word_1_69' title='bbox 49 1316 185 1396; x_wconf 84' lang='lat' dir='ltr'><strong><em>quanin</em></strong></span> <span class='ocrx_word' id='word_1_70' title='bbox 199 1313 300 1398; x_wconf 79' lang='lat' dir='ltr'><strong><em>finem</em></strong></span> <span class='ocrx_word' id='word_1_71' title='bbox 327 1312 447 1376; x_wconf 84' lang='lat' dir='ltr'><strong><em>sacculi</em></strong></span> <span class='ocrx_word' id='word_1_72' title='bbox 477 1313 609 1376; x_wconf 84' lang='lat' dir='ltr'><strong><em>duraret</em></strong></span> <span class='ocrx_word' id='word_1_73' title='bbox 632 1310 825 1376; x_wconf 87' lang='lat' dir='ltr'><strong><em>adulterium</em></strong></span> <span class='ocrx_word' id='word_1_74' title='bbox 847 1313 1024 1394; x_wconf 88' lang='lat' dir='ltr'><strong><em>oestrum.¹)</em></strong></span> <span class='ocrx_word' id='word_1_75' title='bbox 1074 1312 1157 1397; x_wconf 78' lang='lat' dir='ltr'><strong><em>„No-</em></strong></span> 
     </span>
     <span class='ocr_line' id='line_1_10' title="bbox 48 1408 1156 1498; baseline 0 -24"><span class='ocrx_word' id='word_1_76' title='bbox 48 1411 136 1476; x_wconf 81' lang='lat' dir='ltr'><strong><em>tanda</em></strong></span> <span class='ocrx_word' id='word_1_77' title='bbox 160 1412 332 1498; x_wconf 87' lang='lat' dir='ltr'><strong><em>(inquiunt</em></strong></span> <span class='ocrx_word' id='word_1_78' title='bbox 355 1409 473 1474; x_wconf 88' lang='lat' dir='ltr'><strong><em>fratres</em></strong></span> <span class='ocrx_word' id='word_1_79' title='bbox 496 1408 669 1494; x_wconf 85' lang='lat' dir='ltr'><strong><em>Ballerini)</em></strong></span> <span class='ocrx_word' id='word_1_80' title='bbox 686 1409 854 1474; x_wconf 83' lang='lat' dir='ltr'><strong><em>distinctio</em></strong></span> <span class='ocrx_word' id='word_1_81' title='bbox 869 1410 978 1494; x_wconf 85' lang='lat' dir='ltr'><strong><em>filium</em></strong></span> <span class='ocrx_word' id='word_1_82' title='bbox 1000 1409 1038 1474; x_wconf 91' lang='lat' dir='ltr'><strong><em>de</em></strong></span> <span class='ocrx_word' id='word_1_83' title='bbox 1046 1409 1156 1496; x_wconf 84' lang='lat' dir='ltr'><strong><em>forni-</em></strong></span> 
     </span>
     <span class='ocr_line' id='line_1_11' title="bbox 48 1507 1158 1598; baseline -0.001 -26"><span class='ocrx_word' id='word_1_84' title='bbox 48 1512 167 1590; x_wconf 86' lang='lat' dir='ltr'><strong><em>catione,</em></strong></span> <span class='ocrx_word' id='word_1_85' title='bbox 191 1509 252 1588; x_wconf 86' lang='lat' dir='ltr'><strong><em>cel,</em></strong></span> <span class='ocrx_word' id='word_1_86' title='bbox 283 1507 367 1594; x_wconf 76' lang='lat' dir='ltr'><strong><em>qruod</em></strong></span> <span class='ocrx_word' id='word_1_87' title='bbox 383 1513 480 1598; x_wconf 82' lang='lat' dir='ltr'><strong><em>pejus</em></strong></span> <span class='ocrx_word' id='word_1_88' title='bbox 504 1518 558 1590; x_wconf 84' lang='lat' dir='ltr'><strong><em>eat,</em></strong></span> <span class='ocrx_word' id='word_1_89' title='bbox 589 1507 628 1571; x_wconf 91' lang='lat' dir='ltr'><strong><em>de</em></strong></span> <span class='ocrx_word' id='word_1_90' title='bbox 652 1507 811 1571; x_wconf 84' lang='lat' dir='ltr'><strong><em>adulterio</em></strong></span> <span class='ocrx_word' id='word_1_91' title='bbox 840 1509 986 1592; x_wconf 79' lang='lat' dir='ltr'><strong><em>punitum.</em></strong></span> <span class='ocrx_word' id='word_1_92' title='bbox 1033 1507 1158 1572; x_wconf 85' lang='lat' dir='ltr'><strong><em>Filium</em></strong></span> 
     </span>
     <span class='ocr_line' id='line_1_12' title="bbox 48 1603 1160 1691; baseline 0 -23"><span class='ocrx_word' id='word_1_93' title='bbox 48 1605 83 1669; x_wconf 90' lang='lat' dir='ltr'><strong><em>dc</em></strong></span> <span class='ocrx_word' id='word_1_94' title='bbox 104 1608 321 1672; x_wconf 81' lang='lat' dir='ltr'><strong><em>fornicatione</em></strong></span> <span class='ocrx_word' id='word_1_95' title='bbox 345 1628 421 1669; x_wconf 88' lang='lat' dir='ltr'><strong><em>eum</em></strong></span> <span class='ocrx_word' id='word_1_96' title='bbox 444 1605 572 1670; x_wconf 80' lang='lat' dir='ltr'><strong><em>Auctor</em></strong></span> <span class='ocrx_word' id='word_1_97' title='bbox 595 1604 750 1690; x_wconf 84' lang='lat' dir='ltr'><strong><em>appellat,</em></strong></span> <span class='ocrx_word' id='word_1_98' title='bbox 775 1627 874 1691; x_wconf 89' lang='lat' dir='ltr'><strong><em>quem</em></strong></span> <span class='ocrx_word' id='word_1_99' title='bbox 899 1605 1038 1670; x_wconf 91' lang='lat' dir='ltr'><strong><em>clericus</em></strong></span> <span class='ocrx_word' id='word_1_100' title='bbox 1062 1627 1105 1669; x_wconf 84' lang='lat' dir='ltr'><strong><em>ex</em></strong></span> <span class='ocrx_word' id='word_1_101' title='bbox 1123 1603 1160 1668; x_wconf 92' lang='lat' dir='ltr'><strong><em>li·</em></strong></span> 
     </span>
     <span class='ocr_line' id='line_1_13' title="bbox 49 1702 1159 1788; baseline 0 -22"><span class='ocrx_word' id='word_1_102' title='bbox 49 1703 118 1768; x_wconf 86' lang='lat' dir='ltr'><strong><em>bera</em></strong></span> <span class='ocrx_word' id='word_1_103' title='bbox 139 1705 277 1770; x_wconf 89' lang='lat' dir='ltr'><strong><em>muliere</em></strong></span> <span class='ocrx_word' id='word_1_104' title='bbox 302 1726 360 1770; x_wconf 89' lang='lat' dir='ltr'><strong><em>seu</em></strong></span> <span class='ocrx_word' id='word_1_105' title='bbox 384 1703 571 1768; x_wconf 88' lang='lat' dir='ltr'><strong><em>concubina</em></strong></span> <span class='ocrx_word' id='word_1_106' title='bbox 595 1705 808 1788; x_wconf 60' lang='lat' dir='ltr'><strong><em>suscepissem</em></strong></span> <span class='ocrx_word' id='word_1_107' title='bbox 848 1704 889 1768; x_wconf 89' lang='lat' dir='ltr'><strong><em>de</em></strong></span> <span class='ocrx_word' id='word_1_108' title='bbox 913 1702 1075 1768; x_wconf 86' lang='lat' dir='ltr'><strong><em>adulterio</em></strong></span> <span class='ocrx_word' id='word_1_109' title='bbox 1104 1725 1159 1768; x_wconf 88' lang='lat' dir='ltr'><strong><em>au·</em></strong></span> 
     </span>
     <span class='ocr_line' id='line_1_14' title="bbox 47 1799 1161 1889; baseline 0.002 -25"><span class='ocrx_word' id='word_1_110' title='bbox 47 1813 106 1866; x_wconf 89' lang='lat' dir='ltr'><strong><em>tem</em></strong></span> <span class='ocrx_word' id='word_1_111' title='bbox 140 1825 234 1885; x_wconf 88' lang='lat' dir='ltr'><strong><em>eum,</em></strong></span> <span class='ocrx_word' id='word_1_112' title='bbox 269 1824 369 1889; x_wconf 90' lang='lat' dir='ltr'><strong><em>quem</em></strong></span> <span class='ocrx_word' id='word_1_113' title='bbox 392 1803 593 1887; x_wconf 81' lang='lat' dir='ltr'><strong><em>suscepisset</em></strong></span> <span class='ocrx_word' id='word_1_114' title='bbox 625 1822 668 1868; x_wconf 86' lang='lat' dir='ltr'><strong><em>ex</em></strong></span> <span class='ocrx_word' id='word_1_115' title='bbox 710 1800 832 1886; x_wconf 85' lang='lat' dir='ltr'><strong><em>illegali</em></strong></span> <span class='ocrx_word' id='word_1_116' title='bbox 864 1803 1038 1888; x_wconf 87' lang='lat' dir='ltr'><strong><em>conjugio,</em></strong></span> <span class='ocrx_word' id='word_1_117' title='bbox 1071 1799 1161 1887; x_wconf 85' lang='lat' dir='ltr'><strong><em>quod</em></strong></span> 
     </span>
     <span class='ocr_line' id='line_1_15' title="bbox 48 1897 1160 1986; baseline 0 -23"><span class='ocrx_word' id='word_1_118' title='bbox 48 1899 185 1966; x_wconf 87' lang='lat' dir='ltr'><strong><em>Ratherii</em></strong></span> <span class='ocrx_word' id='word_1_119' title='bbox 216 1900 332 1986; x_wconf 84' lang='lat' dir='ltr'><strong><em>lingua</em></strong></span> <span class='ocrx_word' id='word_1_120' title='bbox 364 1899 564 1964; x_wconf 80' lang='lat' dir='ltr'><strong><em>adulterium</em></strong></span> <span class='ocrx_word' id='word_1_121' title='bbox 596 1899 727 1966; x_wconf 87' lang='lat' dir='ltr'><strong><em>dicitur.</em></strong></span> <span class='ocrx_word' id='word_1_122' title='bbox 779 1897 885 1964; x_wconf 84' lang='lat' dir='ltr'><strong><em>Erant</em></strong></span> <span class='ocrx_word' id='word_1_123' title='bbox 917 1901 1019 1986; x_wconf 88' lang='lat' dir='ltr'><strong><em>igitur</em></strong></span> <span class='ocrx_word' id='word_1_124' title='bbox 1049 1900 1160 1965; x_wconf 89' lang='lat' dir='ltr'><strong><em>clerici</em></strong></span> 
     </span>
     <span class='ocr_line' id='line_1_16' title="bbox 47 1996 1161 2084; baseline 0.001 -23"><span class='ocrx_word' id='word_1_125' title='bbox 47 2001 99 2084; x_wconf 90' lang='lat' dir='ltr'><strong><em>qui</em></strong></span> <span class='ocrx_word' id='word_1_126' title='bbox 122 1998 327 2063; x_wconf 83' lang='lat' dir='ltr'><strong><em>concubinas</em></strong></span> <span class='ocrx_word' id='word_1_127' title='bbox 350 1997 495 2082; x_wconf 82' lang='lat' dir='ltr'><strong><em>alebant,</em></strong></span> <span class='ocrx_word' id='word_1_128' title='bbox 508 1996 535 2084; x_wconf 68' lang='grc'><strong><em>2)</em></strong></span> <span class='ocrx_word' id='word_1_129' title='bbox 566 2006 661 2062; x_wconf 85' lang='lat' dir='ltr'><strong><em>erent</em></strong></span> <span class='ocrx_word' id='word_1_130' title='bbox 684 1997 742 2062; x_wconf 85' lang='lat' dir='ltr'><strong><em>ulii</em></strong></span> <span class='ocrx_word' id='word_1_131' title='bbox 766 1999 823 2083; x_wconf 89' lang='lat' dir='ltr'><strong><em>qui</em></strong></span> <span class='ocrx_word' id='word_1_132' title='bbox 854 2021 985 2064; x_wconf 87' lang='lat' dir='ltr'><strong><em>uxores.</em></strong></span> <span class='ocrx_word' id='word_1_133' title='bbox 1030 1998 1161 2064; x_wconf 89' lang='lat' dir='ltr'><strong><em>Horum</em></strong></span> 
     </span>
     <span class='ocr_line' id='line_1_17' title="bbox 47 2089 1162 2182; baseline -0.002 -23"><span class='ocrx_word' id='word_1_134' title='bbox 47 2105 150 2162; x_wconf 87' lang='lat' dir='ltr'><strong><em>autem</em></strong></span> <span class='ocrx_word' id='word_1_135' title='bbox 174 2096 235 2162; x_wconf 89' lang='lat' dir='ltr'><strong><em>filii</em></strong></span> <span class='ocrx_word' id='word_1_136' title='bbox 258 2097 327 2161; x_wconf 89' lang='lat' dir='ltr'><strong><em>fere</em></strong></span> <span class='ocrx_word' id='word_1_137' title='bbox 351 2117 466 2161; x_wconf 90' lang='lat' dir='ltr'><strong><em>omnes</em></strong></span> <span class='ocrx_word' id='word_1_138' title='bbox 490 2105 584 2160; x_wconf 87' lang='lat' dir='ltr'><strong><em>erant</em></strong></span> <span class='ocrx_word' id='word_1_139' title='bbox 607 2097 643 2160; x_wconf 94' lang='lat' dir='ltr'><strong><em>in</em></strong></span> <span class='ocrx_word' id='word_1_140' title='bbox 667 2095 792 2161; x_wconf 87' lang='lat' dir='ltr'><strong><em>clerum</em></strong></span> <span class='ocrx_word' id='word_1_141' title='bbox 814 2096 984 2182; x_wconf 84' lang='lat' dir='ltr'><strong><em>adscripti,</em></strong></span> <span class='ocrx_word' id='word_1_142' title='bbox 1017 2089 1162 2160; x_wconf 53' lang='lat' dir='ltr'><strong><em>adeo‘ut</em></strong></span> 
     </span>
     <span class='ocr_line' id='line_1_18' title="bbox 46 2192 1162 2282; baseline 0.002 -28"><span class='ocrx_word' id='word_1_143' title='bbox 46 2194 78 2256; x_wconf 92' lang='lat' dir='ltr'><strong><em>in</em></strong></span> <span class='ocrx_word' id='word_1_144' title='bbox 101 2195 272 2259; x_wconf 75' lang='lat' dir='ltr'><strong><em>itinerario</em></strong></span> <span class='ocrx_word' id='word_1_145' title='bbox 306 2198 352 2279; x_wconf 90' lang='lat' dir='ltr'><strong><em>(n.</em></strong></span> <span class='ocrx_word' id='word_1_146' title='bbox 376 2194 411 2282; x_wconf 80' lang='lat'><strong><em>5)</em></strong></span> <span class='ocrx_word' id='word_1_147' title='bbox 444 2193 622 2260; x_wconf 87' lang='lat' dir='ltr'><strong><em>Ratherius</em></strong></span> <span class='ocrx_word' id='word_1_148' title='bbox 652 2195 713 2258; x_wconf 86' lang='lat' dir='ltr'><strong><em>vix</em></strong></span> <span class='ocrx_word' id='word_1_149' title='bbox 745 2193 890 2281; x_wconf 86' lang='lat' dir='ltr'><strong><em>aliquem</em></strong></span> <span class='ocrx_word' id='word_1_150' title='bbox 923 2192 1097 2279; x_wconf 89' lang='lat' dir='ltr'><strong><em>puerulum</em></strong></span> <span class='ocrx_word' id='word_1_151' title='bbox 1127 2193 1162 2256; x_wconf 94' lang='lat' dir='ltr'><strong><em>in</em></strong></span> 
     </span>
     <span class='ocr_line' id='line_1_19' title="bbox 46 2290 1163 2379; baseline 0 -25"><span class='ocrx_word' id='word_1_152' title='bbox 46 2290 129 2356; x_wconf 91' lang='lat' dir='ltr'><strong><em>clero</em></strong></span> <span class='ocrx_word' id='word_1_153' title='bbox 152 2295 328 2358; x_wconf 85' lang='lat' dir='ltr'><strong><em>inventum</em></strong></span> <span class='ocrx_word' id='word_1_154' title='bbox 352 2295 393 2358; x_wconf 91' lang='lat' dir='ltr'><strong><em>iri</em></strong></span> <span class='ocrx_word' id='word_1_155' title='bbox 417 2293 570 2375; x_wconf 83' lang='lat' dir='ltr'><strong><em>affirmet,</em></strong></span> <span class='ocrx_word' id='word_1_156' title='bbox 595 2294 653 2379; x_wconf 90' lang='lat' dir='ltr'><strong><em>qui</em></strong></span> <span class='ocrx_word' id='word_1_157' title='bbox 676 2315 845 2372; x_wconf 72' lang='lat' dir='ltr'><strong><em>manseres,</em></strong></span> <span class='ocrx_word' id='word_1_158' title='bbox 869 2291 903 2357; x_wconf 90' lang='lat' dir='ltr'><strong><em>id</em></strong></span> <span class='ocrx_word' id='word_1_159' title='bbox 928 2302 976 2356; x_wconf 88' lang='lat' dir='ltr'><strong><em>est</em></strong></span> <span class='ocrx_word' id='word_1_160' title='bbox 999 2314 1042 2355; x_wconf 83' lang='lat' dir='ltr'><strong><em>ex</em></strong></span> <span class='ocrx_word' id='word_1_161' title='bbox 1064 2291 1163 2355; x_wconf 90' lang='lat' dir='ltr'><strong><em>forni-</em></strong></span> 
     </span>
     <span class='ocr_line' id='line_1_20' title="bbox 45 2388 1162 2476; baseline 0.001 -25"><span class='ocrx_word' id='word_1_162' title='bbox 45 2391 168 2454; x_wconf 83' lang='lat' dir='ltr'><strong><em>catione</em></strong></span> <span class='ocrx_word' id='word_1_163' title='bbox 201 2391 256 2455; x_wconf 85' lang='lat' dir='ltr'><strong><em>vel</em></strong></span> <span class='ocrx_word' id='word_1_164' title='bbox 285 2391 448 2456; x_wconf 85' lang='lat' dir='ltr'><strong><em>adulterio</em></strong></span> <span class='ocrx_word' id='word_1_165' title='bbox 480 2401 578 2456; x_wconf 88' lang='lat' dir='ltr'><strong><em>natus</em></strong></span> <span class='ocrx_word' id='word_1_166' title='bbox 609 2411 676 2456; x_wconf 91' lang='lat' dir='ltr'><strong><em>non</em></strong></span> <span class='ocrx_word' id='word_1_167' title='bbox 701 2399 795 2454; x_wconf 87' lang='lat' dir='ltr'><strong><em>esset.</em></strong></span> <span class='ocrx_word' id='word_1_168' title='bbox 843 2388 880 2454; x_wconf 79' lang='lat' dir='ltr'><strong><em>St</em></strong></span> <span class='ocrx_word' id='word_1_169' title='bbox 902 2411 1061 2454; x_wconf 82' lang='lat' dir='ltr'><strong><em>manzeres</em></strong></span> <span class='ocrx_word' id='word_1_170' title='bbox 1083 2388 1162 2476; x_wconf 81' lang='lat' dir='ltr'><strong><em>abji-</em></strong></span> 
     </span>
     <span class='ocr_line' id='line_1_21' title="bbox 43 2483 1168 2576; baseline 0.001 -27"><span class='ocrx_word' id='word_1_171' title='bbox 43 2509 148 2569; x_wconf 83' lang='lat' dir='ltr'><strong><em>cerem,</em></strong></span> <span class='ocrx_word' id='word_1_172' title='bbox 170 2513 259 2576; x_wconf 86' lang='lat' dir='ltr'><strong><em>quem</em></strong></span> <span class='ocrx_word' id='word_1_173' title='bbox 283 2513 322 2554; x_wconf 80' lang='lat' dir='ltr'><strong><em>en</em></strong></span> <span class='ocrx_word' id='word_1_174' title='bbox 336 2489 448 2556; x_wconf 82' lang='lat' dir='ltr'><strong><em>iisdem</em></strong></span> <span class='ocrx_word' id='word_1_175' title='bbox 464 2489 614 2576; x_wconf 78' lang='lat' dir='ltr'><strong><em>puerulis</em></strong></span> <span class='ocrx_word' id='word_1_176' title='bbox 633 2499 719 2554; x_wconf 84' lang='lat' dir='ltr'><strong><em>ctare</em></strong></span> <span class='ocrx_word' id='word_1_177' title='bbox 742 2489 777 2552; x_wconf 91' lang='lat' dir='ltr'><strong><em>in</em></strong></span> <span class='ocrx_word' id='word_1_178' title='bbox 792 2489 883 2551; x_wconf 76' lang='lat' dir='ltr'><strong><em>claro</em></strong></span> <span class='ocrx_word' id='word_1_179' title='bbox 900 2489 1115 2574; x_wconf 83' lang='lat' dir='ltr'><strong><em>permitterem</em></strong></span> <span class='ocrx_word' id='word_1_180' title='bbox 1123 2483 1168 2572; x_wconf 68' lang='lat'><strong><em>2³)</em></strong></span> 
     </span>
     <span class='ocr_line' id='line_1_22' title="bbox 44 2583 1162 2674; baseline 0.001 -27"><span class='ocrx_word' id='word_1_181' title='bbox 44 2583 165 2652; x_wconf 65' lang='lat' dir='ltr'><strong><em>temnas</em></strong></span> <span class='ocrx_word' id='word_1_182' title='bbox 187 2590 285 2669; x_wconf 89' lang='lat' dir='ltr'><strong><em>item,</em></strong></span> <span class='ocrx_word' id='word_1_183' title='bbox 324 2589 472 2674; x_wconf 87' lang='lat' dir='ltr'><strong><em>exceptis</em></strong></span> <span class='ocrx_word' id='word_1_184' title='bbox 499 2588 630 2673; x_wconf 89' lang='lat' dir='ltr'><strong><em>pueris,</em></strong></span> <span class='ocrx_word' id='word_1_185' title='bbox 664 2587 907 2651; x_wconf 83' lang='lat' dir='ltr'><strong><em>incontinentes</em></strong></span> <span class='ocrx_word' id='word_1_186' title='bbox 940 2607 1010 2650; x_wconf 85' lang='lat' dir='ltr'><strong><em>esse</em></strong></span> <span class='ocrx_word' id='word_1_187' title='bbox 1042 2585 1162 2667; x_wconf 90' lang='lat' dir='ltr'><strong><em>innuit,</em></strong></span> 
     </span>
     <span class='ocr_line' id='line_1_23' title="bbox 44 2681 1163 2770; baseline 0 -26"><span class='ocrx_word' id='word_1_188' title='bbox 44 2684 204 2750; x_wconf 85' lang='lat' dir='ltr'><strong><em>scribens:</em></strong></span> <span class='ocrx_word' id='word_1_189' title='bbox 244 2683 283 2750; x_wconf 73' lang='lat' dir='ltr'><strong><em>Si</em></strong></span> <span class='ocrx_word' id='word_1_190' title='bbox 304 2685 494 2750; x_wconf 82' lang='lat' dir='ltr'><strong><em>multinubos</em></strong></span> <span class='ocrx_word' id='word_1_191' title='bbox 519 2709 539 2750; x_wconf 90' lang='lat' dir='ltr'><strong><em>a</em></strong></span> <span class='ocrx_word' id='word_1_192' title='bbox 567 2684 718 2749; x_wconf 87' lang='lat' dir='ltr'><strong><em>clericatu</em></strong></span> <span class='ocrx_word' id='word_1_193' title='bbox 741 2681 928 2770; x_wconf 75' lang='lat' dir='ltr'><strong><em>capellarum</em></strong></span> <span class='ocrx_word' id='word_1_194' title='bbox 935 2732 944 2762; x_wconf 92' lang='lat'><strong><em>,</em></strong></span> <span class='ocrx_word' id='word_1_195' title='bbox 977 2705 1065 2768; x_wconf 88' lang='lat' dir='ltr'><strong><em>quem</em></strong></span> <span class='ocrx_word' id='word_1_196' title='bbox 1096 2682 1163 2745; x_wconf 84' lang='lat' dir='ltr'><strong><em>nisi</em></strong></span> 
     </span>
     <span class='ocr_line' id='line_1_24' title="bbox 39 2779 1232 2870; baseline -0.003 -25"><span class='ocrx_word' id='word_1_197' title='bbox 39 2783 188 2866; x_wconf 81' lang='lat' dir='ltr'><strong><em>puerulos</em></strong></span> <span class='ocrx_word' id='word_1_198' title='bbox 211 2785 247 2848; x_wconf 91' lang='lat' dir='ltr'><strong><em>in</em></strong></span> <span class='ocrx_word' id='word_1_199' title='bbox 271 2783 404 2848; x_wconf 85' lang='lat' dir='ltr'><strong><em>ecclesia</em></strong></span> <span class='ocrx_word' id='word_1_200' title='bbox 425 2783 653 2870; x_wconf 76' lang='lat' dir='ltr'><strong><em>relinquerem?</em></strong></span> <span class='ocrx_word' id='word_1_201' title='bbox 698 2783 778 2846; x_wconf 85' lang='lat' dir='ltr'><strong><em>Esto</em></strong></span> <span class='ocrx_word' id='word_1_202' title='bbox 807 2804 867 2868; x_wconf 91' lang='lat' dir='ltr'><strong><em>per</em></strong></span> <span class='ocrx_word' id='word_1_203' title='bbox 890 2779 1106 2868; x_wconf 86' lang='lat' dir='ltr'><strong><em>hyperbolem</em></strong></span> <span class='ocrx_word' id='word_1_204' title='bbox 1131 2789 1164 2843; x_wconf 89' lang='lat' dir='ltr'><strong><em>et</em></strong></span> <span class='ocrx_word' id='word_1_205' title='bbox 1226 2837 1232 2852; x_wconf 84' lang='grc'>,</span> 
     </span>
     <span class='ocr_line' id='line_1_25' title="bbox 45 2878 1162 2967; baseline -0.001 -26"><span class='ocrx_word' id='word_1_206' title='bbox 45 2885 331 2967; x_wconf 80' lang='lat' dir='ltr'><strong><em>exaggerationem</em></strong></span> <span class='ocrx_word' id='word_1_207' title='bbox 356 2883 524 2967; x_wconf 85' lang='lat' dir='ltr'><strong><em>scripserit</em></strong></span> <span class='ocrx_word' id='word_1_208' title='bbox 546 2880 739 2962; x_wconf 88' lang='lat' dir='ltr'><strong><em>Ratherius,</em></strong></span> <span class='ocrx_word' id='word_1_209' title='bbox 774 2901 816 2944; x_wconf 85' lang='lat' dir='ltr'><strong><em>ex</em></strong></span> <span class='ocrx_word' id='word_1_210' title='bbox 841 2878 892 2944; x_wconf 88' lang='lat' dir='ltr'><strong><em>his</em></strong></span> <span class='ocrx_word' id='word_1_211' title='bbox 923 2889 1035 2944; x_wconf 87' lang='lat' dir='ltr'><strong><em>tamen</em></strong></span> <span class='ocrx_word' id='word_1_212' title='bbox 1059 2878 1162 2941; x_wconf 89' lang='lat' dir='ltr'><strong><em>omni·</em></strong></span> 
     </span>
     <span class='ocr_line' id='line_1_26' title="bbox 45 2973 1165 3067; baseline -0.002 -27"><span class='ocrx_word' id='word_1_213' title='bbox 45 2976 108 3041; x_wconf 89' lang='lat' dir='ltr'><strong><em>bus</em></strong></span> <span class='ocrx_word' id='word_1_214' title='bbox 129 2983 242 3066; x_wconf 84' lang='lat' dir='ltr'><strong><em>negari</em></strong></span> <span class='ocrx_word' id='word_1_215' title='bbox 265 3003 332 3046; x_wconf 92' lang='lat' dir='ltr'><strong><em>non</em></strong></span> <span class='ocrx_word' id='word_1_216' title='bbox 356 2990 476 3067; x_wconf 90' lang='lat' dir='ltr'><strong><em>potest,</em></strong></span> <span class='ocrx_word' id='word_1_217' title='bbox 508 2981 628 3044; x_wconf 87' lang='lat' dir='ltr'><strong><em>vitium</em></strong></span> <span class='ocrx_word' id='word_1_218' title='bbox 652 2978 815 3064; x_wconf 88' lang='lat' dir='ltr'><strong><em>ejusmodi</em></strong></span> <span class='ocrx_word' id='word_1_219' title='bbox 839 2976 976 3058; x_wconf 88' lang='lat' dir='ltr'><strong><em>multos,</em></strong></span> <span class='ocrx_word' id='word_1_220' title='bbox 1010 2977 1075 3039; x_wconf 90' lang='lat' dir='ltr'><strong><em>imo</em></strong></span> <span class='ocrx_word' id='word_1_221' title='bbox 1099 2973 1165 3060; x_wconf 92' lang='lat' dir='ltr'><strong><em>ple-</em></strong></span> 
     </span>
     <span class='ocr_line' id='line_1_27' title="bbox 43 3072 1161 3165; baseline -0.003 -26"><span class='ocrx_word' id='word_1_222' title='bbox 43 3099 159 3165; x_wconf 86' lang='lat' dir='ltr'><strong><em>rosque</em></strong></span> <span class='ocrx_word' id='word_1_223' title='bbox 192 3079 328 3144; x_wconf 87' lang='lat' dir='ltr'><strong><em>clericos</em></strong></span> <span class='ocrx_word' id='word_1_224' title='bbox 362 3079 573 3164; x_wconf 84' lang='lat' dir='ltr'><strong><em>occupasse.“</em></strong></span> <span class='ocrx_word' id='word_1_225' title='bbox 628 3077 740 3163; x_wconf 88' lang='lat' dir='ltr'><strong><em>Atque</em></strong></span> <span class='ocrx_word' id='word_1_226' title='bbox 768 3076 840 3161; x_wconf 85' lang='lat' dir='ltr'><strong><em>jam</em></strong></span> <span class='ocrx_word' id='word_1_227' title='bbox 865 3075 1039 3140; x_wconf 86' lang='lat' dir='ltr'><strong><em>indefinite</em></strong></span> <span class='ocrx_word' id='word_1_228' title='bbox 1069 3072 1161 3137; x_wconf 92' lang='lat' dir='ltr'><strong><em>labes</em></strong></span> 
     </span>
     <span class='ocr_line' id='line_1_28' title="bbox 44 3170 1164 3266; baseline -0.004 -27"><span class='ocrx_word' id='word_1_229' title='bbox 44 3175 101 3240; x_wconf 87' lang='lat' dir='ltr'><strong><em>illa</em></strong></span> <span class='ocrx_word' id='word_1_230' title='bbox 123 3177 373 3266; x_wconf 84' lang='lat' dir='ltr'><strong><em>propagandam</em></strong></span> <span class='ocrx_word' id='word_1_231' title='bbox 397 3199 431 3241; x_wconf 88' lang='lat' dir='ltr'><strong><em>sc</em></strong></span> <span class='ocrx_word' id='word_1_232' title='bbox 456 3174 656 3259; x_wconf 83' lang='lat' dir='ltr'><strong><em>exhibebat,</em></strong></span> <span class='ocrx_word' id='word_1_233' title='bbox 690 3195 728 3238; x_wconf 93' lang='lat' dir='ltr'><strong><em>eo</em></strong></span> <span class='ocrx_word' id='word_1_234' title='bbox 759 3173 848 3260; x_wconf 87' lang='lat' dir='ltr'><strong><em>quod</em></strong></span> <span class='ocrx_word' id='word_1_235' title='bbox 877 3173 936 3238; x_wconf 85' lang='lat' dir='ltr'><strong><em>filii</em></strong></span> <span class='ocrx_word' id='word_1_236' title='bbox 970 3170 1164 3236; x_wconf 88' lang='lat' dir='ltr'><strong><em>clericorum</em></strong></span> 
     </span>
     <span class='ocr_line' id='line_1_29' title="bbox 45 3270 1165 3360; baseline -0.004 -25"><span class='ocrx_word' id='word_1_237' title='bbox 45 3275 162 3340; x_wconf 89' lang='lat' dir='ltr'><strong><em>iterum</em></strong></span> <span class='ocrx_word' id='word_1_238' title='bbox 185 3277 220 3341; x_wconf 93' lang='lat' dir='ltr'><strong><em>in</em></strong></span> <span class='ocrx_word' id='word_1_239' title='bbox 245 3275 370 3340; x_wconf 89' lang='lat' dir='ltr'><strong><em>clerum</em></strong></span> <span class='ocrx_word' id='word_1_240' title='bbox 393 3274 646 3360; x_wconf 84' lang='lat' dir='ltr'><strong><em>ingrederentur</em></strong></span> <span class='ocrx_word' id='word_1_241' title='bbox 679 3281 711 3337; x_wconf 90' lang='lat' dir='ltr'><strong><em>et</em></strong></span> <span class='ocrx_word' id='word_1_242' title='bbox 740 3293 860 3336; x_wconf 87' lang='lat' dir='ltr'><strong><em>uxores</em></strong></span> <span class='ocrx_word' id='word_1_243' title='bbox 892 3270 1067 3354; x_wconf 86' lang='lat' dir='ltr'><strong><em>ducerent,</em></strong></span> <span class='ocrx_word' id='word_1_244' title='bbox 1099 3289 1165 3332; x_wconf 91' lang='lat' dir='ltr'><strong><em>non</em></strong></span> 
     </span>
     <span class='ocr_line' id='line_1_30' title="bbox 44 3369 758 3457; baseline 0 -23"><span class='ocrx_word' id='word_1_245' title='bbox 44 3395 117 3437; x_wconf 84' lang='lat' dir='ltr'><strong><em>raro</em></strong></span> <span class='ocrx_word' id='word_1_246' title='bbox 140 3375 221 3440; x_wconf 84' lang='lat' dir='ltr'><strong><em>forte</em></strong></span> <span class='ocrx_word' id='word_1_247' title='bbox 247 3373 331 3440; x_wconf 87' lang='lat' dir='ltr'><strong><em>filias</em></strong></span> <span class='ocrx_word' id='word_1_248' title='bbox 355 3373 496 3439; x_wconf 86' lang='lat' dir='ltr'><strong><em>aliorum</em></strong></span> <span class='ocrx_word' id='word_1_249' title='bbox 521 3369 758 3457; x_wconf 83' lang='lat' dir='ltr'><strong><em>clericorum.⁴)</em></strong></span> 
     </span>
    </p>
   </div>
   <div class='ocr_carea' id='block_1_3' title="bbox 119 3551 1169 3699">
    <p class='ocr_par' dir='ltr' id='par_1_3' title="bbox 119 3551 1169 3699">
     <span class='ocr_line' id='line_1_31' title="bbox 119 3552 127 3580; baseline 0 0"><span class='ocrx_word' id='word_1_250' title='bbox 119 3552 127 3580; x_wconf 85' lang='lat'><em>1</em></span> 
     </span>
     <span class='ocr_line' id='line_1_32' title="bbox 119 3551 1169 3699; baseline -0.012 -10"><span class='ocrx_word' id='word_1_251' title='bbox 119 3553 140 3696; x_wconf 76' lang='lat' dir='ltr'><strong><em>²l</em></strong></span> <span class='ocrx_word' id='word_1_252' title='bbox 156 3551 231 3688; x_wconf 66' lang='lat' dir='ltr'><strong><em>Idreii</em></strong></span> <span class='ocrx_word' id='word_1_253' title='bbox 250 3555 349 3686; x_wconf 64' lang='lat' dir='ltr'><strong><em>lanian</em></strong></span> <span class='ocrx_word' id='word_1_254' title='bbox 380 3635 501 3699; x_wconf 87' lang='lat' dir='ltr'><strong><em>poterat,</em></strong></span> <span class='ocrx_word' id='word_1_255' title='bbox 532 3633 564 3683; x_wconf 91' lang='lat' dir='ltr'><strong><em>ut</em></strong></span> <span class='ocrx_word' id='word_1_256' title='bbox 592 3627 789 3682; x_wconf 86' lang='lat' dir='ltr'><strong><em>clandestinum</em></strong></span> <span class='ocrx_word' id='word_1_257' title='bbox 820 3641 880 3680; x_wconf 90' lang='lat' dir='ltr'><strong><em>cum</em></strong></span> <span class='ocrx_word' id='word_1_258' title='bbox 907 3625 942 3678; x_wconf 89' lang='lat' dir='ltr'><strong><em>iis</em></strong></span> <span class='ocrx_word' id='word_1_259' title='bbox 967 3623 1169 3678; x_wconf 85' lang='lat' dir='ltr'><strong><em>matrimonium</em></strong></span> 
     </span>
    </p>
   </div>
   <div class='ocr_carea' id='block_1_4' title="bbox 42 3702 1173 4350">
    <p class='ocr_par' dir='ltr' id='par_1_4' title="bbox 44 3702 1169 3849">
     <span class='ocr_line' id='line_1_33' title="bbox 44 3702 1169 3781; baseline -0.007 -17"><span class='ocrx_word' id='word_1_260' title='bbox 44 3709 159 3778; x_wconf 86' lang='lat' dir='ltr'><strong><em>inirent,</em></strong></span> <span class='ocrx_word' id='word_1_261' title='bbox 187 3714 242 3768; x_wconf 87' lang='lat' dir='ltr'><strong><em>etsi</em></strong></span> <span class='ocrx_word' id='word_1_262' title='bbox 268 3712 405 3781; x_wconf 84' lang='lat' dir='ltr'><strong><em>publicum</em></strong></span> <span class='ocrx_word' id='word_1_263' title='bbox 432 3711 568 3776; x_wconf 81' lang='lat' dir='ltr'><strong><em>vitarent,</em></strong></span> <span class='ocrx_word' id='word_1_264' title='bbox 592 3725 619 3764; x_wconf 84' lang='lat' dir='ltr'><strong><em>v.</em></strong></span> <span class='ocrx_word' id='word_1_265' title='bbox 647 3725 675 3778; x_wconf 79' lang='lat' dir='ltr'><strong><em>g.</em></strong></span> <span class='ocrx_word' id='word_1_266' title='bbox 700 3707 725 3762; x_wconf 88' lang='lat' dir='ltr'><strong><em>si</em></strong></span> <span class='ocrx_word' id='word_1_267' title='bbox 748 3706 845 3762; x_wconf 88' lang='lat' dir='ltr'><strong><em>mulier</em></strong></span> <span class='ocrx_word' id='word_1_268' title='bbox 869 3709 931 3761; x_wconf 87' lang='lat' dir='ltr'><strong><em>erat</em></strong></span> <span class='ocrx_word' id='word_1_269' title='bbox 949 3702 1110 3758; x_wconf 89' lang='lat' dir='ltr'><strong><em>conditionis</em></strong></span> <span class='ocrx_word' id='word_1_270' title='bbox 1129 3703 1169 3756; x_wconf 91' lang='lat' dir='ltr'><strong><em>in-</em></strong></span> 
     </span>
     <span class='ocr_line' id='line_1_34' title="bbox 44 3791 158 3849; baseline 0.044 -5"><span class='ocrx_word' id='word_1_271' title='bbox 44 3791 158 3849; x_wconf 78' lang='lat' dir='ltr'><strong><em>ferians.</em></strong></span> 
     </span>
    </p>

    <p class='ocr_par' dir='ltr' id='par_1_5' title="bbox 42 3863 1171 4107">
     <span class='ocr_line' id='line_1_35' title="bbox 120 3863 1171 3942; baseline -0.011 -14"><span class='ocrx_word' id='word_1_272' title='bbox 120 3873 142 3942; x_wconf 74' lang='grc'><strong><em>8)</em></strong></span> <span class='ocrx_word' id='word_1_273' title='bbox 160 3875 219 3930; x_wconf 87' lang='lat' dir='ltr'><strong><em>Vox</em></strong></span> <span class='ocrx_word' id='word_1_274' title='bbox 238 3887 375 3926; x_wconf 71' lang='lat' dir='ltr'><strong><em>nonaum</em></strong></span> <span class='ocrx_word' id='word_1_275' title='bbox 393 3887 427 3926; x_wconf 87' lang='lat' dir='ltr'><strong><em>ex</em></strong></span> <span class='ocrx_word' id='word_1_276' title='bbox 445 3871 591 3926; x_wconf 89' lang='lat' dir='ltr'><strong><em>Deuteron.</em></strong></span> <span class='ocrx_word' id='word_1_277' title='bbox 616 3868 659 3922; x_wconf 80' lang='lat'><strong><em>23.</em></strong></span> <span class='ocrx_word' id='word_1_278' title='bbox 684 3869 700 3922; x_wconf 78' lang='lat'><strong>2</strong></span> <span class='ocrx_word' id='word_1_279' title='bbox 726 3867 868 3936; x_wconf 86' lang='lat' dir='ltr'><strong><em>desumpta</em></strong></span> <span class='ocrx_word' id='word_1_280' title='bbox 892 3875 933 3921; x_wconf 85' lang='lat' dir='ltr'><strong><em>est</em></strong></span> <span class='ocrx_word' id='word_1_281' title='bbox 979 3865 1055 3932; x_wconf 85' lang='lat' dir='ltr'><strong><em>„Non</em></strong></span> <span class='ocrx_word' id='word_1_282' title='bbox 1078 3863 1171 3932; x_wconf 87' lang='lat' dir='ltr'><strong><em>ingre-</em></strong></span> 
     </span>
     <span class='ocr_line' id='line_1_36' title="bbox 42 3943 1169 4020; baseline -0.009 -12"><span class='ocrx_word' id='word_1_283' title='bbox 42 3954 137 4009; x_wconf 85' lang='lat' dir='ltr'><strong><em>dictur</em></strong></span> <span class='ocrx_word' id='word_1_284' title='bbox 154 3971 270 4020; x_wconf 79' lang='lat' dir='ltr'><strong><em>manzer,</em></strong></span> <span class='ocrx_word' id='word_1_285' title='bbox 289 3953 339 4007; x_wconf 90' lang='lat' dir='ltr'><strong><em>hoc</em></strong></span> <span class='ocrx_word' id='word_1_286' title='bbox 357 3959 400 4008; x_wconf 90' lang='lat' dir='ltr'><strong><em>est</em></strong></span> <span class='ocrx_word' id='word_1_287' title='bbox 417 3953 451 4006; x_wconf 90' lang='lat' dir='ltr'><strong><em>de</em></strong></span> <span class='ocrx_word' id='word_1_288' title='bbox 468 3955 557 4006; x_wconf 90' lang='lat' dir='ltr'><strong><em>scorto</em></strong></span> <span class='ocrx_word' id='word_1_289' title='bbox 581 3955 671 4014; x_wconf 83' lang='lat' dir='ltr'><strong><em>natus,</em></strong></span> <span class='ocrx_word' id='word_1_290' title='bbox 695 3947 725 4004; x_wconf 93' lang='lat' dir='ltr'><strong><em>in</em></strong></span> <span class='ocrx_word' id='word_1_291' title='bbox 744 3948 884 4002; x_wconf 88' lang='lat' dir='ltr'><strong><em>ecclesiam</em></strong></span> <span class='ocrx_word' id='word_1_292' title='bbox 903 3945 1012 4002; x_wconf 87' lang='lat' dir='ltr'><strong><em>Domini</em></strong></span> <span class='ocrx_word' id='word_1_293' title='bbox 1029 3959 1114 4011; x_wconf 85' lang='lat' dir='ltr'><strong><em>usque</em></strong></span> <span class='ocrx_word' id='word_1_294' title='bbox 1133 3943 1169 3998; x_wconf 85' lang='lat' dir='ltr'><strong><em>ad</em></strong></span> 
     </span>
     <span class='ocr_line' id='line_1_37' title="bbox 43 4035 421 4107; baseline -0.016 -14"><span class='ocrx_word' id='word_1_295' title='bbox 43 4035 173 4092; x_wconf 82' lang='lat' dir='ltr'><strong><em>decinam</em></strong></span> <span class='ocrx_word' id='word_1_296' title='bbox 191 4035 421 4107; x_wconf 57' lang='lat' dir='ltr'><strong><em>concutiamur</em></strong></span> 
     </span>
    </p>

    <p class='ocr_par' dir='ltr' id='par_1_6' title="bbox 45 4104 1173 4350">
     <span class='ocr_line' id='line_1_38' title="bbox 120 4104 1170 4186; baseline -0.015 -13"><span class='ocrx_word' id='word_1_297' title='bbox 120 4119 142 4186; x_wconf 89' lang='lat'><strong><em>⁴)</em></strong></span> <span class='ocrx_word' id='word_1_298' title='bbox 159 4117 304 4182; x_wconf 80' lang='lat' dir='ltr'><strong><em>Paulatim,</em></strong></span> <span class='ocrx_word' id='word_1_299' title='bbox 324 4111 597 4182; x_wconf 65' lang='lat' dir='ltr'><strong><em>quartanarum,</em></strong></span> <span class='ocrx_word' id='word_1_300' title='bbox 625 4110 676 4164; x_wconf 87' lang='lat' dir='ltr'><strong><em>hac</em></strong></span> <span class='ocrx_word' id='word_1_301' title='bbox 694 4109 801 4164; x_wconf 88' lang='lat' dir='ltr'><strong><em>ratione</em></strong></span> <span class='ocrx_word' id='word_1_302' title='bbox 819 4107 981 4162; x_wconf 84' lang='lat' dir='ltr'><strong><em>invaluisset</em></strong></span> <span class='ocrx_word' id='word_1_303' title='bbox 999 4105 1028 4159; x_wconf 93' lang='lat' dir='ltr'><strong><em>in</em></strong></span> <span class='ocrx_word' id='word_1_304' title='bbox 1048 4104 1170 4158; x_wconf 84' lang='lat' dir='ltr'><strong><em>Ecclesia</em></strong></span> 
     </span>
     <span class='ocr_line' id='line_1_39' title="bbox 45 4184 1171 4263; baseline -0.013 -11"><span class='ocrx_word' id='word_1_305' title='bbox 45 4197 191 4254; x_wconf 86' lang='lat' dir='ltr'><strong><em>illererum</em></strong></span> <span class='ocrx_word' id='word_1_306' title='bbox 209 4202 309 4263; x_wconf 88' lang='lat' dir='ltr'><strong><em>status,</em></strong></span> <span class='ocrx_word' id='word_1_307' title='bbox 329 4195 375 4263; x_wconf 91' lang='lat' dir='ltr'><strong><em>qui</em></strong></span> <span class='ocrx_word' id='word_1_308' title='bbox 394 4209 465 4248; x_wconf 89' lang='lat' dir='ltr'><strong><em>nunc</em></strong></span> <span class='ocrx_word' id='word_1_309' title='bbox 478 4193 507 4247; x_wconf 78' lang='lat' dir='ltr'><strong><em>m</em></strong></span> <span class='ocrx_word' id='word_1_310' title='bbox 525 4191 625 4246; x_wconf 86' lang='lat' dir='ltr'><strong><em>Russia</em></strong></span> <span class='ocrx_word' id='word_1_311' title='bbox 642 4189 738 4246; x_wconf 78' lang='lat' dir='ltr'><strong><em>existit</em></strong></span> <span class='ocrx_word' id='word_1_312' title='bbox 757 4195 839 4256; x_wconf 83' lang='lat' dir='ltr'><strong><em>atque</em></strong></span> <span class='ocrx_word' id='word_1_313' title='bbox 858 4185 1020 4242; x_wconf 86' lang='lat' dir='ltr'><strong><em>describitur</em></strong></span> <span class='ocrx_word' id='word_1_314' title='bbox 1039 4185 1067 4239; x_wconf 93' lang='lat' dir='ltr'><strong><em>in</em></strong></span> <span class='ocrx_word' id='word_1_315' title='bbox 1080 4184 1171 4238; x_wconf 86' lang='lat' dir='ltr'><strong><em>libello</em></strong></span> 
     </span>
     <span class='ocr_line' id='line_1_40' title="bbox 46 4264 1173 4350; baseline -0.012 -18"><span class='ocrx_word' id='word_1_316' title='bbox 46 4277 93 4332; x_wconf 70' lang='lat' dir='ltr'><strong><em>1ae</em></strong></span> <span class='ocrx_word' id='word_1_317' title='bbox 118 4279 206 4350; x_wconf 78' lang='lat' dir='ltr'><strong><em>Oterpt</em></strong></span> <span class='ocrx_word' id='word_1_318' title='bbox 234 4279 323 4333; x_wconf 83' lang='lat' dir='ltr'><strong><em>Rusca</em></strong></span> <span class='ocrx_word' id='word_1_319' title='bbox 348 4289 398 4342; x_wconf 83' lang='lat' dir='ltr'><strong><em>per</em></strong></span> <span class='ocrx_word' id='word_1_320' title='bbox 420 4273 447 4330; x_wconf 88' lang='lat' dir='ltr'><strong><em>J.</em></strong></span> <span class='ocrx_word' id='word_1_321' title='bbox 473 4271 597 4341; x_wconf 82' lang='lat' dir='ltr'><strong><em>Gegarin</em></strong></span> <span class='ocrx_word' id='word_1_322' title='bbox 621 4270 771 4342; x_wconf 86' lang='lat' dir='ltr'><strong><em>(Bruxelles</em></strong></span> <span class='ocrx_word' id='word_1_323' title='bbox 797 4269 885 4339; x_wconf 80' lang='grc'>1871).</span> <span class='ocrx_word' id='word_1_324' title='bbox 934 4264 1128 4335; x_wconf 81' lang='lat' dir='ltr'><strong><em>„Aujonrd&#39;hui</em></strong></span> <span class='ocrx_word' id='word_1_325' title='bbox 1146 4264 1173 4318; x_wconf 90' lang='lat' dir='ltr'><strong><em>le</em></strong></span> 
     </span>
    </p>
   </div>
   <div class='ocr_carea' id='block_1_5' title="bbox 0 0 1466 4832">
    <p class='ocr_par' dir='ltr' id='par_1_7' title="bbox 0 0 1466 4832">
     <span class='ocr_line' id='line_1_41' title="bbox 0 0 1466 4832; baseline 0 0"><span class='ocrx_word' id='word_1_326' title='bbox 0 0 1466 4832; x_wconf 95' lang='lat' dir='ltr'><strong><em> </em></strong></span> 
     </span>
    </p>
   </div>
  </div>
 </body>
</html>
