2904 4834
316 479 439 533 Eventus
457 483 519 546 post
537 477 686 562 Concilium
704 492 758 532 oec.
778 475 855 530 vm.
1093 475 1145 530 411

50 621 255 685 Prolrbnentat
278 621 361 684 enim
375 643 443 684 eam
462 620 638 684 sacerdotio
653 620 754 706 sinapi
772 641 892 704 quoprm
909 619 1000 684 modo
1016 621 1146 684 saecat·

49 721 107 782 rimi
125 720 233 782 mi
256 717 412 782 almitatis
434 729 576 799 emmae,
600 729 630 781 et
652 717 736 803 qood
758 717 986 802 mbscripeerit,
1010 728 1045 780 at
1059 717 1147 803 fute-

49 815 124 878 lctur
149 818 182 880 in
212 838 281 878 eum
312 839 390 902 quae
412 814 510 900 faeta
534 825 579 879 eet
608 815 648 878 ob
670 815 889 901 infelicissimo
913 815 1027 879 Plotio
1056 817 1148 900 quoti

47 914 182 1000 decem
204 913 380 977 beatissimi
402 924 432 976 et
451 915 564 1000 optima
579 916 691 1000 patrie
711 915 816 978 nostri
832 911 965 977 Nicoloi
977 912 1148 977 decretor-is

47 1013 206 1076 comitate
230 1023 313 1076 asae.
359 1011 449 1074 Haec
478 1021 551 1075 sant
583 1011 622 1074 de
644 1010 756 1097 ptem
782 1033 929 1096 rogamus
950 1011 1149 1074 sanctitatem

47 1121 177 1187 restrum,
211 1120 247 1172 at
279 1111 308 1173 ei
328 1107 485 1195 poseibile
513 1110 555 1174 eit
588 1120 697 1173 utatur
723 1107 815 1174 verbo
843 1109 1091 1194 diepeneatioois
1119 1118 1148 1170 et

47 1206 262 1270 misericordiae
286 1208 321 1269 ia
342 1207 400 1284 bie,
424 1229 492 1270 cum
514 1207 622 1270 omnia
645 1205 714 1270 alia
737 1209 887 1292 optim
910 1216 938 1269 et
958 1206 1148 1270 commodum

42 1305 119 1383 finem
140 1327 177 1368 ae
200 1304 438 1390 diepoeitionem
461 1302 695 1390 mcepaint.¹l

121 1402 192 1466 102.
213 1400 396 1487 Respondit
409 1401 601 1466 Hadrianus
617 1401 734 1466 litteris
750 1400 793 1464 ad
807 1399 1044 1486 Imperatorem
1061 1411 1147 1487 q'uae

46 1501 174 1584 integrae
204 1498 383 1583 exstant²),
419 1509 452 1562 et
474 1498 611 1584 epistola
634 1498 678 1563 ad
701 1498 868 1583 Ignatium
900 1500 994 1584 cujus
1017 1509 1146 1564 tantum

45 1597 212 1682 fragmenta
243 1597 457 1682 supersunt.³)
502 1595 608 1665 Multa
638 1598 673 1660 in
705 1598 811 1680 prima
835 1596 973 1682 epistola
1002 1596 1084 1662 dicit
1111 1600 1147 1662 in

45 1695 159 1758 laudem
184 1695 397 1780 Imperatoris
411 1694 537 1774 Basilii,
562 1694 619 1758 sed
644 1693 776 1780 sugillat
799 1715 885 1774 eum,
910 1693 999 1780 quod
1021 1693 1148 1781 absque

45 1793 193 1875 praesidio
216 1792 340 1876 legatos
356 1793 529 1873 remiserit,
554 1794 599 1856 ita
615 1793 698 1856 utin
716 1791 907 1876 regionibus
921 1791 982 1856 sub
999 1791 1148 1878 ejusdem

45 1891 167 1976 inperio
198 1892 385 1954 constitutis
408 1912 428 1953 a
451 1891 567 1975 piratis
597 1891 685 1974 capti
717 1889 849 1954 fuerint.
896 1889 985 1954 Dein
1014 1901 1149 1976 questus

44 1999 85 2050 est
105 1989 143 2052 de
165 1989 312 2073 Ignatio,
346 1988 435 2074 qnod
458 1987 611 2073 Bulgnris
634 1989 815 2052 antistitem
845 2011 865 2051 a
896 2009 931 2052 se
960 1988 1149 2054 ordinatum

45 2087 161 2151 mittere
191 2087 464 2172 praesumpserit,
496 2096 529 2150 et
553 2085 820 2172 jurisdictionem
844 2083 993 2149 inillam
1017 2088 1148 2171 provin·

44 2184 118 2247 riam
141 2185 361 2269 usurpaverit.
409 2182 485 2264 Qua
515 2182 557 2247 de
580 2205 615 2246 re
639 2185 738 2248 etiam
769 2185 804 2248 in
828 2181 967 2268 epistola
988 2182 1032 2247 ad
1055 2183 1150 2269 lgna·

43 2283 115 2344 tium
143 2280 233 2346 bunc
256 2283 403 2346 severius
428 2289 555 2352 monet,
587 2279 750 2366 simulque
780 2282 810 2344 ei
835 2280 1028 2366 exprobrat,
1060 2282 1150 2368 quod

44 2389 144 2442 contra
167 2399 312 2443 canones
335 2388 368 2443 et
390 2379 494 2464 ipsius
517 2377 653 2443 ultimae
670 2376 796 2462 Synodi
812 2377 980 2442 decretum
1000 2401 1042 2444 ex
1056 2378 1150 2446 laicis

43 2477 102 2538 sine
124 2478 307 2540 interstitiis
332 2476 489 2542 diaconos
513 2475 726 2540 ordinaverit
774 2475 1046 2562 Dispensationes
1070 2480 1151 2563 peti·

42 2583 83 2635 tas
116 2595 194 2638 vero
230 2573 411 2638 concedere
441 2582 572 2637 recusat
600 2573 772 2658 Pontifex,
808 2575 856 2637 uti
887 2595 929 2638 ex
960 2573 1077 2640 litteris
1106 2575 1150 2640 ad

44 2667 190 2736 Racilium
223 2670 397 2756 colligitur.
443 2671 669 2736 Pernicioeum
694 2693 764 2736 esse
795 2671 1048 2753 animadvertit,
1079 2675 1150 2739 eine

41 2770 234 2847 gravissimis
267 2771 401 2834 motivis
440 2767 636 2854 disciplinae
669 2766 853 2834 canonibus
888 2779 987 2856 atque
1020 2773 1150 2836 statutis

43 2863 196 2951 derogare,
221 2867 455 2952 Romanaeque
472 2865 631 2930 ecclesiae
645 2887 770 2930 morem
784 2865 912 2930 levitati
930 2866 1149 2934 Orientalium

42 2965 111 3026 scite
132 2967 281 3052 opponit.
325 2965 424 3028 Porro
448 2964 487 3028 de
511 2964 611 3028 tribue
633 2963 794 3050 capitulis,
819 2962 943 3046 scribit,
967 2986 1062 3052 super
1083 2967 1150 3050 pai·

43 3057 96 3138 lua,
116 3062 269 3148 praefato
279 3059 465 3149 portuloate
485 3084 550 3126 emo
562 3062 672 3148 fratre
695 3073 726 3126 et
740 3064 921 3148 coepiscopo
934 3073 1041 3126 metro
1058 3063 1149 3149 lgna-

43 3157 94 3235 tio,
127 3158 283 3224 diuinitus
308 3170 486 3246 protectum
508 3162 677 3246 Imperium
699 3171 834 3224 vestam
864 3181 923 3224 noe
949 3159 1151 3246 deprecatam

42 3275 95 3317 eree
117 3257 327 3344 dignoscitur,
359 3255 408 3322 eit
425 3281 595 3344 poseamus
627 3255 667 3320 ab
691 3279 724 3322 eo
749 3257 832 3343 peeod
856 3261 928 3345 jans
951 3260 1151 3322 constituam

42 3361 78 3412 ot
98 3353 248 3419 ordinare
271 3356 428 3420 diversum
449 3353 500 3420 vel
522 3357 703 3442 diaponere,
727 3357 863 3420 marimo
886 3355 924 3417 de
948 3355 1059 3418 Pbotii
1080 3380 1149 3420 con·

42 3454 220 3516 aenaeae:
325 3455 391 3517 niei
413 3453 504 3540 forte
536 3475 594 3518 noe
618 3452 804 3538 qrtibuedam
832 3474 872 3514 ere
903 3462 1034 3538 utruque
1054 3463 1150 3538 porte
1199 3531 1203 3540 Ι

42 3545 69 3608 in
92 3552 275 3632 praeteritio
308 3561 419 3616 nottra
450 3552 584 3636 repertio
615 3551 780 3636 contigerit
813 3550 908 3626 scire,
945 3572 1024 3633 quoe
1055 3572 1151 3635 usque

42 3641 89 3704 loe
119 3650 290 3724 mocimus,
324 3645 373 3710 vel
408 3648 526 3712 discere
564 3671 642 3734 quoe
678 3671 760 3712 acac
792 3648 924 3733 penitas
957 3648 1148 3732 iprtorumue.

46 3739 108 3804 Noa
139 3746 220 3808 enim
256 3755 302 3808 est
332 3747 368 3810 in
399 3745 490 3810 nobis
526 3757 589 3824 est,
629 3756 659 3810 et
690 3768 754 3810 noa
787 3754 841 3810 eet.
875 3794 882 3808 .
910 3792 918 3807 .
946 3793 953 3808 .
1001 3743 1050 3808 Ab
1081 3744 1151 3810 illie

42 3841 145 3925 quippe
178 3843 403 3908 sacranesimie
437 3845 629 3922 wastitutis,
669 3866 747 3928 prae
781 3841 830 3906 vel
864 3840 1057 3928 apostolicae
1092 3865 1150 3906 me·

43 3937 147 4002 moriae
169 3939 396 4025 prr-oedeceasor
425 3952 531 4006 notter
555 3964 648 4027 popa
673 3937 829 4004 Nicotaus
859 3950 953 4004 como
981 3938 1151 4004 celabiter

47 4085 239 4103 ‘'Q——

111 4163 127 4234 ι)
144 4165 240 4234 osen,
260 4167 323 4222 con.
344 4167 423 4224 oenc.
443 4167 474 4224 r.
493 4167 571 4224 v11-1.
592 4167 640 4221 001.
661 4169 738 4223 1171.

108 4241 232 4312 antee
251 4247 329 4305 vm
352 4249 429 4305 1173.
592 4247 614 4316 η
633 4246 724 4303 otta
742 4246 819 4302 vm.
841 4249 917 4302 nes,
