3032 4844
442 525 593 582 Concilium
610 527 757 584 Nisuenum
776 528 813 583 11.
1151 523 1186 578 57

161 667 207 731 66.
230 667 268 733 In
293 669 579 758 subsequentibus
604 669 744 737 Consilii
774 670 988 752 sessionibus,
1013 679 1049 732 ut
1072 669 1186 732 Patres

91 765 274 832 ostenderent
288 767 394 832 fidem
411 767 609 833 catholicam
625 769 666 834 dc
681 769 772 834 cultu
785 771 968 854 imaginum
984 765 1185 832 conformem

87 883 141 924 esso
161 861 325 928 doctrinae
351 865 386 932 S.
419 866 611 952 Scripturas
644 877 675 932 et
698 867 911 948 'Proditionis
935 865 1038 932 multa
1062 887 1103 929 ex
1127 863 1185 930 SS.

87 959 197 1024 litteris
218 973 250 1025 et
264 961 428 1030 Patribus
453 963 579 1050 prolata
602 977 679 1030 sunt
701 967 889 1031 testimonia
905 964 949 1028 ad
973 963 1185 1050 comproban-

85 1055 147 1120 dum
174 1059 360 1144 imaginum
392 1061 531 1127 cultum.
577 1062 797 1128 Anathsmatc
822 1061 944 1127 confixi
975 1070 1050 1125 sunt
1073 1061 1185 1126 Icono·

85 1153 193 1238 dmtsc,
222 1166 254 1222 et
286 1162 480 1246 proscripta
505 1161 589 1225 Acta
618 1160 867 1248 pseudosynodi
897 1161 975 1224 anni
1002 1159 1076 1225 754.
1124 1159 1185 1224 Ac·

83 1254 154 1316 tione
168 1253 231 1319 VII
250 1279 312 1320 sex
329 1257 569 1346 praecedentia
585 1257 734 1324 Concilio
757 1258 970 1325 oecumenica
993 1257 1186 1323 confirmata

84 1361 151 1432 sunt,
181 1365 212 1417 et
243 1353 444 1436 definitum,
470 1358 570 1420 sacris
593 1357 795 1442 imaginibus
818 1357 1028 1422 honorariam
1053 1377 1186 1419 venera·

82 1447 193 1532 tionem,
216 1473 283 1517 non
310 1463 429 1519 umen
463 1473 576 1519 veram
599 1454 741 1540 latriam,
765 1477 835 1519 esse
857 1453 1079 1520 tribuendam.
1125 1453 1188 1516 His

83 1547 119 1609 ito
144 1571 173 1612 se
203 1551 406 1630 habentibus,
432 1554 541 1638 inquit
563 1552 731 1638 Synodus,
756 1555 901 1642 repiapue
924 1551 1101 1615 innodantes
1124 1551 1187 1626 oio,

83 1656 104 1706 et
131 1659 283 1733 sequentes
316 1651 475 1714 disin-itus
500 1653 689 1740 inspiratu-m
718 1663 897 1716 sanctorum
914 1661 1047 1738 patrum
1068 1659 1187 1712 nostro-

82 1766 136 1806 mn
156 1749 373 1831 meisterium
396 1773 436 1812 nc
459 1749 628 1815 catholicae
660 1751 864 1814 traditionem
887 1745 1056 1823 Ecclesiae,
1081 1745 1188 1831 defini·

82 1841 177 1905 umis
199 1846 287 1908 ornni
311 1847 504 1912 certitudine
527 1873 564 1912 ac
587 1847 764 1936 dilipentia,
788 1850 867 1912 siem
880 1847 1019 1933 flpmum
1030 1847 1188 1931 pretiosos

84 1961 112 1998 ut
129 1941 261 2024 vivificae
296 1946 417 2026 smmis,
447 1948 495 2010 ito
518 1946 710 2011 venerabiles
734 1971 770 2010 ec
794 1955 920 2010 cunctos
944 1945 1096 2030 imepincs
1113 1963 1188 2030 pro-

81 2039 238 2119 ponendos,
264 2052 335 2106 tem
359 2067 439 2128 pune
464 2043 501 2107 de
524 2043 679 2108 coloribus
712 2055 742 2108 ct
766 2041 907 2122 tessellis,
932 2065 1025 2128 poam
1047 2063 1126 2126 quae
1150 2063 1189 2102 esc

83 2131 138 2196 uiis
162 2141 300 2204 materia
332 2154 538 2228 conqrucnter
568 2143 602 2206 in
633 2145 751 2207 sanctis
773 2143 838 2206 Dei
860 2137 1006 2214 ecclesiis,
1038 2147 1067 2201 at
1090 2138 1189 2202 sacris

84 2233 151 2293 tutis
183 2246 212 2298 et
241 2238 395 2316 vestibus,
429 2250 459 2302 ct
475 2239 657 2326 parietibus
680 2265 717 2306 ac
741 2238 868 2317 tubulis,
891 2237 1033 2304 dormitus
1057 2248 1086 2301 et
1109 2237 1190 2312 ciis,·

83 2337 133 2390 ium
153 2331 299 2399 uidelicet
324 2338 494 2422 imopinem
507 2337 639 2403 Domini
657 2339 721 2402 Dei
743 2350 773 2403 ct
797 2337 975 2404 Salvatoris
998 2337 1102 2399 riustri
1111 2335 1190 2400 Jesn

86 2421 197 2507 sitisti,
220 2456 319 2518 quam
342 2437 548 2500 intemeratos
571 2437 717 2502 dominae
739 2447 865 2500 merrae
892 2444 1019 2498 sanctae
1042 2433 1106 2498 Dei
1131 2431 1190 2496 Ge·

83 2523 189 2592 sistes
210 2531 506 2622 honorabiliumque
531 2535 726 2622 eupolemum,
751 2543 779 2596 et
803 2533 937 2596 omnium
961 2541 1139 2596 sanctorum
1162 2541 1191 2591 et

85 2619 219 2690 dmmm
241 2632 396 2695 virorum.
447 2629 572 2704 Quanto
592 2633 674 2696 enim
684 2631 887 2718 frequentius
904 2653 967 2716 per
989 2625 1191 2714 imapinaiem

78 2715 290 2797 fonctionem
314 2729 472 2807 videntur,
498 2741 585 2794 tanto
609 2732 663 2816 qui
684 2731 740 2793 iiras
768 2724 1018 2814 contemplantur
1051 2725 1192 2788 alacrius

86 2817 228 2902 rimetur
260 2825 309 2889 ad
332 2835 577 2914 prototyporum
608 2828 788 2892 memoriam
818 2838 848 2890 ct
870 2823 1061 2888 desiderium
1096 2833 1125 2885 ct
1148 2819 1192 2886 ad

86 2913 290 2988 *dandonem
318 2934 347 2988 et
369 2923 573 2989 honorariam
590 2925 808 2990 odorationem
830 2923 871 2988 iis
895 2919 1102 2984 exhibendam
1125 2917 1190 3006 (καὶ

88 3009 198 3094 turnus
211 3017 392 3105 ἀσπασμὸν
406 3021 458 3086 καὶ
473 3021 638 3112 τιμητικὴν
652 3019 867 3108 προσκύνησιν
882 3013 1078 3103 ἀπονέμειν.)
1116 3017 1192 3081 Non.

88 3119 174 3178 tumen
204 3119 251 3182 od
273 3141 383 3184 esrem
407 3119 536 3185 istriam
559 3145 638 3208 quoe
666 3118 834 3184 secundnm
852 3117 945 3206 fidem
971 3125 1025 3194 est,
1056 3139 1193 3201 quaeque

89 3205 171 3276 solem
183 3215 326 3281 divinum
351 3229 498 3283 naturam
516 3220 612 3300 decet,
627 3217 883 3306 impertiendam:
898 3216 945 3279 ito
960 3221 994 3276 ut
1017 3215 1096 3296 istis,
1114 3215 1193 3277 siem

81 3303 186 3390 istros
216 3317 382 3402 pretiosae
418 3342 455 3381 ac
479 3317 616 3402 oimjricoe
650 3315 750 3380 oncis
774 3327 803 3379 ct
825 3313 945 3378 senode
968 3311 1139 3397 evaopeIiis
1164 3323 1193 3375 et

91 3401 198 3492 ttiipttt's
222 3416 327 3478 sacris
350 3417 570 3492 monumentis,
584 3413 779 3478 incensorum
796 3409 985 3476 stlnminum
1009 3409 1125 3474 oblatio
1151 3409 1194 3474 ud

90 3497 180 3568 iarum
201 3509 351 3574 donoro-m
375 3509 571 3596 efficiendum
588 3511 781 3588 saelribeatur,
806 3506 1062 3596 quemadmodum
1085 3519 1114 3572 et
1138 3533 1193 3572 an-

92 3597 169 3682 ἳῖφιὶι
177 3609 253 3690 pios
277 3609 515 3673 constectudim's
538 3619 617 3674 erat.
665 3607 817 3694 Imopinis
840 3607 921 3669 enim
943 3605 1042 3670 bonor
1065 3605 1193 3694 adpro-

92 3701 211 3784 tttypsm
225 3707 355 3786 nerssit,
381 3718 410 3770 et
433 3707 487 3792 qui
510 3705 625 3772 odoret
648 3701 863 3794 (προσκύνων)
887 3705 1064 3788 imapinem,
1079 3703 1195 3767 adorat

94 3791 118 3854 is
146 3819 179 3862 ια
200 3801 320 3890 depicti
338 3825 520 3890 personam.
568 3803 621 3868 Sic
644 3804 727 3868 enim
749 3802 845 3866 robur
867 3799 985 3865 obtinet
1017 3811 1192 3864 sanctornm

90 3903 198 3970 pstmm
213 3911 395 3965 nostrorum
418 3899 579 3980 doctrinm
601 3901 701 3966 idest
725 3899 856 3964 traditio
880 3910 1008 3962 sanctae
1024 3897 1194 3962 catholicae

97 3983 241 4147 {atnoe
265 4021 348 4085 quae
374 4021 394 4061 a
408 3999 529 4082 finibus
544 4023 638 4086 usque
664 3997 796 4080 adfines
822 4007 922 4060 terroe
946 3998 1080 4080 suscepit
1104 4017 1195 4060 evan-

95 4104 109 4164 9
132 4087 225 4174 ium.¹)

157 4279 370 4351 *russam
397 4282 448 4336 ιιι
