2904 4834
305 513 428 566 Eventus
447 515 508 579 post
527 509 675 564 Concilium
693 524 747 564 oee.
766 507 843 564 VIII.
891 577 895 584 ,
1074 509 1136 592 119

32 658 85 720 nisi
99 657 290 740 Balgariam
306 654 536 740 relinquant.¹)
574 653 629 716 Ex
644 651 696 716 his
711 651 816 734 rides,
831 652 851 717 J
855 673 1007 732 oannem,
1025 673 1136 737 quarn-

33 757 75 817 ris
96 775 130 817 eo
153 765 302 839 tempore
326 754 471 816 maxime
489 749 690 814 desideraret
711 750 753 814 ab
767 750 968 835 Imperatore
985 749 1136 814 orientali

30 851 141 914 auxilia
173 863 288 915 contra
312 849 513 931 Saracenos,
539 849 618 935 jura
641 857 750 912 tamen
775 846 944 913 Ecclesiae
974 847 1138 934 intrepide

32 949 215 1014 vindicasse.

109 1047 180 1112 110.
206 1046 319 1126 Quum
351 1055 529 1108 auctumno
560 1045 639 1108 anni
671 1044 735 1108 818
758 1043 929 1127 Eugenius
960 1051 992 1107 et
1013 1043 1137 1108 Paulus

30 1143 338 1229 Constantinopolim
351 1145 530 1223 venissent,
544 1142 776 1228 Ignatiumque
792 1153 968 1222 mortuum,
982 1141 1137 1206 Photium

31 1264 95 1306 vero
117 1241 345 1328 patriarchatu
365 1240 557 1324 fungentem
579 1241 779 1318 invenirent,
804 1241 897 1303 initio
922 1241 1038 1303 incerti
1062 1239 1138 1304 hae·

29 1351 139 1422 serunt,
164 1351 198 1403 et
221 1362 241 1403 a
263 1337 374 1404 Photii
399 1339 631 1403 communione
647 1336 886 1401 abstinuerunt.
919 1335 983 1402 Sed
1000 1335 1138 1402 Photius

31 1439 99 1520 ipsis
121 1437 323 1522 persuadere
354 1443 492 1499 conatus
522 1444 572 1498 est
599 1457 641 1498 ex
663 1433 781 1498 litteris
803 1435 943 1499 Joannis
967 1435 1010 1499 ad
1033 1436 1138 1521 Impe-

31 1545 162 1599 ratorem
188 1534 285 1616 datis,
309 1533 463 1597 Pontifici
487 1541 559 1596 rata
582 1533 651 1597 fore
674 1553 758 1617 quae
774 1533 883 1617 quoad
898 1535 1138 1599 succensionem

31 1632 126 1696 Photii
160 1655 182 1696 a
212 1631 336 1696 Basilio
371 1640 503 1716 peracta
539 1640 648 1712 erant3
682 1629 871 1716 legatosque
902 1634 1052 1715 promisit
1078 1631 1140 1696 Ro·

31 1753 105 1793 mam
129 1730 345 1816 profecturos,
371 1731 427 1815 qui
449 1727 622 1792 Pontifiois
645 1727 779 1814 plenum
805 1749 1000 1793 consensum
1015 1730 1141 1794 obtiness

30 1842 100 1892 rent.
146 1828 249 1891 Hisce
281 1826 419 1912 aliisque
452 1826 597 1907 artibus,
639 1825 749 1889 Photii
782 1847 913 1911 quoque
945 1827 1140 1892 muneribus

29 1937 55 1988 et
75 1927 172 1989 minis
196 1923 440 2010 imperialibus,
477 1923 610 1988 demum
634 1945 672 1988 eo
697 1923 830 1988 deducti
855 1935 932 1989 sunt
953 1926 1070 2010 legati,
1104 1935 1142 1989 ut

30 2022 151 2106 publice
176 2021 264 2086 illins
289 2023 554 2086 communionem
579 2020 740 2104 colerent,
774 2023 839 2085 imo
871 2025 970 2087 etiam
995 2023 1140 2088 declara·

29 2133 101 2202 rent,
126 2142 162 2184 se
187 2122 302 2184 missos
327 2141 407 2199 esse,
431 2129 468 2183 ut
491 2119 658 2204 Ignatium
680 2119 828 2182 censuris
842 2118 1031 2204 plecterent,
1056 2119 1140 2184 Pho-

28 2221 102 2282 tium
125 2240 205 2282 vero
230 2217 453 2304 patriarcham
470 2216 722 2302 proclamarent.
761 2215 910 2296 Quodsi
934 2217 1072 2282 alterum
1096 2215 1139 2281 ob

29 2318 190 2399 negotium
204 2315 423 2402 Bulgarorum
447 2335 526 2379 vere
549 2335 693 2379 asserere
716 2323 877 2400 poterant,
902 2316 1040 2380 alterum
1061 2338 1140 2381 sane

29 2413 106 2479 fictio
132 2421 220 2494 erat,
251 2433 351 2499 qnam
376 2413 506 2477 nonnisi
530 2411 710 2498 sophistica
734 2414 968 2499 consequentia
991 2414 1073 2478 forte
1097 2435 1140 2477 ex

25 2509 133 2576 litteris
156 2513 298 2577 Joannis
322 2510 365 2575 ad
379 2509 540 2576 Basilium
565 2509 718 2594 colligere
742 2511 917 2596 potuerint.
956 2510 1139 2576 Monachus

25 2609 153 2692 quidam
179 2609 341 2690 Andreas,
366 2611 423 2695 qui
448 2609 586 2695 seipsis
609 2618 646 2671 ut
667 2608 812 2692 legatum
833 2607 1045 2700 patriarchae
1060 2607 1138 2672 Hie-

26 2706 257 2792 rosolymarum
281 2706 443 2783 exhibuit,
468 2707 536 2770 suis
559 2706 766 2770 sermonibus
790 2707 889 2770 etiam
908 2705 1047 2770 multum
1065 2728 1139 2770 cou-

24 2803 107 2886 tulit,
142 2814 181 2869 ut
209 2804 380 2892 scrupulos
410 2803 527 2888 legatis
554 2805 730 2887 eximeret,
766 2811 800 2867 et
827 2803 870 2867 ad
892 2813 1003 2891 partes
1025 2803 1138 2868 Photii

23 2923 72 2964 eos
100 2901 293 2968 adduceret.
317 2939 361 2950 —
386 2901 548 2982 Quamvis
578 2921 656 2966 vero
690 2900 784 2966 multi
814 2899 925 2966 Photii
956 2903 1137 2966 adversarii

23 2997 78 3063 hae
111 2998 295 3085 legatorum
329 3021 404 3063 cum
427 2998 545 3063 Photio
570 3001 801 3064 communione
832 3021 1010 3086 eorumque
1041 3001 1139 3065 dietis

23 3107 300 3179 permoverentur,
324 3108 361 3160 ut
384 3099 482 3162 etiam
508 3099 571 3183 ipsi
591 3098 663 3183 jam
687 3119 757 3160 sese
781 3099 810 3160 ei
826 3097 970 3182 amplius
994 3117 1058 3162 non
1084 3121 1139 3184 op·

22 3205 194 3278 ponerent,
227 3195 361 3259 fuerunt
391 3205 504 3260 tamen
533 3195 736 3280 complures,
777 3196 833 3280 qui
862 3198 1019 3280 suspicati
1051 3207 1137 3278 sunt,
1184 3264 1192 3282 Ι

23 3292 170 3358 fraudem
195 3292 337 3374 subesse,
361 3292 560 3378 legatosque,
585 3295 634 3356 uti
657 3304 755 3357 antea
778 3291 955 3357 Zacharias
979 3305 1011 3356 et
1031 3293 1138 3358 Rode·

21 3389 128 3472 aldus,
165 3391 336 3455 Pontificis
364 3391 529 3456 mandatis
562 3411 628 3455 non
658 3402 753 3456 stare.
800 3391 890 3455 Hine
913 3391 1065 3473 Photius,
1102 3401 1140 3455 ut

22 3491 152 3552 omnino
167 3489 313 3554 firmaret
327 3491 554 3574 episcopatum
575 3508 681 3568 suum,
705 3488 868 3572 legatione
883 3489 1026 3552 Romam·
1038 3491 1138 3552 missa

19 3585 159 3651 loannis
182 3587 463 3651 confirmationem
488 3586 636 3650 obtinere
659 3588 751 3650 nisus
775 3585 865 3672 est.²)

110 3687 182 3748 111.
209 3683 383 3768 Legationi
400 3683 509 3749 Photii
523 3695 674 3770 praeerat
699 3684 879 3748 Theodorus
899 3683 1139 3748 Saetaburenus
1155 3685 1303 3788 ‘'¹¹⁰2'‘st

23 3785 71 3844 vir
94 3782 152 3847 ille
174 3783 438 3864 versutissimus,
463 3785 519 3870 qui
544 3781 653 3846 Photii
678 3802 811 3846 causam
837 3783 959 3846 Rornae
983 3780 1138 3844 omnibus

20 3879 141 3964 quibus
164 3881 271 3965 potuit
293 3879 420 3944 artibus
449 3882 625 3966 promovit.
672 3879 845 3944 Venerunt
874 3879 973 3964 legati
1005 3877 1051 3943 illi
1076 3878 1138 3942 Ro-

23 3997 108 4041 mam
133 3999 243 4042 mense
268 3977 355 4063 Majo
379 3980 458 4042 anni
484 3978 566 4059 819,
596 4001 636 4042 ac
658 3978 814 4042 Pontifex
842 3975 1029 4041 deliberans
1057 3975 1139 4062 quid

94 4205 115 4270 ¹)
135 4205 182 4273 Ep.
202 4205 251 4272 793
270 4205 360 4261 Labbe
378 4205 426 4261 IX.
446 4209 489 4261 65.

94 4284 117 4357 ¹)
136 4285 167 4340 V.
186 4285 396 4354 Hergenrttther,
417 4285 536 4352 Photius,
554 4285 585 4339 Τ.
605 4285 639 4341 lI.
658 4291 686 4353 μ’
703 4287 755 4342 308
774 4299 829 4352 sqq.
883 4291 889 4304 '

979 4376 1029 4427 27*
