2932 4836
390 502 505 560 Pbots'ns
523 503 786 574 pseudopatriarcha.
1094 507 1150 562 377

53 648 149 712 merito
176 669 230 712 eos
252 645 412 714 iuhihitos
440 647 556 726 faisse,
590 657 627 714 ut
649 651 684 714 in
700 649 865 734 Bulgaria
894 669 988 714 saera
1011 671 1149 716 munera

52 757 228 812 exercerent
265 781 303 795 -
337 745 433 810 Patet
460 745 580 830 igitur,
616 749 829 831 gravissimas
860 747 961 812 luisse
992 748 1148 830 rationes,

51 865 97 906 sur
115 843 315 908 confirmatio
338 865 359 907 a
381 841 584 928 presbyteris
605 843 776 910 Photianis
799 846 834 910 iu
850 843 1006 930 Bulgaria
1030 844 1149 910 collata

52 939 177 1004 invalida
200 939 420 1024 haberetur.¹)

121 1047 276 1128 Quaestio
301 1046 340 1112 dc
357 1047 560 1134 processione
574 1047 716 1136 Spiritus
740 1051 843 1114 sancti
865 1071 906 1114 ex
926 1048 1024 1114 Patre
1048 1047 1147 1114 Filio·

49 1165 107 1228 que,
128 1147 160 1210 in
184 1145 351 1229 theologia
370 1144 558 1228 dogmatica
581 1145 686 1214 fusius
705 1168 764 1232 pro
785 1143 945 1232 dignitate
965 1147 1012 1210 rei
1031 1155 1147 1212 tracta·

47 1252 96 1322 tur,
116 1253 212 1330 atque
235 1242 442 1308 additionem
466 1244 557 1308 vocis
571 1244 717 1328 Filioque
742 1245 775 1308 in
792 1241 950 1328 Symbolo
965 1241 1146 1328 legitimam

47 1338 138 1420 iuius,
161 1339 287 1406 ibidem
309 1339 509 1428 probator.¹)
546 1339 644 1406 Unde
660 1343 888 1408 accusationes
902 1341 1013 1408 Photii
1038 1341 1148 1430 quoad

47 1434 95 1500 hoo
116 1437 283 1504 doctrinae
307 1447 416 1524 capnt,
442 1437 538 1504 modo
562 1434 653 1504 hand
678 1438 903 1506 discutiemus.

118 1562 168 1626 69.
203 1559 394 1628 Celebruvit
424 1559 501 1627 dein
532 1561 670 1626 Photius
703 1585 816 1628 mense
846 1564 996 1650 Augusto
1026 1587 1056 1630 a.
1082 1563 1147 1630 869
1175 1575 1305 1618 uisuntur

46 1655 314 1747 Constantinopoli
338 1659 642 1746 pseudo-synodum
666 1683 770 1727 auam.
819 1659 1035 1751 Congregatis
1057 1658 1147 1726 vide·
1171 1636 1307 1740 ww*

44 1755 106 1822 liost
126 1757 290 1844 episcopis
313 1759 381 1822 suis
405 1779 487 1844 quos
510 1779 679 1824 accersere
702 1760 822 1844 potuit,
853 1757 1061 1847 praesidente
1084 1757 1147 1827 Im·

45 1867 174 1938 peratore
198 1851 363 1920 Michaele
395 1878 434 1920 ac
466 1855 549 1922 forte
582 1857 683 1924 etiam
709 1855 849 1940 Basilio,
884 1867 916 1921 et
947 1855 1148 1943 quibusdam

44 1950 306 2018 homuncionibus
336 1951 478 2018 sordidis
509 1963 542 2018 et
563 1955 717 2042 turpibus
749 1955 843 2042 quasi
872 1954 990 2040 legatis
1012 1955 1148 2042 patriar·

44 2049 165 2116 charum
188 2049 399 2116 orientalium
423 2051 458 2116 in
482 2051 629 2116 medium
653 2050 816 2136 adductis,
835 2051 1003 2140 judicium
1020 2053 1150 2140 peregit

43 2145 75 2210 dc
102 2147 249 2213 Romano
282 2147 462 2229 Pontifice,
498 2158 530 2213 et
568 2151 765 2215 sententiam
797 2151 1150 2218 excommunicationis

42 2253 125 2330 atque
157 2245 336 2312 anathema
369 2247 401 2310 in
427 2245 601 2314 Nicolaum
636 2256 669 2312 et
691 2247 726 2312 in
750 2269 864 2314 omnes
896 2270 973 2312 eum
1001 2269 1038 2312 eo
1063 2268 1148 2312 com·

43 2343 235 2408 manicantes
258 2341 343 2406 serre
366 2365 467 2408 ausus
491 2355 550 2409 est.
596 2343 710 2432 Aliqui
734 2355 894 2428 auctores,
919 2347 966 2410 uti
990 2345 1093 2432 Jager
1116 2353 1151 2410 et

42 2437 200 2522 Wouters,
234 2441 443 2521 existimant,
468 2441 657 2508 'concilium
681 2442 744 2508 hoc
767 2465 883 2509 revera
906 2442 1057 2508 habitum
1081 2465 1148 2508 non

42 2537 134 2620 luisse,
158 2537 219 2602 sed
238 2538 403 2623 synodum
426 2561 466 2605 ac
482 2542 681 2606 sententiam
699 2563 774 2606 cum
796 2541 923 2626 ingenti
938 2540 1147 2627 subscriptio·

41 2657 107 2700 num
135 2657 274 2702 numero
305 2659 327 2700 a
348 2635 467 2702 Photio
497 2659 568 2702 esse
592 2639 759 2704 confictas.
806 2638 963 2705 Attamen
994 2640 1150 2724 quemvis

40 2731 119 2816 plora
151 2737 187 2799 iu
217 2732 280 2798 hac
308 2755 345 2798 re
372 2733 512 2800 obscura
545 2738 629 2816 sint,
665 2736 831 2821 colligitur
861 2737 1076 2802 nihilominus
1105 2757 1148 2800 ex

39 2833 213 2896 estimonio
237 2831 434 2917 scriptorum
458 2831 546 2900 illius
570 2835 704 2916 aetatis,
730 2835 893 2920 synodum
916 2857 1032 2900 revera
1056 2831 1148 2900 habi·

40 2943 94 2994 tam
116 2951 199 3012 esse,
224 2927 283 2994 scd
306 2927 482 3016 multiplici
505 2929 623 2998 fraude
644 2931 803 2998 Photium
823 2942 917 3017 gesta
939 2943 972 2996 et
986 2942 1061 3000 acta
1076 2932 1150 3018 ejus

39 3029 227 3114 corrupisse,
251 3028 396 3094 maxime
420 3027 566 3094 uthans
590 3029 757 3112 synodum
781 3039 940 3116 tanquam
963 3031 1149 3094 oecumeni-

39 3143 101 3189 cum
131 3123 312 3191 conellium
334 3135 606 3210 repraesentaret.
654 3125 918 3194 Conciliabulum
949 3128 1038 3193 istud
1062 3149 1147 3192 com-

39 3233 184 3288 memorat
199 3223 397 3287 Anastasius
412 3222 499 3290 BIbl.
523 3225 557 3290 in
573 3223 783 3290 Praelatione
804 3225 847 3290 ad
864 3223 1047 3290 Concilium
1063 3225 1149 3290 VIII

37 3451 206 3520 lutumst.
245 3451 277 3505 V.
297 3451 389 3508 labbe
407 3451 472 3508 cot.
493 3451 571 3508 Gonc.
592 3451 668 3507 VIII.
691 3455 767 3509 1386.
794 3454 1005 3524 Hergenrtther‚
1025 3453 1149 3522 Photide,

97 3621 117 3682 ‘l
135 3622 199 3676 Etsi
218 3620 310 3676 Photii
335 3619 362 3676 ln
391 3619 553 3676 madelando
581 3621 726 3678 chrhmate
751 3621 892 3690 usurpatio
918 3637 971 3678 nou
995 3621 1148 3680 obstitisset

37 3699 109 3755 mori
134 3701 347 3756 confirmationis
366 3715 426 3756 cnm
445 3701 574 3772 ejusmodi
594 3701 751 3768 chrismate,
778 3702 839 3757 iude
864 3709 955 3758 tamen
974 3702 1148 3758 vehementer

36 3779 203 3836 uerebantur
220 3779 372 3850 presbyteri
392 3780 486 3848 latini,
515 3785 547 3836 ut
566 3781 730 3837 obsisterent
748 3781 943 3837 confirmationi
969 3782 1146 3840 aPhotienis

37 3858 238 3916 mmmmm
277 3860 402 3915 Admisso
420 3861 492 3915 euim
510 3859 560 3915 hoc
578 3861 735 3927 chrismate,
754 3863 797 3917 uti
815 3861 945 3928 dixlmus‚
969 3861 1043 3918 illius
1061 3864 1148 3932 patri-

36 3939 156 3996 neat·-
175 3941 342 4011 dignitatsm
360 3941 413 3996 visi
433 3941 550 3996 tuissent
568 3955 722 4011 agnoscere.
754 3942 836 3997 Ratio
853 3949 944 3998 entem
957 3945 1147 4012 peremptoria,

36 4034 75 4072 em
90 4021 212 4076 invalida
229 4027 302 4076 esset
320 4020 515 4076 Photianorum
533 4021 715 4087 confirmatio,
740 4029 812 4077 certe
831 4020 946 4078 hahetur
964 4023 992 4078 iu
1011 4039 1045 4078 ea
1062 4026 1148 4080 iuter·

36 4095 139 4156 deusne
157 4101 331 4158 motionum
348 4099 563 4166 sacerdotalium,
581 4101 615 4155 ds
633 4115 687 4168 qua
705 4101 800 4157 ultimo
820 4103 876 4157 loco
894 4101 1007 4170 egimus.

97 4189 118 4253 ¹)
136 4190 194 4246 etr.
219 4195 368 4246 motatum
392 4195 476 4244 nostr.
495 4189 537 4244 De
556 4189 612 4244 Deo
630 4190 717 4256 trino,
743 4190 807 4259 esp.
824 4191 863 4246 ΙΙ.
882 4193 942 4246 Art.
961 4191 1011 4256 Π.,
1035 4197 1064 4245 st
1085 4191 1148 4247 υἱε-

34 4275 118 4324 aetat.
136 4270 166 4325 iu
184 4269 248 4327 hist.
268 4267 359 4325 eccles.
378 4267 409 4324 Τ.
429 4267 467 4326 II.
485 4285 511 4338 p.
531 4268 583 4324 113
601 4283 658 4336 sqq.
