3002 4836
298 466 337 522 60
658 468 698 522 De
716 467 821 522 haeresi
838 467 1072 522 Ieonoelastarum.

300 620 335 675 et
353 613 458 675 trium
482 631 645 676 annornm
669 610 828 676 adversus
850 611 1016 694 synodum
1041 617 1264 675 trecentorum
1287 611 1442 694 triginta

299 717 375 772 octo
399 710 639 796 episcoporum,
663 719 696 773 et
710 717 823 773 contra
840 708 1044 794 imperialem
1069 717 1317 795 praepotentem
1343 709 1440 782 vim,

302 807 366 870 nisi
390 808 425 870 in
457 807 596 872 decretis
629 829 647 871 a
671 807 829 871 Romanis
852 805 1071 871 Pontificibus
1094 808 1255 870 emanatis
1278 826 1339 892 per
1362 803 1440 868 hor·

298 913 442 990 tempus,
467 903 592 990 absque
614 904 831 970 haesitatione
855 904 1087 969 et·formidine
1111 903 1370 969 ineluctabiliter
1396 915 1443 966 et

302 1001 564 1066 irrevocabiliter
586 1005 795 1089 acquiescere
817 1005 1010 1088 potuissent.
1059 1001 1295 1088 Quoscumque
1319 1001 1439 1064 detor-

299 1109 352 1162 tas
381 1101 554 1164 evasiones
587 1111 620 1164 et
650 1122 789 1166 arcanas
822 1098 1110 1165 distinctiunculas
1144 1099 1347 1164 meditentur
1370 1098 1439 1162 ad·

258 1197 261 1204 ’
302 1198 450 1278 versarii,
474 1218 646 1283 nunquam
669 1199 814 1283 effugere
835 1207 990 1284 poterunt
1005 1223 1025 1262 a
1049 1199 1083 1262 vi
1108 1197 1226 1262 harum
1250 1217 1436 1281 argumen-

300 1295 481 1376 tationum,
514 1317 596 1381 quas
626 1295 715 1381 apud
740 1295 939 1361 orthodoxos
971 1305 1004 1360 et
1027 1305 1175 1361 sensatos
1197 1295 1287 1359 viros
1311 1315 1436 1379 quam-

302 1389 379 1455 dam
402 1391 589 1458 evidentiae
612 1393 721 1458 lucem
737 1415 864 1480 praese
880 1395 965 1458 ferre
982 1413 1079 1458 nemo
1103 1393 1244 1458 inliciari
1269 1394 1434 1477 poterit.“

298 1487 339 1554 L.
365 1511 393 1554 e.

821 1755 901 1821 1v.

314 1901 317 1908 ’
369 1877 440 1941 De
463 1878 707 1944 ementitae
723 1883 832 1960 poet
854 1878 1122 1944 Gomotltmm
1145 1891 1357 1940 oecume-

633 1995 797 2060 nicum
818 1995 1087 2094 septimam.

393 2123 444 2189 71.
468 2123 547 2190 Post
563 2123 750 2194 Concilium
771 2133 944 2214 peractum
967 2123 1067 2210 legati
1091 2123 1231 2188 Romani
1249 2121 1435 2187 Pontificis

300 2221 388 2286 Aeta
412 2219 552 2288 Concilii
577 2223 620 2290 ad
635 2221 845 2288 Hadrianum
870 2221 1059 2288 detulerunt
1082 2243 1156 2284 cum
1180 2219 1298 2284 litteris
1313 2219 1430 2308 Impe-

300 2329 456 2385 ratorum.
503 2319 644 2408 Scripsit
665 2321 764 2386 etiam
789 2321 946 2386 Tarasius
970 2319 1143 2406 epistolam
1166 2317 1209 2382 ad
1224 2317 1431 2383 Pontificem

300 2419 335 2483 in
360 2441 425 2506 que
449 2420 479 2483 ei
503 2430 625 2498 narret,
651 2418 814 2505 quomodo
838 2420 950 2483 omnia
974 2417 1158 2482 secundum
1181 2438 1328 2502 eaquae
1356 2417 1429 2481 Ha-

301 2515 438 2581 drianus
462 2519 496 2584 in
520 2519 589 2584 suis
611 2517 728 2582 litteris
752 2516 963 2604 praefinierat
986 2515 1132 2603 perfecta
1156 2515 1232 2592 sint,
1256 2524 1288 2578 et
1312 2513 1430 2579 cultus

136 2603 290 2708 '22⁸3qu
300 2635 469 2680 sacrarum
502 2617 686 2700 imaginum
717 2617 759 2680 eit
788 2614 968 2680 restitutus.
1031 2613 1143 2677 Vestra
1173 2635 1260 2698 erpo,
1293 2611 1428 2688 scribit,

291 2713 447 2798 fraterna
470 2723 500 2777 et
523 2736 638 2778 mmmo
665 2713 831 2800 pontificio
864 2713 1015 2778 decorata
1038 2712 1193 2776 sanctitas
1217 2759 1224 2776 .
1250 2759 1257 2773 .
1283 2758 1290 2774 .
1316 2711 1428 2796 opino-

299 2832 353 2874 oas
375 2809 487 2876 herbas
510 2833 588 2898 qaae
612 2834 694 2875 nanc
722 2812 983 2897 perminaoerunt,
1002 2807 1260 2896 fidelissimorum
1283 2817 1312 2870 et
1329 2810 1428 2894 paci-

289 2907 426 2990 ficorum
447 2909 681 2996 Imperatorem
708 2909 836 2974 veritali
865 2907 1069 2985 concordant,
1102 2904 1231 2970 euellere
1254 2905 1430 2969 machaera

299 3006 433 3091 spiritua
448 3007 630 3093 festinavit,
654 3009 779 3072 mittens
799 3005 966 3070 sectandum
988 3007 1139 3092 scriptam
1157 3003 1343 3090 petitionem
1368 3026 1427 3067 no·

297 3113 408 3188 otram,
434 3104 478 3169 ad
508 3103 718 3170 universalem
742 3103 902 3194 Synodmn
917 3103 1107 3190 faciendam
1131 3101 1313 3186 aequivocos
1336 3101 1428 3164 viros

293 3201 457 3288 principis
480 3201 695 3289 apostoloram
718 3203 813 3266 Petri.
839 3251 846 3266 .
871 3251 879 3266 .
904 3203 948 3266 Et
969 3224 1062 3287 qaam
1081 3196 1250 3288 praelatae
1271 3198 1428 3288 primitas

297 3309 421 3362 vmtrae
428 3299 599 3386 fraternae
614 3301 793 3364 sanctitatis
804 3299 930 3364 litterae
940 3297 1126 3387 leperentar‚
1134 3293 1427 3384 praestolabantur

299 3418 405 3460 omnes
430 3397 652 3486 spiritualibus
675 3398 791 3463 eduliis
814 3409 965 3483 tanquam
987 3399 1022 3462 ia
1044 3395 1202 3482 repalilras
1226 3394 1330 3458 coenis
1344 3394 1424 3480 fra·

298 3505 397 3574 entes,
427 3518 506 3582 qnae
534 3495 674 3564 Christus
689 3521 753 3584 per
781 3497 904 3564 litterae
927 3509 999 3564 tuas
1022 3499 1223 3586 epulantibus
1239 3519 1422 3585 praepara·

298 3593 372 3674 dat,·
409 3605 438 3657 et
461 3596 541 3658 aiere
563 3591 671 3660 oealm
701 3606 796 3660 totam
826 3619 939 3682 eorpus
966 3596 1010 3661 ad
1031 3593 1231 3664 rectitudinis
1255 3605 1285 3658 et
1307 3601 1425 3664 uerita-

299 3692 341 3754 tis
366 3692 507 3756 semitam
530 3693 723 3758 ostendebat.
772 3693 824 3758 stc
852 3717 923 3781 erpo
954 3694 1086 3781 direpta
1108 3697 1245 3780 membra
1268 3696 1303 3760 in
1326 3719 1425 3762 anum

297 3789 542 3872 conveniebant,·
570 3793 614 3856 aie
637 3815 712 3856 vera
735 3793 943 3858 consonantia
970 3792 1228 3876 conflmnabatnr5
1251 3796 1294 3858 eia
1318 3797 1424 3860 catlto-

298 3886 365 3950 lico
388 3887 532 3952 Ecclesia
555 3891 708 3954 unitatem
730 3891 911 3976 recipiebat.
938 3939 974 3956 ..
1000 3890 1062 3954 Hie
1085 3894 1191 3977 itaque
1213 3893 1308 3978 pestis
1325 3915 1423 3977 prae·

297 3984 470 4050 dicabatur
493 4010 514 4050 a
535 3985 627 4051 nodis
650 3989 802 4068 omnibns,
822 3991 876 4074 qai
892 3987 1085 4074 beneplacito
1111 3989 1218 4054 divino
1243 3992 1426 4076 conprepati

297 4107 436 4162 eremas,
453 4095 540 4150 reeta
554 4095 583 4150 et
604 4086 892 4174 irreprehensibilis
915 4087 1070 4174 confessio
1078 4085 1111 4172 ¹).
1130 4124 1172 4134 -
1189 4087 1303 4167 Quum
1320 4089 1423 4172 igitur

378 4243 397 4309 ¹)
417 4239 569 4310 emanat.
577 4245 683 4301 Tarasii
693 4243 860 4301 daHndrien.
871 4243 937 4300 Ooll.
945 4243 1024 4299 Cone.
1036 4243 1155 4300 labbaei
1165 4244 1240 4300 'Pom
1250 4243 1310 4302 Vll
1320 4259 1348 4315 p.
1358 4245 1421 4304 683.
