3054 4834
444 480 585 534 vindiciae
604 483 628 533 S.
650 479 775 546 (tregorti
798 477 857 530 tn.
1181 483 1233 536 35st

103 619 202 694 lasse,
229 633 265 686 ut
282 625 420 708 juraret,
451 647 484 687 se
509 624 611 687 verba
636 646 701 688 non
727 646 786 686 sua
811 625 1080 708 interpretatione
1106 625 1162 689 sod
1188 650 1233 689 sc·

106 722 256 786 cundum
281 743 393 786 eorum
418 743 550 786 sensum
575 722 735 805 accipere.
784 721 847 782 Hic
880 722 964 796 mihi,
1000 722 1115 786 scribit
1145 724 1233 806 dein,

112 820 345 905 Omnipotentis
374 819 592 883 misericordia
622 842 684 882 ¹non
709 818 822 903 defuit.
871 819 1036 904 Respondi
1063 824 1155 900 enim,
1188 847 1234 884 nse
1254 846 1305 896 rua
1321 845 1390 888 atu.

106 918 154 981 ad
186 940 291 981 eoram
318 917 509 981 intellectum
539 941 638 980 meam
678 939 738 978 nou
773 915 936 993 deducere,
981 942 1017 980 ea
1049 943 1128 1003 quac
1163 933 1234 982 ante

100 1039 227 1102 paucos
250 1017 317 1079 {lies
342 1038 456 1078 mecum
479 1016 553 1078 inde
572 1038 665 1100 papa
689 1026 795 1099 efferat
818 1014 889 1076 sola
913 1025 1014 1077 tenere
1024 1039 1035 1093 ;
1067 1017 1113 1078 ito
1136 1017 1234 1081 incla-

104 1117 245 1178 matione
277 1137 383 1177 comem
413 1136 595 1200 suppressa,
628 1109 735 1175 seseli-us
766 1111 844 1195 qaid
875 1135 989 1174 mecam
1010 1137 1102 1200 papa
1124 1117 1236 1200 coisset

104 1214 323 1297 inter-royacit.
373 1213 450 1275 Non
474 1233 542 1296 eqo,
578 1233 753 1296 vicepapa
777 1211 940 1294 anesseim
976 1210 1031 1273 sed
1054 1221 1089 1273 ut
1111 1213 1236 1276 'cicietur

104 1333 171 1373 non
188 1312 301 1394 (nunc)
319 1309 405 1373 locus
428 1321 473 1371 est
497 1309 685 1395 seponendi.
711 1345 753 1354 -
777 1307 898 1370 Narrat
921 1307 1042 1371 deinde
1067 1331 1150 1394 quae
1170 1312 1233 1395 ipsi

104 1407 206 1492 paulo
231 1418 307 1471 ante
332 1406 511 1490 Gregorius
537 1407 600 1470 Vil
627 1405 767 1474 dixerit:
801 1417 900 1490 atque
926 1405 1008 1469 haec
1033 1419 1127 1492 urget
1150 1409 1233 1473 Mos-

104 1508 246 1582 hemins‚
273 1517 309 1569 ut
324 1506 477 1569 ostendat
490 1505 684 1568 Pontificem
710 1504 832 1567 favisse
858 1504 1017 1567 doctrinis
1030 1504 1233 1590 Berengarii.

103 1645 150 1653 —
188 1605 269 1667 Ante
291 1627 411 1690 paucos
434 1605 503 1667 dies
528 1606 626 1666 accito
651 1603 695 1665 ad
718 1628 749 1666 se
775 1603 858 1681 mihi,
895 1601 1043 1666 audiente
1068 1604 1235 1668 Portucnsi

104 1706 272 1789 episcopo,
307 1705 356 1766 ita
382 1727 477 1789 papa
508 1712 707 1764 narraverat.
761 1701 827 1785 qu
854 1701 955 1786 plane
988 1711 1015 1762 tc
1051 1701 1089 1764 de
1117 1699 1235 1766 Christi

102 1802 261 1884 sacrificio
285 1802 454 1865 secundum
470 1801 654 1885 Scripturas
679 1797 752 1861 bene
766 1801 881 1861 sentire
906 1821 967 1860 reon
985 1797 1104 1874 dubito,
1130 1811 1234 1864 tamen

101 1901 183 1984 qaia
207 1900 442 1962 consuetudinis
465 1900 540 1960 mihi
564 1910 620 1976 est,
652 1897 695 1960 ad
717 1897 755 1960 B.
783 1897 924 1959 Mariam
952 1896 988 1958 de
1013 1898 1163 1983 lusanae
1188 1921 1233 1962 mc

101 2008 228 2060 movent
249 2019 419 2072 renarrem,
444 2007 516 2058 rente
541 1996 663 2079 aliquot
686 1994 754 2058 dies
777 1997 915 2080 imposui
938 1993 1084 2078 religioso
1107 1998 1234 2060 cuidam

101 2095 207 2157 amico
232 2105 262 2157 et
276 2095 448 2179 familiari
470 2117 534 2157 'meo
552 2095 689 2182 jejuniis
717 2103 746 2154 et
770 2092 968 2154 orationihus
991 2115 1120 2177 operans
1143 2095 1232 2174 clare,

102 2203 200 2277 atque
224 2194 272 2255 ita
295 2216 315 2255 a
329 2193 368 2256 Β.
385 2195 496 2256 Maria
520 2193 668 2272 obtinere,
692 2201 727 2253 ut
747 2213 807 2276 per
830 2213 898 2252 ettm-
922 2191 997 2253 mihi
1018 2213 1082 2254 non
1107 2204 1232 2272 taceret,

102 2289 164 2352 secl
195 2290 297 2352 cerdis
329 2291 572 2368 commendaret,
608 2313 755 2374 quorsum
783 2312 828 2350 nse
863 2287 900 2350 cle
931 2291 1054 2374 neyctio
1085 2291 1169 2375 qaod
1199 2293 1232 2355 in

102 2387 252 2451 nsanihus
275 2389 422 2451 habebam
449 2389 487 2451 de
510 2387 631 2453 Christi
653 2387 807 2470 sacrificio
831 2387 1011 2471 reciperem,
1035 2388 1070 2450 in
1094 2412 1153 2472 qao
1177 2391 1232 2452 im·

101 2497 208 2548 motas
227 2489 437 2572 persisterem.
468 2487 649 2570 Reliqiosus
672 2488 721 2547 uir
736 2495 765 2546 et
789 2485 863 2547 mihi
877 2483 1062 2568 familiaris
1079 2489 1233 2570 petitioni

102 2607 192 2646 meae
216 2585 401 2669 satisfacere
433 2583 540 2646 'caluit
592 2585 664 2646 l'ost
687 2584 887 2646 constitutam
923 2585 1071 2666 ternporis
1094 2587 1232 2668 spatium

102 2703 126 2742 a
140 2681 177 2743 B.
193 2682 302 2744 hieria
326 2681 450 2745 audiuit
473 2693 502 2744 et
518 2681 562 2744 acl
587 2704 631 2744 me
647 2681 766 2758 retulit,
791 2680 872 2742 nihil
888 2680 926 2741 tle
943 2681 1097 2763 sacrificio
1115 2680 1233 2746 Christi

99 2778 316 2862 aequandum,
346 2778 426 2842 nihil
450 2801 515 2842 esse
540 2780 715 2856 terrendum,
740 2780 805 2841 nisi
828 2777 911 2862 qaod
933 2777 1081 2841 haherent
1104 2781 1231 2843 autima-

102 2879 187 2940 mene
213 2876 409 2962 Scripturas,
442 2888 553 2940 contra
576 2902 654 2961 assas
677 2877 889 2960 Barcaeus-ius
919 2877 1000 2940 nihil
1022 2875 1163 2942 habehat.
1189 2917 1231 2926 —

100 2975 157 3038 Ita
173 2977 316 3038 erraticis
330 2998 513 3040 eonsensum
538 2999 645 3054 mcum,
670 3001 707 3038 ne
731 2974 900 3037 secundam
924 2977 1104 3061 opinionem
1126 2998 1228 3039 eorum

97 3072 189 3158 quod
211 3070 346 3158 leyeram
369 3075 608 3159 interpretarer,
633 3075 755 3157 neyaui.
790 3111 833 3118 -
864 3073 952 3136 Dein
979 3095 1056 3136 vero
1088 3088 1229 3147 enarrem,

99 3193 138 3234 se
171 3193 235 3234 non
266 3193 309 3234 ex
343 3171 451 3253 corde,
492 3171 549 3234 sed
583 3182 672 3235 metu
701 3181 902 3235 commotum
938 3170 1119 3256 professum
1148 3195 1228 3254 esse,

98 3270 196 3354 prius
228 3291 262 3332 sc
293 3291 435 3350 errassc3
472 3280 571 3355 atque
598 3269 697 3355 hujus
721 3269 921 3332 infirmitatis
956 3280 987 3332 et
1011 3269 1229 3335 simulationis

97 3367 238 3430 veniant
262 3391 282 3432 a
306 3369 378 3432 Deo
403 3366 557 3452 implorat
571 3367 606 3452 ¹).

196 3519 268 3583 151.
317 3518 569 3583 Advertendum
595 3529 658 3598 cst,
692 3517 775 3581 haec
799 3517 892 3581 senili
918 3517 1061 3602 quadam
1086 3517 1228 3605 loquaci-

96 3627 171 3679 tate
195 3617 321 3680 narrari
345 3639 365 3680 a
380 3617 582 3701 Berengario
600 3617 820 3700 octogenario,
845 3625 882 3678 ut
897 3617 1114 3702 pertinaciam
1134 3638 1227 3680 suain

98 3715 138 3778 in
165 3716 335 3778 sententiis
360 3717 427 3778 sais
452 3714 648 3792 vindicaret,
675 3726 707 3776 et
724 3713 921 3799 Gregorium
947 3715 1080 3776 cessisse
1098 3723 1226 3776 tantum

97 3811 370 3876 adversariorum
402 3834 535 3876 snorum
569 3812 798 3876 vehementiae
830 3811 1025 3876 ostenderet.
1080 3809 1113 3875 Si
1144 3811 1225 3875 haec

95 3909 145 3974 ad
176 3911 305 3974 critices
340 3931 490 3974 normam
528 3911 771 3996 expenduntur,
808 3933 848 3972 ex
880 3911 919 3972 iis
952 3919 1080 3972 tanturn
1117 3909 1225 3990 colligi

102 4081 314 4089 --———·-—-—

164 4184 200 4317 ⁰¹}
227 4185 296 4236 Acta
320 4183 431 4237 concilii
457 4183 583 4246 Rotnani,
621 4201 663 4251 ap.
689 4185 824 4237 tlartcne.
860 4183 937 4236 Thes.
967 4184 1088 4238 arrecdot.
1122 4184 1152 4238 T.
1178 4183 1225 4239 IV.

95 4265 161 4332 ol
218 4279 274 4330 roa·

1255 1891 1262 1914 Ι
