2932 4836
322 541 374 593 292
475 537 549 592 XVI.
586 536 690 592 Causae
709 535 824 592 celebres
843 541 872 591 et
889 535 1044 591 Decretales
1062 535 1284 591 Pseudo-Isidori

322 683 479 746 Nicaenis
513 649 580 745 non
615 679 742 746 haberi.
789 679 856 746 Sed
891 679 1054 766 ejusmodi
1090 678 1343 744 reclamationes
1375 701 1427 744 nou

323 779 554 865 impedierunt,
579 779 755 865 quominus
772 775 978 842 Coelestinns
991 777 1148 843 Pontifex
1170 778 1291 842 iterum
1312 776 1460 882 Apiarii

322 877 578 964 appellationem
602 877 783 962 susciperet
815 884 847 940 et
870 885 1026 940 tueretur.
1072 873 1231 960 Apiarius
1253 884 1365 942 tamen
1386 897 1429 960 pe-

323 987 442 1040 stremo
475 997 505 1039 a.
529 975 637 1038 424
629 997 664 1040 ιιι
696 973 822 1058 syuodo
856 971 1032 1055 Africana,
1065 972 1296 1058 praesentibus
1327 972 1460 1058 legatis

322 1072 508 1153 Pontifieis,
541 1073 718 1136 criminum
742 1093 777 1135 se
800 1070 965 1156 professas
989 1079 1170 1151 ostreum,
1204 1069 1460 1158 adeoqueuen

323 1173 430 1258 potuit
451 1171 591 1235 restitui.
637 1169 688 1234 Ea
718 1170 891 1233 occasione
919 1166 962 1233 ad
986 1120 1210 1234 Coelestimim
1241 1168 1367 1234 litteras
1388 1167 1429 1232 de·
1459 1151 1460 1230 l

324 1270 445 1334 derunt
473 1266 640 1354 praesules
667 1265 819 1332 Africani
849 1267 1008 1349 acriores,
1040 1265 1176 1351 quibus,
1208 1289 1311 1353 quum
1336 1265 1431 1332 Sardi·
1459 1241 1460 1338 l

323 1389 437 1432 censes
461 1387 603 1430 canones
627 1386 694 1429 non
717 1365 897 1447 novissent,
921 1362 1017 1450 plura
1041 1365 1140 1429 etiam
1165 1373 1280 1428 eontra
1301 1361 1429 1450 appelle

321 1467 429 1529 tiones
452 1465 681 1550 episcoporum
705 1471 741 1526 ut
764 1483 882 1548 parum
906 1471 1107 1548 opportunas
1131 1471 1313 1548 opponunt.
1354 1461 1431 1526 Atte-

323 1583 400 1626 men
418 1561 488 1648 juri
512 1583 571 1625 suo
593 1560 771 1624 Pontifices
795 1581 966 1645 nunquam
990 1559 1198 1647 cesserunt.¹)

414 1685 466 1751 83.
499 1685 553 1749 Ex
577 1684 628 1750 his
652 1683 834 1770 colligitur,
869 1704 1012 1749 canones
1035 1681 1250 1748 Sardieenaes
1273 1685 1307 1749 iu
1328 1683 1432 1748 Africa

274 1780 280 1792 '
324 1787 471 1869 ignotos,
503 1805 570 1847 non
594 1784 801 1847 constituisse
825 1780 1065 1846 immutabilem
1094 1781 1275 1868 quamdam
1302 1781 1431 1868 appelle·

323 1885 451 1947 tionum
475 1880 637 1966 regulam,
662 1902 723 1944 uec
746 1879 925 1944 Pontifices
948 1879 1120 1945 admisisse
1139 1880 1196 1966 jus
1219 1880 1283 1945 sibi
1308 1881 1432 1944 insitum

324 1979 581 2066 appellationum
607 1979 677 2042 istis
701 1975 885 2042 canonibus
908 1976 953 2042 ad
976 1976 1061 2042 solos
1086 1979 1258 2064 episcopos
1279 1978 1435 2062 restringi.

325 2077 441 2142 Canon
472 2086 582 2142 autem
607 2075 786 2140 Africanus
809 2074 1011 2161 presbyteris
1041 2076 1280 2140 transmarinas
1303 2075 1433 2162 appelle·

323 2176 430 2240 tiones
454 2173 642 2261 prohibens,
670 2195 746 2236 euru
770 2172 905 2259 reliquis
928 2175 1060 2237 statutis
1082 2172 1241 2238 eeclesiae
1265 2171 1434 2238 Africanae

323 2298 343 2338 a
375 2274 539 2358 Dionysio
571 2270 707 2358 quidem
740 2273 774 2335 in
806 2267 1041 2336 Collectienem
1074 2293 1168 2335 suam
1200 2281 1352 2358 receptus
1383 2281 1432 2348 est

323 2373 388 2436 irno
429 2372 528 2434 etiarn
565 2368 701 2457 epistola
736 2368 925 2455 praesulum
961 2368 1095 2433 Africae
1130 2369 1175 2434 ad
1209 2367 1433 2434 Coelestinum.

324 2468 388 2534 Sed
413 2490 515 2554 quum
539 2491 559 2532 a
579 2468 737 2532 Romanis
753 2466 971 2532 Pontificibus
995 2467 1182 2532 nullatenus
1206 2467 1324 2532 horum
1347 2465 1432 2532 docu-

323 2577 508 2631 mentorum
531 2565 626 2630 valor
651 2565 816 2651 juridicus
840 2565 1084 2645 admitteretur,
1119 2565 1172 2628 vel
1204 2587 1246 2628 ex
1270 2565 1333 2629 boe
1355 2565 1432 2630 facto

322 2675 422 2750 patet,
447 2687 514 2728 nen
539 2665 651 2728 omnia
674 2685 759 2749 quae
783 2664 817 2728 in
834 2661 957 2727 Codice
971 2663 1179 2748 Dionysiana
1204 2673 1237 2726 et
1251 2663 1432 2728 Hadrianou

323 2761 596 2839 inveniebantur,
630 2761 714 2825 fixas
746 2771 779 2824 et
809 2759 1031 2825 immutabiles
1054 2760 1185 2846 regulas
1217 2761 1320 2825 fuisse
1347 2761 1432 2846 juris.

322 2861 433 2947 Atque
466 2861 629 2924 immerito
665 2857 763 2944 plane
796 2859 998 2922 Hiucmarus
1021 2857 1217 2923 Rhemensis
1250 2861 1285 2922 in
1319 2869 1433 2924 conno-

325 2961 432 3024 versia
456 2980 532 3022 oum
556 2957 691 3023 Nicolao
717 2979 878 3021 canonem
899 2957 1096 3021 Africanum
1121 2958 1210 3037 citat,
1235 2966 1272 3020 ut
1296 2957 1372 3022 inde
1393 2958 1433 3020 iu-

323 3057 415 3140 ierat,
441 3079 556 3121 causas
577 3054 855 3142 presbyterorum·
870 3054 912 3119 ab
937 3057 1100 3141 episcopis
1116 3076 1186 3118 ease
1208 3055 1435 3120 terminandas.

413 3172 465 3236 84.
499 3171 652 3256 Longum
685 3181 770 3234 esset
802 3169 973 3253 evolvere,
1010 3171 1173 3256 quomedo
1207 3170 1433 3258 subsequentes

322 3267 500 3333 Pontifices
524 3269 771 3334 vindicaverint
793 3269 1066 3354 exercuerintque
1085 3268 1351 3354 jurisdictionem
1372 3269 1432 3332 uui-

323 3421 364 3429 -—
385 3423 468 3428 ---..
478 3423 535 3428 -—.

397 3507 417 3576 ¹)
436 3507 506 3561 Dum
532 3505 619 3560 adhuc
645 3506 829 3561 controversia
858 3511 1000 3574 ageretur,
1035 3521 1066 3560 eo
1094 3507 1163 3574 quod
1190 3509 1219 3562 in
1248 3507 1432 3579 exemplantur

322 3585 448 3642 Nicaenis
473 3601 506 3640 ex
531 3585 642 3641 Oriente
667 3587 695 3640 in
720 3585 840 3641 Africam
865 3587 1032 3642 transmissis
1055 3603 1168 3642 meones
1194 3589 1364 3646 Sardiceuses
1386 3603 1431 3642 nou

323 3666 525 3730 invenirentur,
551 3665 659 3720 videtur
678 3665 790 3721 Romam
809 3665 1017 3735 appellationem
1043 3667 1173 3722 direxisse
1193 3669 1329 3726 Antonius
1348 3671 1430 3724 mssa·

322 3746 404 3801 tensis
423 3745 569 3815 episeopus,
589 3745 634 3814 qui
654 3745 686 3799 eb
706 3746 798 3801 varias
817 3745 1001 3801 accusationes
1019 3747 1047 3801 in
1067 3747 1160 3802 ordine
1178 3749 1287 3816 quidem
1299 3748 1432 3820 episcoruli

323 3831 455 3891 servatus,
473 3827 520 3881 sed
539 3825 774 3881 administratione
793 3825 920 3882 dioecesis
939 3827 1100 3882 interdictus
1119 3827 1218 3884 fuerat
1255 3829 1355 3884 Exstat
1370 3828 1431 3884 side

323 3905 387 3960 ticet
403 3906 460 3986 ,bae
484 3905 513 3960 in
538 3921 620 3961 eausa
644 3906 760 3975 epistola
784 3908 859 3974 (209)
883 3924 903 3962 s.
931 3907 1093 3977 Augustini,
1121 3924 1145 3962 a.
1164 3911 1231 3976 423,
1259 3911 1303 3965 uti
1327 3911 1431 3965 ridetur.

323 3987 430 4054 erupta,
450 4001 503 4052 qua
522 3987 578 4055 ipse
596 4003 614 4041 s.
632 3985 783 4042 Caelestino
802 3988 943 4056 supplicat,
963 4004 997 4042 ne
1016 3988 1084 4043 velit
1101 3988 1130 4042 in
1147 3987 1268 4044 favorem
1282 3987 1431 4060 appellantis
1459 3987 1460 4064 t

323 4065 487 4120 senteutiam
511 4066 668 4134 immutare,
697 4083 727 4122 eo
753 4067 796 4120 vel
821 4067 923 4136 magis.
951 4067 1021 4136 qnod
1048 4085 1097 4123 rua
1115 4069 1298 4136 imprudentia
1323 4071 1431 4126 famur
1459 4075 1460 4136 l

324 4145 495 4213 Augustinus
514 4147 643 4212 evenisse,
662 4154 694 4201 ut
713 4147 826 4215 indiguo
839 4147 958 4201 Antonio
976 4148 1145 4216 episcopatus
1162 4149 1336 4207 conferretur.
1366 4149 1428 4204 Nihil
1459 4187 1460 4202 ι

324 4225 351 4279 in
369 4225 420 4278 hac
438 4224 552 4292 epistola
566 4227 736 4296 Augustinus
755 4225 837 4281 babet
853 4234 946 4282 eontra
962 4228 1007 4296 jus
1020 4229 1231 4297 appellationum
1246 4231 1280 4286 ad
1292 4233 1428 4287 Romanurn
1459 4227 1460 4298 1

323 4305 490 4362 Pontificem.
