3054 4834
347 501 398 552 :ies
582 501 654 554 XXI.
675 501 715 553 lie
734 501 759 554 S.
780 500 912 570 Gregorio
932 503 985 556 VII
1005 503 1080 560 Rom.
1102 507 1240 563 Pontifiee.

348 647 492 729 ipsorum
518 642 627 728 feuda,
653 643 710 707 sed
735 645 851 708 merito
876 645 1050 711 insistebat
1073 648 1254 736 Gregorius
1270 653 1343 735 VII,
1367 678 1454 740 quun

336 733 450 807 ¹Sedes
470 742 664 827 Apostolieo
687 741 769 806 adeo
792 755 1007 828 premeretur,
1032 757 1069 810 ut
1092 749 1277 815 secundnm
1301 755 1454 838 antiquom

347 841 622 906 consuetudinem
646 839 820 904 denarium
846 843 879 905 in
904 845 1036 927 signum
1053 846 1207 930 specialis
1231 847 1411 914 devotionis
1431 863 1458 914 et

347 941 552 1004 reverentiae
577 961 596 1002 a
621 937 727 1002 Gallis
751 939 944 1004 solveretur.

439 1075 512 1138 123.
560 1073 765 1158 Frequenter
792 1075 960 1160 principes
994 1097 1028 1137 se
1060 1085 1091 1138 et
1116 1099 1218 1162 regno.
1241 1100 1302 1142 sno
1325 1104 1349 1143 s.
1373 1081 1457 1144 Petro

346 1169 529 1235 offerebant
554 1171 691 1256 ejusque
707 1172 891 1256 patrocinio
908 1181 940 1235 et
956 1175 1152 1257 protectioni
1170 1197 1205 1239 se
1221 1175 1456 1250 submittebant,

345 1270 386 1333 nd
418 1267 601 1354 anaiopiam
634 1269 813 1356 qnamdam
846 1267 1062 1352 vasallorum,
1103 1273 1182 1357 quin
1213 1281 1325 1338 temen
1358 1299 1457 1340 eorum

344 1389 445 1454 regno
468 1367 567 1431 feuda
591 1367 722 1452 proprie
747 1364 837 1430 dicte
860 1367 985 1432 fierent.
1019 1367 1056 1432 Id
1081 1369 1160 1433 fecit
1183 1393 1210 1436 e.
1227 1393 1259 1456 g.
1277 1372 1458 1460 Swetopluk

343 1465 556 1529 Moravorum
581 1465 736 1551 princeps
759 1464 821 1540 sub
846 1465 977 1530 Joaune
1003 1465 1100 1541 VIII,
1126 1468 1181 1552 qui
1208 1469 1317 1534 eidem
1342 1472 1459 1536 scribit:

343 1564 465 1626 Dirrirsa
487 1565 595 1648 pratia
619 1565 808 1648 irmpirnnte,
833 1566 1018 1649 contemptis
1034 1563 1112 1627 aliis
1135 1567 1256 1630 caecidi
1269 1569 1363 1658 injus
1380 1573 1458 1657 priu-

342 1663 474 1747 cipibns,
499 1662 537 1724 Β.
556 1662 681 1725 Pet-ram
704 1661 814 1724 iubere
833 1672 1010 1748 patronum
1033 1672 1062 1723 ot
1077 1663 1110 1726 in
1128 1664 1270 1728 omnibus
1295 1667 1459 1755 adjutorem

343 1770 373 1822 et
395 1757 590 1842 defensorem
608 1760 738 1844 pariter
761 1784 828 1822 esim
855 1758 1012 1821 nobilibus
1037 1762 1114 1822 airis
1128 1760 1283 1842 fidelibus
1309 1768 1372 1828 tuis
1396 1816 1402 1830 .
1425 1817 1459 1830 ..

343 1879 448 1920 <imore
477 1857 664 1941 fidelissimo
698 1856 819 1944 elepisti
849 1868 879 1919 et
911 1879 1006 1942 aspere
1037 1858 1080 1920 ad
1107 1858 1202 1941 finem
1232 1859 1290 1923 sab
1316 1863 1460 1948 ipsimet

342 1957 456 2018 sicarii
479 1959 546 2044 ejas
570 1955 752 2040 defensione
777 1953 860 2018 coila
884 1955 1068 2019 submittens
1085 1957 1143 2040 pio
1168 1955 1284 2042 affectu
1308 1963 1399 2047 capis
1415 1985 1459 2024 ait·

342 2054 480 2118 niiiante
511 2055 649 2116 Domino
687 2063 794 2139 amota
842 2053 936 2136 filias
983 2053 1202 2116 deuotissimos
1232 2061 1459 2139 per-manaen,

342 2151 449 2214 Simili
474 2151 599 2215 ratione
625 2175 649 2214 s.
668 2149 855 2237 Stephanus
873 2151 1066 2232 Hungeriee
1090 2173 1151 2215 rex
1175 2151 1238 2214 sub
1263 2151 1420 2220 Silvestre
1433 2157 1458 2220 Il
1492 2206 1493 2234 ,

342 2271 480 2334 regnum
506 2249 698 2333 Hungoriae
723 2249 887 2313 obtulerat
911 2249 948 2312 B.
973 2250 1080 2312 Petro,
1129 2247 1240 2328 Quum
1266 2253 1372 2335 igitm·
1393 2267 1459 2317 reru·
1492 2239 1493 2302 Ῐ

342 2369 420 2432 pore
446 2348 597 2430 Gregorii
614 2345 681 2410 VII
706 2345 862 2410 Salomon
887 2347 1081 2430 Hungoriee
1106 2369 1165 2409 rex
1189 2345 1231 2410 ab
1256 2347 1458 2415 Henricoll'
1492 2335 1493 2382 3

342 2445 385 2509 ad
401 2446 471 2530 ejus
494 2446 731 2531 protectionem
750 2444 985 2530 requirendam
1010 2465 1149 2526 regnum
1165 2468 1261 2508 suum
1278 2461 1316 2510 ut
1333 2450 1458 2514 feudum

341 2546 532 2629 accepisset,
557 2543 590 2606 id
608 2541 823 2606 vehementer
845 2541 1060 2629 reprehendit
1077 2541 1231 2607 Pontifex
1256 2555 1293 2608 ut
1317 2570 1389 2612 rem
1412 2551 1459 2612 in-

342 2641 548 2728 prudentem,
573 2641 863 2705 inconvenientem
889 2649 921 2703 et
938 2663 961 2704 s.
976 2640 1074 2704 Petro
1089 2641 1295 2727 injuriosam.
1329 2647 1459 2731 Repnon

342 2742 539 2826 Hesperiae,
569 2739 693 2822 scribit,
728 2763 751 2802 s.
779 2741 867 2802 Rom.
902 2738 1050 2801 ecclesiae
1078 2741 1245 2824 propriam
1273 2754 1322 2805 est
1354 2768 1375 2808 a
1401 2767 1461 2828 repe

341 2839 499 2924 Stephano
524 2835 599 2900 olim
622 2835 659 2899 B.
686 2837 779 2899 Petro
810 2859 879 2899 com
903 2836 988 2898 omni
1002 2839 1079 2924 jare
1102 2847 1131 2898 et
1149 2847 1311 2922 potestate
1337 2863 1397 2904 sisa
1419 2842 1458 2904 ob-

311 2977 314 2982 ·
341 2938 440 2999 interm
471 2947 500 3000 et
532 2936 638 2998 deuote
671 2933 833 2998 traditam.
882 2935 1054 2996 Praeterea
1077 2933 1234 2998 Henricas
1259 2935 1344 3022 (111)
1371 2963 1405 3026 p.
1428 2963 1459 3000 n

340 3037 418 3122 Imp.
445 3035 646 3098 adionorem
669 3054 693 3095 s.
709 3033 798 3095 Petri
820 3055 947 3116 repnnm
970 3031 1054 3095 iliad
1078 3053 1274 3118 capitaneum
1301 3037 1385 3101 nicto
1402 3061 1458 3122 repr

341 3143 370 3196 et
397 3133 490 3216 facta
520 3131 663 3210 uictoria,
697 3129 741 3194 ad
764 3152 877 3214 corpas
899 3129 938 3194 B.
965 3129 1052 3192 Petri
1084 3126 1226 3192 lanceam
1258 3155 1458 3222 coronamque

341 3231 517 3292 transmisit
547 3241 576 3292 et
594 3243 658 3315 pro
680 3229 791 3315 pieria
810 3227 959 3313 triompiri
982 3228 1033 3290 sai
1055 3223 1132 3291 ilinc
1157 3232 1245 3313 repni
1274 3231 1401 3296 dir-enit
1422 3237 1457 3296 in·

340 3329 455 3414 siparia,
497 3349 556 3412 quo
586 3325 802 3413 principalem
830 3325 1016 3410 dignitatem
1049 3331 1116 3414 ejas
1147 3326 1282 3390 attinere
1316 3332 1458 3417 copnorit

343 3424 431 3499 Quae
466 3447 558 3510 parim
588 3426 636 3486 ita
668 3425 743 3501 sint,
780 3434 813 3486 tn
837 3433 940 3485 tantan
970 3423 1004 3486 in
1028 3424 1162 3487 caeteris
1191 3445 1312 3510 precone
1338 3451 1360 3490 a
1383 3429 1457 3512 ταφὴ

338 3526 452 3587 uirtute
477 3520 665 3586 semoribus
690 3521 778 3606 ionpe
802 3520 975 3597 discedens,
992 3525 1051 3610 jns
1065 3521 1374 3588 ethonoremsancti
1385 3525 1461 3590 Petri

339 3632 490 3707 qnantum
521 3621 564 3684 ad
596 3631 624 3683 te
649 3619 835 3682 imminuisti
866 3627 895 3680 a
929 3618 1096 3696 alienasti,
1129 3619 1203 3682 dum
1237 3625 1309 3709 ejas
1343 3649 1456 3709 repnnn

339 3745 360 3782 n
375 3741 444 3804 repe
463 3719 702 3782 Teutonicoram
726 3718 760 3780 in
783 3716 961 3800 beneficiam
983 3719 1064 3780 sicat
1087 3716 1265 3780 audicimus
1290 3723 1454 3808 mespili.

342 3815 435 3891 Quod
464 3817 493 3878 si
517 3839 620 3878 reram
643 3825 699 3894 est,
735 3813 873 3900 qualiter
894 3816 1031 3900 pretinm
1054 3814 1091 3878 Β.
1117 3814 1205 3877 Petri
1238 3827 1297 3880 orit
1329 3833 1454 3882 noan-on

339 3913 585 3980 benevolentiam
608 3933 738 4000 sperare
762 3911 876 3984 debeas
901 3923 934 3976 tn
957 3913 1035 3998 ipsc,
1059 3913 1090 3974 si
1105 3913 1266 4000 piendam
1292 3916 1344 3980 eis
1367 3927 1454 3979 alten

338 4013 423 4089 dere,
448 4010 670 4094 nonipnoras;
696 4007 840 4073 uidelicet
864 4019 892 4072 te
916 4032 979 4072 non
1003 4007 1098 4072 aliter
1121 4031 1190 4074 eam
1204 4008 1386 4084 babituram
1410 4036 1457 4074 nea

414 4289 433 4354 ¹)
452 4287 551 4342 Josnn.
571 4285 647 4341 VIII.
668 4299 709 4353 ep.
729 4285 790 4342 eet.
