3002 4836
446 497 569 568 Gregorii
588 499 622 554 11.
642 499 673 554 R
693 501 723 554 P.
743 505 830 568 gesta.
1160 498 1199 549 ss

92 641 205 708 Auctor
228 644 392 708 Historiae
412 641 575 707 Miscelloe
589 663 675 727 quae
696 641 757 706 sub
780 639 874 706 Pauli
899 641 1039 706 Diaconi
1065 641 1200 704 nomine

94 740 324 820 assumimur,
349 739 433 804 libro
447 740 532 804 XXI
555 761 657 824 agens
680 740 722 805 dc
746 740 874 804 decimo
899 741 994 803 tertio
1018 759 1104 802 anno
1118 737 1199 800 Leo-

93 838 152 900 nis:
175 838 213 902 la
235 839 356 902 ammai
387 861 458 902 cero
482 840 585 904 Romo
612 836 784 925 Greposiaa
813 839 1029 902 sanctoninus
1050 837 1100 900 air
1123 859 1185 922 apo

91 935 206 1000 dolicae
228 935 322 1000 cubo
346 948 377 1000 et
399 948 472 1002 uetat
502 957 661 1016 comeus,
691 937 746 1024 pai
774 939 903 1000 removit
927 935 1060 999 Ronscm
1082 945 1113 999 at
1135 935 1200 998 ltu·-

91 1031 156 1096 lt'om
176 1057 301 1101 muron
323 1047 354 1098 et
369 1037 476 1100 omnia
490 1045 557 1098 aaa
569 1033 762 1122 respublicae
777 1058 868 1120 poam
892 1032 1103 1098 ecclesiastica
1122 1037 1202 1120 joma

89 1131 117 1192 in
137 1131 303 1218 Hesperiis
334 1134 374 1198 ab
404 1133 582 1198 metenda
605 1133 720 1198 banis
750 1145 781 1196 et
804 1133 934 1218 Impar-ii
956 1131 1012 1194 aab
1035 1132 1105 1217 ipsc
1128 1152 1200 1194 con-

88 1231 189 1295 stituti.
199 1279 207 1294 .
219 1279 229 1296 .
240 1279 247 1294 .
259 1229 345 1296 Sane
358 1231 531 1316 Greporiaa
544 1233 760 1296 wnotiadmaa
768 1229 904 1294 licceat
912 1232 1085 1310 Romanus,
1100 1251 1198 1313 paam

89 1328 249 1394 admodum
258 1329 434 1415 praedici,
450 1330 660 1394 Anaatuairam
673 1353 739 1394 ans
760 1353 829 1394 arm
844 1327 961 1392 libellis
984 1328 1108 1416 abjecit,
1124 1327 1200 1390 Leo-

89 1449 215 1512 asemper
240 1425 393 1513 epistolas
415 1438 565 1513 mapsam
587 1429 682 1514 impie
706 1439 846 1514 openiens
868 1426 1070 1511 redurpaeas,
1095 1427 1198 1490 colto-

7 1597 8 1600 ,
90 1545 187 1588 manca
201 1547 272 1588 cum
296 1535 363 1588 totu
386 1523 485 1590 Italia
509 1525 549 1590 ub
572 1524 807 1612 illiasa'mperio
823 1525 964 1588 recedere
979 1524 1118 1610 faciens.
1148 1524 1200 1586 In·

7 1701 8 1704 Ἴ
88 1623 207 1684 sununs
231 1643 305 1706 erpo
330 1633 483 1709 tyrannas
499 1634 608 1688 mistro
623 1623 816 1688 venerabiles
838 1623 991 1708 inopinos
1010 1622 1199 1708 persecutio·

89 1741 147 1780 neor
168 1720 314 1784 tetemlit.
361 1721 457 1786 Porro
480 1722 572 1785 malti
584 1720 692 1784 clerici
706 1732 736 1784 et
757 1722 901 1785 monachi
923 1731 954 1784 et
975 1718 1116 1804 ralipiosa'
1137 1721 1203 1781 ciri

85 1829 230 1900 provecta
247 1819 426 1903 periclitati
435 1830 508 1884 sant
521 1819 624 1884 cardo.
643 1855 686 1868 --
707 1817 772 1883 Sed
790 1820 886 1882 sicuti
902 1818 996 1903 plura
1009 1817 1084 1900 alia,
1100 1817 1199 1879 etiam

88 1913 158 1977 haec
174 1937 217 1978 ex
237 1915 441 2001 Theophane
455 1915 629 2003 desumpta
644 1918 844 1980 assemanito
861 1913 1081 2002 concentum).
1106 1914 1199 1978 Idem

87 2034 175 2096 porro
200 2013 383 2078 dicendum
413 2025 462 2079 est
494 2017 535 2080 de
563 2014 637 2079 aliis
669 2014 883 2100 scriptoribus
909 2014 1021 2079 latinis
1044 2010 1202 2076 videlicet

88 2109 122 2174 de
143 2111 318 2196 Sigebcrto
336 2110 578 2195 Gemblacensi,
598 2114 741 2198 Hugone
764 2123 796 2177 et
810 2112 1027 2192 Ekkehardo‚
1053 2111 1109 2196 qui
1133 2131 1200 2172 sae·

86 2209 151 2272 cnlc
183 2211 236 2274 XI
268 2211 450 2276 floruerunt
481 2224 514 2276 et
546 2214 579 2276 in
611 2214 678 2276 suis
703 2209 875 2274 Chronicis
898 2209 1019 2274 similia
1042 2207 1199 2272 referunt.

87 2306 177 2372 l'nde
201 2308 236 2373 S.
261 2307 474 2394 Theophanis
500 2312 687 2376 testimonio
716 2310 849 2374 demum
878 2307 1102 2372 assentantis
1124 2306 1200 2368 niti·

84 2419 144 2475 tur.
169 2429 270 2492 quam
294 2407 459 2474 Beronius
480 2409 604 2495 aliique
626 2417 776 2472 auctores
800 2408 890 2470 citati
914 2413 1036 2470 tenent

169 2505 225 2570 32.
251 2503 318 2584 Qui
342 2508 511 2592 oppositae
543 2508 726 2571 sententiae
756 2503 1000 2590 adstipulantur
1027 2503 1129 2565 variis
1152 2502 1198 2564 ni·
1220 2503 1358 2604 ⁸¹22?

87 2615 196 2666 mutor
218 2603 417 2682 rationibus,
446 2627 586 2690 quarum
616 2604 700 2669 aliae
730 2603 927 2668 infirmiores
954 2599 1089 2686 quidem
1112 2609 1198 2680 suut,
1273 2575 1288 2604 ῃ
1323 2595 1327 2601 ’

86 2698 165 2764 aliae
179 2711 292 2766 autem
308 2703 388 2766 satis
401 2701 524 2767 solidae
548 2724 620 2768 esse
642 2702 809 2766 videntur.
855 2699 982 2764 Natalis
998 2696 1200 2777 Alexander,

88 2819 184 2881 quum
218 2821 281 2864 nee
312 2799 471 2864 directam
500 2823 561 2865 nec
585 2801 781 2866 indirectam
805 2807 1001 2883 potestatem
1025 2796 1093 2860 ΒΗ.
1117 2796 1199 2860 Pon·

87 2895 207 2960 rincum
241 2899 275 2961 in
309 2921 361 2962 res
384 2898 578 2983 temporales
602 2899 769 2979 admittat,
792 2896 932 2982 probare
956 2893 1075 2974 studet,
1100 2891 1199 2956 talem

87 2994 203 3076 agendi
226 2997 390 3061 rationem
414 3019 498 3082 quae
522 2995 681 3081 Gregorio
705 3019 725 3060 a
747 2996 874 3080 graems
897 2992 1087 3058 auctoribus
1110 2992 1200 3054 attri-

89 3089 208 3172 buitur,
244 3093 414 3159 doctrinae
445 3094 627 3160 catholicas
657 3094 901 3180 scripturarum
934 3101 967 3155 et
998 3089 1202 3154 'Proditionis

87 3209 278 3274 repugnare,
302 3191 451 3278 adeoque
466 3195 501 3259 in
517 3193 678 3258 Pontifice
694 3193 826 3277 egregio
839 3191 981 3276 supponi
1004 3209 1070 3253 non
1095 3208 1200 3273 posse.
1290 3249 1294 3258 ,

86 3361 293 3373 Ἠ,-

157 3478 175 3546 ’)
193 3479 238 3532 Ad
270 3477 421 3537 Historiam
448 3479 596 3534 Miscellam
624 3477 693 3546 quod
718 3476 820 3530 attinet
847 3473 940 3528 scribit
968 3472 996 3526 C.
1027 3472 1068 3526 De
1100 3469 1203 3536 Smedo,

89 3555 252 3612 introductio
276 3577 336 3628 yesi.
363 3561 401 3612 od
425 3562 531 3614 Hister.
559 3560 646 3614 eccles.
662 3575 693 3626 p.
712 3563 764 3612 so:
785 3555 841 3622 „De
859 3553 945 3622 gestis
964 3551 1201 3621 Langobardorum

89 3645 199 3692 extremo
218 3641 325 3694 saeculo
344 3639 410 3694 VIII
437 3639 545 3709 scripsit
563 3637 663 3694 Paulus
682 3631 857 3698 Wamelridi‚
882 3633 927 3700 qui
956 3639 984 3686 et
1002 3631 1136 3685 Diaconos
1155 3646 1200 3683 vo·

89 3717 140 3770 cari
156 3720 237 3784 solet,
256 3725 340 3788 gente
360 3721 560 3791 Langobardos,
580 3719 625 3788 qni
649 3726 678 3773 et
701 3719 758 3786 ipsc
776 3720 918 3783 praeterea
935 3712 1084 3767 Historiam
1103 3711 1203 3764 Roma·

90 3811 146 3852 asro
162 3801 304 3856 contexmt
322 3801 402 3856 libris·
414 3803 555 3868 sordeam,
575 3815 687 3867 quorum
712 3805 806 3851 tamen
824 3795 913 3850 decern
931 3793 1033 3861 priores
1052 3809 1085 3846 ex
1103 3791 1201 3846 Enno-

91 3878 125 3944 μῦ
142 3895 217 3948 opere
235 3883 377 3950 excerpsit,
395 3897 442 3936 sex
461 3889 603 3950 sequentes
621 3897 685 3934 vero
698 3895 721 3932 a
738 3885 859 3944 ternpore
870 3872 1057 3930 Valentiniani
1076 3870 1203 3925 exaravit

91 3961 187 4026 proprio
205 3968 308 4018 marte:
337 3979 372 4018 ex
398 3962 440 4017 his
468 3963 576 4018 ridetur
604 3961 727 4016 conlecta
752 3959 863 4012 Ineunte
881 3955 986 4010 saeculo
1003 3953 1045 4006 lx
1064 3966 1133 4019 quae
1151 3949 1204 4006 snb

91 4041 286 4096 nannenten
314 4043 403 4098 fertur
421 4045 548 4100 Hiaorto
572 4041 715 4106 litoralia,
744 4037 892 4104 aquodam
916 4035 962 4102 qui
990 4035 1019 4089 in
1036 4051 1084 4088 ms.
1105 4030 1204 4086 Codice

91 4116 257 4189 landulphus
274 4123 366 4192 Segax
384 4123 484 4178 dicitur
502 4128 530 4178 et
549 4127 609 4177 octo
623 4120 706 4176 libros
725 4119 766 4174 illi
784 4117 891 4186 adjecit,
910 4114 1094 4170 narrationem
1113 4126 1201 4166 rernm

92 4207 237 4262 ornantur
254 4219 339 4271 usone
356 4204 391 4257 sd
409 4217 508 4258 manin
524 4203 602 4258 813.“
617 4199 711 4254 -Sed
724 4198 864 4254 aliietiam
882 4195 968 4252 serius
986 4191 1202 4260 compilationem

93 4279 220 4337 illatoriae
236 4283 373 4338 Illacellse
390 4283 489 4336 iactam
509 4297 568 4336 esse
585 4280 743 4336 existimant
