3002 4836
290 433 326 486 40
642 431 683 486 De
702 433 805 488 haeresi
826 433 1058 487 iconoclastarum.
1140 455 1141 461 ¹

285 577 422 662 phemiis
462 576 670 654 submittitur,
705 587 734 640 et
765 599 821 640 uas
854 577 992 662 utrisque
1025 579 1199 653 consimile,
1233 584 1308 668 quia
1342 607 1406 647 curn

290 674 369 737 Ario
394 685 423 737 et
445 675 599 738 Dioscoro
623 685 652 738 et
675 674 812 760 Eutyche
836 686 927 760 atque
951 699 1019 739 oum
1038 675 1267 763 Aaephalotum
1289 681 1407 742 haereti

290 782 483 836 erraverunt.
530 771 719 836 Damnandi
750 784 853 836 autem
883 773 923 835 ab
955 775 1003 836 his
1036 777 1090 859 qui
1116 776 1190 839 bene
1214 780 1352 841 sesttiunt
1374 799 1406 840 eo

291 871 373 955 quod
395 869 734 956 incomprehensibilem
758 881 788 934 et
811 873 1112 959 incircumscriptam
1124 875 1265 938 duritiam
1293 874 1407 940 Clu-uu

289 979 438 1034 naturam
455 968 587 1053 pinqers
610 979 769 1051 emuniter,
788 969 934 1054 profecto
957 971 1000 1034 ad
1022 969 1122 1034 aliam
1145 972 1326 1060 consupient
1347 997 1407 1037 ma-

291 1067 341 1130 lae
364 1067 605 1130 machinationis
618 1066 845 1152 defensionem,
865 1069 942 1154 quia
959 1068 1058 1132 solius
1076 1071 1183 1132 carnis
1205 1070 1295 1134 illius
1318 1095 1407 1156 quan

290 1165 425 1228 uidimus
447 1176 477 1227 et
494 1163 699 1250 palpabimus
723 1175 752 1229 et
784 1189 852 1228 cam
878 1189 940 1252 qua
963 1168 1140 1230 aonomsati
1162 1189 1265 1231 sumus
1287 1171 1407 1232 iconam

290 1262 495 1348 depinyimus.
546 1259 639 1335 Quod
661 1275 707 1327 est
730 1265 860 1350 impium
888 1275 917 1326 et
941 1267 1130 1328 Nestoriani
1147 1267 1281 1351 pessimi
1303 1289 1409 1330 sennis

290 1361 438 1424 inventio.
464 1411 470 1424 .
497 1410 504 1425 .
533 1359 692 1436 Quomodo
708 1363 864 1426 insensati
878 1373 907 1425 et
922 1373 1034 1426 cuneta
1056 1363 1341 1430 irrationabilitate
1365 1389 1407 1428 re·

285 1456 369 1546 pleti
391 1458 537 1524 dividunt
561 1483 693 1540 earnem,
718 1483 796 1546 quae
828 1483 895 1524 aum
918 1460 1084 1524 diuinitate
1108 1483 1249 1525 sonnenn
1274 1473 1303 1524 st
1326 1463 1408 1546 deifi-

290 1568 363 1620 cata
387 1567 451 1635 est,
482 1569 513 1620 et
542 1560 635 1642 qnasi
652 1559 731 1643 puri
762 1559 895 1623 hominis
922 1559 1089 1644 inopinum
1108 1560 1240 1644 pinpere
1264 1561 1410 1623 tentant?

293 1655 380 1720 Nam
402 1666 432 1718 ot
454 1656 488 1718 in
511 1658 572 1719 isto
595 1657 630 1718 in
663 1655 755 1719 alind
778 1656 958 1741 iniquitatis
981 1655 1163 1719 barathrum
1186 1657 1342 1735 ivnoidunt,
1367 1681 1409 1720 ss-

285 1764 444 1838 parantes
466 1777 592 1818 canum
615 1779 635 1818 a
658 1754 826 1818 divinitate
857 1766 888 1818 et
905 1755 1054 1840 priuatae
1078 1755 1297 1818 nubsistentias
1321 1753 1410 1819 illam

291 1863 522 1931 interseramus,
557 1863 586 1916 et
609 1851 709 1915 alium
726 1875 899 1938 personam
932 1853 1024 1916 carni
1056 1851 1235 1928 tribuentes,
1267 1875 1362 1936 queam
1384 1863 1412 1914 st

291 1949 466 2034 imapinare
473 1949 639 2034 fatentur:
662 1971 702 2012 eu
715 1951 770 2014 hoo
786 1950 982 2014 ostendentes
996 1960 1128 2036 quartas
1140 1971 1295 2036 personae
1320 1949 1411 2013 addi·

291 2055 460 2108 tamentnm
483 2047 517 2110 iu
533 2047 563 2110 Τ
560 2047 707 2112 rinitate:
730 2049 923 2134 superhaec
947 2057 976 2111 st
1000 2049 1244 2134 assumptionem
1261 2071 1342 2133 queas
1366 2048 1411 2110 di·

290 2143 408 2206 oinitus
431 2154 476 2206 est
498 2157 644 2231 suscepta
677 2147 820 2211 atheoton
851 2147 1053 2232 depingentes
1077 2143 1129 2232 (rh
1158 2147 1289 2208 bethtur
1312 2165 1411 2228 προς-

290 2239 398 2326 tunna
428 2236 631 2324 ‘ioroooircsg
660 2240 832 2331 dbs'tuuov).
891 2240 1059 2331 Colligitur
1090 2265 1176 2330 erpa,
1210 2245 1249 2308 ab
1281 2244 1331 2306 his
1359 2245 1411 2330 qui

295 2333 413 2402 Christi
435 2340 602 2426 imapinem
619 2341 816 2428 pinqendam
839 2343 1031 2420 euistimant,
1051 2353 1107 2405 aut
1130 2341 1330 2405 diuinitatem
1354 2344 1411 2404 oir-

290 2439 509 2522 oumsariptam
532 2449 561 2502 at
584 2463 677 2503 earne
710 2439 883 2526 confusam,
907 2451 963 2503 aut
986 2462 1097 2525 corpus
1124 2438 1242 2503 Christi
1264 2439 1411 2502 atheoton

291 2545 322 2597 et
344 2535 479 2599 divisum
511 2559 548 2599 ac
572 2559 745 2622 personam
767 2539 917 2624 priuatae
948 2538 1144 2602 snbstantias
1168 2559 1262 2621 super
1285 2558 1411 2598 cantem

291 2628 359 2718 (tut
385 2637 440 2720 τῆς
462 2633 592 2721 σαρκὸς)
616 2636 699 2714 dari,
724 2635 842 2700 similes
873 2637 908 2700 iu
935 2636 990 2698 hoo
1020 2633 1122 2720 effecti
1147 2635 1412 2698 Nestorianomtm

290 2731 523 2816 impuprmtioni
544 2755 622 2820 quas
656 2735 691 2797 in
715 2733 816 2796 Deum
848 2743 903 2798 est.
951 2733 990 2796 ln
1018 2733 1113 2796 talem
1135 2730 1361 2818 blasphemiam
1385 2741 1412 2793 st

290 2830 483 2914 impietatem
505 2832 698 2896 incurrentes
729 2831 966 2918 confundantur
996 2841 1026 2894 st
1057 2839 1268 2904 revereantm,
1297 2837 1329 2890 et
1352 2849 1412 2891 oes-

291 2938 359 2990 sent
381 2929 435 3012 qui
454 2939 603 3014 patrant,
628 2940 658 2992 et
670 2929 866 3011 desiderant,
884 2939 914 2993 et
928 2929 1033 2992 solunt
1056 2929 1222 3013 imapinem
1245 2949 1326 3012 quas
1341 2925 1412 3011 fal·

292 3025 403 3088 laoiter
435 3026 474 3090 ab
507 3029 552 3092 eis
566 3028 663 3114 fasta
691 3038 721 3091 st
752 3027 841 3090 diota
873 3037 918 3090 est
954 3023 1081 3090 Christi
1132 3023 1235 3089 Cesset
1265 3025 1361 3086 stiam
1393 3045 1412 3083 a

291 3122 381 3186 nobis
405 3147 444 3186 eu
468 3148 565 3211 aequo
590 3137 620 3190 et
632 3125 777 3188 Nestorii
797 3125 950 3211 partitio,
976 3134 1067 3208 atque
1092 3122 1176 3200 Arii,
1200 3123 1361 3202 Dioscori,
1386 3131 1414 3184 et

291 3221 481 3302 Eutyobetis,
506 3233 536 3286 et
559 3221 667 3287 Seueri
696 3223 854 3309 confinio,
887 3244 966 3308 quae
998 3231 1072 3284 sunt
1099 3221 1249 3284 immensa
1270 3217 1360 3282 mula
1385 3229 1413 3280 et

291 3321 452 3406 impietate
476 3319 685 3406 comparia¹).

379 3419 433 3483 44.
457 3417 629 3503 Expositio
663 3415 762 3504 hujus
795 3417 915 3502 synodi
948 3417 982 3479 in
1017 3413 1165 3480 Concilio
1196 3415 1346 3478 Nicaeno
1381 3413 1411 3476 Il

292 3515 433 3579 Aetione
448 3527 543 3580 sexta
565 3518 703 3580 recitate
727 3526 775 3580 ost
798 3514 896 3579 simul
919 3535 995 3577 oum
1018 3513 1215 3577 refutatione
1231 3511 1413 3596 Anonymi,

292 3635 377 3699 quae
406 3615 574 3700 responsio
607 3616 758 3700 quumvis
790 3614 913 3698 passim
942 3613 1041 3674 nimis
1074 3611 1194 3674 diffusa
1219 3612 1275 3688 sit,
1300 3618 1413 3672 tumen

292 3734 434 3776 errorem
458 3711 737 3776 Ioouoclustarum
763 3711 848 3776 bene
879 3709 985 3773 diluit.
1033 3709 1085 3772 Itu
1109 3709 1349 3774 convenienter
1372 3706 1413 3770 ud

292 3833 330 3874 ou
354 3832 439 3896 quae
463 3812 639 3874 citavimus
661 3812 749 3874 inter
771 3807 836 3872 ulis
868 3807 950 3872 haec
974 3816 1192 3892 reponuntur:
1237 3803 1416 3870 Chiistiaui

291 3931 386 3971 unum
401 3907 587 3972 Emmanuel
600 3909 731 3972 scientes
750 3905 908 3971 Christum
924 3907 1105 3981 Dominum,
1121 3905 1225 3990 ipsum
1239 3903 1415 3989 depinpunt

292 4007 458 4071 secundum
482 4007 564 4092 qttod
594 4007 726 4070 Verbum
749 4027 822 4069 earo
838 4003 967 4089 fastum
990 4013 1054 4081 est,·
1077 4014 1107 4066 et
1131 3999 1320 4087 multiplices
1343 4024 1414 4086 par·

370 4203 387 4272 ¹)
407 4201 486 4258 Cous.
505 4202 655 4257 Nissenum
673 4199 711 4254 11.
731 4199 791 4252 Ast.
811 4198 858 4253 VI.
880 4195 978 4258 Lethe,
997 4195 1060 4250 vn.
1080 4196 1141 4250 435.
1161 4197 1223 4251 439.
1245 4195 1303 4248 142.
