2922 4832
301 473 352 528 tos
531 475 590 530 XX.
609 476 649 530 De
667 481 744 530 stetu
763 475 834 532 Eccl.
853 477 939 532 medio
958 478 1193 534 seec.1mdecim0.

154 619 265 701 &mli
392 619 443 684 18.
490 618 775 684 Animadvertunt
798 619 939 684 editores
963 642 1100 706 operum
1125 619 1289 701 Ratherii‚
1315 622 1400 706 ipsius

125 691 290 802 ‘'iffi'‘
301 727 448 801 tempore
473 719 636 802 incepisse
666 717 756 783 illam
801 719 1077 783 incontinentiam
1122 739 1254 804 serpere
1291 718 1398 783 clerico·

300 837 389 897 rum3
420 837 506 900 quae
529 824 643 899 postea
666 816 777 881 adhuc
802 819 907 900 magis
930 816 1082 884 invaluit.
1130 815 1269 881 Saeculo
1292 816 1401 880 decimo

300 935 379 976 vero
403 912 486 977 adeo
519 912 601 977 illud
633 913 757 978 melum
787 937 937 1000 grassare
968 917 1094 1000 incepit
1116 916 1237 1000 partim
1262 913 1302 978 ob
1323 935 1399 998 gene

300 1011 402 1077 ralem
427 1011 573 1098 aliquam
598 1033 726 1076 morum
750 1012 1005 1094 relaxationem,
1034 1015 1156 1099 partim
1180 1014 1260 1098 quia
1283 1035 1318 1076 eo
1338 1023 1401 1075 tem·

299 1133 378 1196 pore
403 1111 472 1173 vita
496 1111 657 1174 canonice
680 1133 738 1174 seu
762 1111 948 1174 communis
972 1110 1167 1174 clericorum
1182 1111 1305 1196 passim
1325 1109 1399 1172 abro-
1445 1113 1446 1198 l

300 1219 377 1292 gata
401 1208 473 1272 fuit.
504 1208 544 1272 In
558 1210 628 1272 vita
641 1209 809 1272 communi
823 1231 902 1272 sane
917 1211 1119 1273 consortium
1137 1231 1214 1272 cum
1230 1207 1402 1272 mulieribus
1445 1203 1446 1260 l

301 1305 580 1392 praepediebatur
604 1305 788 1389 efficacium
829 1329 998 1394 quumque
1029 1330 1068 1372 ea
1099 1306 1141 1371 ob
1175 1308 1271 1370 varia
1301 1307 1400 1369 incoru-

302 1403 401 1467 moda
424 1403 583 1488 abrogata
615 1403 705 1468 haud
730 1407 842 1469 statim
875 1407 909 1469 in
941 1415 1097 1490 promptu
1130 1414 1240 1469 essent
1272 1403 1332 1468 alia
1359 1402 1401 1466 ills

303 1501 414 1566 media
446 1502 489 1566 ad
514 1501 718 1566 honestatem
757 1502 951 1567 clericorum
986 1503 1197 1585 servandam,
1230 1524 1313 1589 quse
1343 1499 1402 1564 aliis

300 1599 506 1685 temporibus
529 1598 681 1664 adhibita
714 1609 806 1682 sunt,
840 1601 883 1665 ad
917 1601 1086 1667 connubia
1117 1601 1295 1666 mulierum
1325 1597 1400 1663 multi

300 1697 566 1783 pervenerunt.¹)
613 1698 759 1762 Facilius
783 1701 881 1762 etiam
906 1699 941 1762 id
966 1699 1099 1779 accidit,
1128 1722 1232 1785 quum
1257 1696 1401 1762 connubia

300 1795 463 1883 ejusmodi
495 1807 604 1859 essent
639 1796 773 1882 quidem
806 1796 967 1882 illegalia,
999 1809 1145 1862 attamen
1177 1797 1323 1862 invalido
1350 1817 1400 1858 non

299 1894 479 1958 videantur
509 1894 619 1959 fuisse.
674 1895 954 1980 impedimentum
988 1897 1076 1959 enim
1108 1895 1234 1959 ordinis
1266 1895 1402 1958 dirimens

300 1994 559 2073 matrimonium,
585 2001 737 2056 censetur
761 2001 873 2077 aperte
897 1993 1148 2078 pronuntiatum
1172 1995 1206 2056 in
1224 1993 1323 2056 variis
1344 2011 1401 2052 eou-

301 2090 386 2155 ciliis
417 2113 501 2178 quae
534 2093 629 2155 initio
661 2090 783 2155 saeculi
817 2091 986 2156 undecimi
1019 2091 1135 2156 habite.
1166 2103 1253 2157 sunt.
1300 2091 1400 2170 Grego-

299 2191 369 2253 rius
393 2189 461 2252 Vll
484 2198 516 2252 et
539 2188 697 2254 Urbanus
720 2190 754 2253 ΙΙ
784 2199 896 2253 temen
921 2191 987 2272 jem
1011 2190 1075 2254 hoc
1099 2211 1284 2276 supponere
1307 2185 1400 2249 videu-

298 2297 368 2370 tur3
393 2289 439 2350 sie
465 2287 620 2352 Urbanus
644 2289 678 2352 ll
702 2291 736 2352 in
760 2289 887 2372 synodo
912 2288 1001 2374 apud
1025 2287 1221 2374 Melphium,
1247 2287 1323 2351 dum
1346 2305 1400 2368 poe·

300 2407 361 2449 nas
384 2385 544 2449 adversus
569 2407 623 2451 eos
648 2389 762 2450 statuit
785 2389 842 2474 qui
866 2398 939 2473 post
963 2386 1241 2452 subdiaconatum
1265 2381 1403 2450 uxoribus

300 2505 422 2547 vacare
446 2484 571 2566 volunt,
596 2485 706 2549 addit:
748 2483 840 2558 Quod
872 2488 901 2550 si
924 2487 963 2549 ab
988 2487 1135 2571 episeopo
1166 2485 1280 2548 moniti
1307 2503 1362 2546 aon
1380 2500 1402 2540 se

301 2585 512 2660 coercuerint,
539 2585 742 2669 principibus
765 2585 963 2668 indalpemus
987 2583 1163 2660 licentiam,
1194 2594 1230 2646 ut
1253 2577 1402 2662 contuse·

301 2813 343 2868 fils
362 2813 423 2869 d’un
442 2817 533 2884 pietro
552 2831 585 2868 ou
598 2813 660 2868 d’un
678 2815 768 2869 disere
787 2821 829 2869 est
841 2815 946 2869 destino
965 2831 1014 2884 par
1033 2831 1063 2868 se
1082 2814 1224 2868 nuisseuce
1243 2817 1260 2866 e
1279 2811 1342 2865 faire
1357 2819 1403 2873 pu·

300 2895 340 2950 tie
359 2895 395 2949 du
414 2896 521 2964 oleret:
550 2895 613 2950 e'est
632 2911 685 2950 une
703 2895 853 2964 obligetiou
871 2899 888 2950 t
907 2895 1022 2963 laquelle
1040 2896 1061 2950 il
1080 2910 1114 2949 ne
1136 2895 1175 2948 lui
1196 2899 1239 2948 est
1257 2907 1304 2960 pes
1322 2887 1402 2957 pernis

300 2975 334 3028 de
352 2991 381 3028 se
399 2976 555 3030 soustreire.
575 3019 581 3031 .
600 3015 607 3030 .
627 2978 700 3030 Pour
724 2981 823 3031 mettre
846 2977 885 3030 les
910 2977 1019 3032 eufante
1044 2975 1080 3029 du
1098 2975 1188 3043 clergo
1214 2971 1324 3027 tl’abri
1341 2968 1400 3022 d'uue

300 3071 477 3110 concurreuce
494 3056 677 3124 desegreable
696 3073 730 3110 on
749 3056 886 3124 multiplia
911 3057 949 3111 les
977 3056 1109 3111 obstacles
1128 3058 1145 3110 t
1163 3053 1245 3108 l’eliet
1270 3047 1402 3107 d'intertire

304 3137 343 3191 les
361 3137 457 3191 abords
476 3137 511 3190 du
530 3137 683 3192 sauctueire
702 3153 756 3191 eux
783 3143 876 3192 autres
904 3138 1002 3192 clesses
1029 3139 1063 3192 de
1090 3136 1119 3191 la
1145 3137 1255 3190 societe.
1292 3133 1329 3186 De
1345 3136 1401 3182 cens

299 3217 381 3284 sapon
400 3232 434 3271 ou
453 3223 496 3272 est
514 3233 634 3285 pervenu
653 3233 687 3272 en
706 3219 761 3272 fort
788 3233 840 3283 peu
859 3218 892 3272 de
910 3225 997 3286 temps
1024 3220 1135 3271 uerter
1154 3232 1191 3270 un
1210 3216 1301 3283 cierge
1318 3207 1400 3265 heredi·

300 3299 378 3352 taire.
408 3339 441 3353 ..
471 3299 507 3353 Ce
526 3299 550 3351 n'
567 3304 609 3353 est
627 3314 676 3366 pes
689 3303 758 3363 tout,
778 3297 803 3353 le
816 3299 937 3366 mariage
956 3307 1042 3351 avant
1059 3297 1230 3352 l'ordiuation
1251 3295 1319 3350 etsie
1335 3289 1399 3345 iscul-

300 3378 374 3444 tetis,
394 3394 428 3432 on
446 3379 472 3433 le
490 3379 581 3434 rendit
598 3379 769 3449 obligatoire.
789 3421 823 3436 ..
852 3381 902 3434 Les
926 3381 1030 3448 pretres
1055 3385 1084 3432 et
1108 3378 1148 3432 les
1173 3377 1277 3430 diecret
1301 3380 1343 3428 ont
1366 3370 1400 3422 du

299 3458 381 3514 filles:
409 3459 429 3513 il
448 3459 510 3514 ierit
528 3461 587 3514 leur
605 3475 713 3515 essurer
731 3459 777 3514 des
795 3459 1024 3525 etsblissemeuts‚
1050 3475 1100 3528 per
1124 3461 1289 3525 consequent
1311 3453 1399 3507 defense

301 3541 334 3593 de
353 3556 381 3594 se
400 3541 498 3594 maner
516 3555 549 3594 en
565 3540 659 3594 dehors
678 3541 711 3595 de
730 3540 756 3594 la
775 3547 856 3595 ceste.
877 3583 884 3596 .
905 3581 910 3592 .
931 3539 971 3594 On
991 3541 1057 3604 voit
1078 3545 1212 3593 comment
1229 3545 1272 3592 cet
1290 3529 1399 3591 eusenble

299 3619 333 3674 de
361 3636 478 3674 mespres
506 3620 675 3688 legislatives
710 3623 832 3676 ementes
867 3621 899 3676 de
927 3621 1072 3675 Gatheriue
1098 3619 1126 3674 ΙΙ
1152 3625 1181 3673 et
1206 3607 1398 3673 d'Alexsnderl

300 3700 408 3755 aboutit
427 3703 444 3754 t
461 3699 531 3755 faire
549 3700 586 3755 du
605 3703 695 3770 cierge
712 3717 767 3756 une
786 3701 919 3756 veritable
937 3701 1107 3770 corporation
1126 3699 1242 3762 termes,
1271 3714 1321 3752 une
1343 3703 1399 3746 esre

301 3781 491 3836 herediteire.“
511 3781 560 3849 Pp.
580 3784 615 3835 22
632 3799 689 3848 sqq.
1443 3797 1444 3852 j

375 3863 394 3930 ¹)
414 3861 505 3915 Etiam
525 3862 616 3916 cleriei
634 3862 749 3916 minores
768 3861 851 3916 elteri
870 3861 1048 3917 inservientes
1068 3862 1097 3916 iu
1116 3861 1200 3916 seriis
1219 3849 1397 3928 regiomtmsl

299 3943 497 3996 continentiam
516 3943 688 4006 tenebantur,
707 3943 777 4009 quod
796 3959 855 3996 cum
874 3944 934 3996 vita
952 3943 1099 3997 communis
1118 3942 1235 4010 vigeret
1259 3938 1326 3993 hund
1342 3947 1397 3996 uss·

301 4037 365 4076 nam
383 4021 502 4076 habebat
520 4021 720 4080 difficultatem,
758 4023 910 4091 Disciplina
928 4023 1016 4090 quoad
1035 4022 1144 4076 clericos
1157 4023 1273 4076 minores
1290 4013 1396 4071 sltsriio

299 4101 451 4156 servientes
470 4107 498 4155 et
516 4103 604 4168 queat
622 4103 797 4158 subdiaconos
816 4103 862 4156 (liu
881 4119 936 4157 uon
955 4103 1062 4157 omnino
1081 4102 1159 4156 firma
1177 4109 1250 4166 eret,
1278 4101 1351 4154 donee
1364 4091 1395 4143 dt*

300 4181 382 4236 cretis
401 4182 525 4250 repetitis
544 4183 754 4238 determinatum
774 4189 823 4244 est,
842 4183 877 4237 etl
895 4183 1091 4238 continentiam
1112 4183 1199 4237 teneri
1219 4182 1303 4250 quiin
1319 4173 1394 4231 orditi·

300 4261 350 4315 hus
368 4261 514 4331 majoribus
532 4263 678 4317 constituti
696 4269 768 4317 sunt.
