2898 4836
169 628 272 671 Bonifatii

312 477 346 528 9¹2
491 475 593 531 XVIII.
625 477 664 530 De
682 476 810 530 Minonis
828 473 1006 530 Postlicibus
1025 476 1126 530 saeculi
1145 476 1247 531 decimi.

402 619 455 684 90.
480 617 546 682 Sed
565 620 635 705 jam
661 629 734 704 post
757 641 904 684 mensem
928 620 1114 684 Bonifatius
1137 619 1204 684 VII
1227 643 1247 684 a
1269 629 1415 706 parteop·

312 719 418 800 posita
433 717 538 781 Roma
552 717 667 802 pulsus
682 728 741 799 est,
758 728 792 782 et
810 738 922 782 secum
937 716 1259 782 artferensecclesiae
1273 721 1415 803 pecunias

312 814 531 900 amplissimas
553 814 873 900 Constantinopolim
902 815 1040 899 aufugit.
1088 814 1230 879 Videtur
1253 815 1308 879 illa
1329 815 1415 880 factio
1444 885 1445 890 η

312 913 487 976 rationalis
503 913 726 977 Romanorum
751 933 836 998 quae
860 911 1119 997 imperatoribus
1134 912 1309 978 Germanis
1332 935 1414 999 eppo
1444 979 1445 982 ,

312 1012 374 1074 sita
398 1021 481 1092 erat,
513 1011 555 1075 ad
580 1009 725 1076 Graecos
748 1032 783 1074 se
807 1012 944 1074 vertisse
969 1033 1006 1076 eo
1031 1013 1157 1092 animo,
1190 1022 1228 1076 ut
1250 1013 1357 1096 potius
1377 1035 1415 1074 su·
1444 1035 1445 1040 ¹

311 1109 472 1192 prematia
487 1109 650 1194 quaedam
666 1109 907 1194 Imperatorum
924 1105 1227 1195 Constantinopolis
1250 1111 1284 1172 in
1299 1109 1415 1173 Italian

310 1206 516 1291 Romamque
540 1209 788 1284 instauraretur,
813 1227 913 1291 quam
936 1216 974 1269 ut
996 1206 1182 1271 dominium
1199 1206 1357 1273 Ottonum
1378 1231 1417 1271 su·

310 1303 428 1368 bircnt.
484 1305 535 1368 Ac
558 1304 656 1368 facile
692 1303 900 1388 crediderim,
937 1304 1139 1368 Bonifatium
1175 1304 1243 1369 VH
1276 1305 1417 1390 illamque

309 1402 487 1466 factionem
520 1423 587 1467 non
617 1401 741 1466 alienos
772 1402 927 1466 fuisse·a
958 1403 1133 1467 conatibus
1170 1401 1316 1485 bellicis,
1351 1425 1418 1488 quos

309 1499 429 1564 Graeci
454 1523 491 1564 eo
516 1511 663 1586 tempore
676 1521 831 1565 successu
854 1498 945 1564 haud
968 1499 1094 1564 infelici
1118 1510 1337 1586 susceperunt
1358 1522 1416 1564 oon·

310 1607 359 1662 tra
383 1597 539 1663 Ottonem
562 1597 606 1680 Π,
636 1598 679 1662 ad
702 1606 898 1684 potestatem
922 1619 1016 1662 suam
1045 1599 1080 1662 in
1108 1597 1207 1663 Italia
1235 1597 1417 1664 firmandam

309 1707 341 1759 et
355 1695 591 1781 ampliandam.
605 1735 646 1743 —
660 1696 739 1761 Post
750 1696 864 1780 fugam
876 1695 1033 1760 Bonifatii
1050 1716 1162 1760 meuse
1174 1694 1312 1760 Octobri
1328 1718 1357 1760 a.
1366 1697 1417 1758 llil

310 1796 535 1859 consentiente
557 1794 759 1879 Imperatore
783 1795 818 1858 in
838 1791 957 1857 Sedem
982 1794 1187 1878 pontificiam
1213 1794 1360 1858 elevatus
1379 1807 1416 1855 est

308 1891 497 1956 Benedictus
534 1893 597 1957 VII
623 1894 797 1978 episcopus
825 1889 996 1970 Sutrinos,
1034 1913 1077 1956 ex
1113 1892 1240 1956 familia
1276 1894 1416 1956 comitum

310 1990 584 2072 Tusculanorum,
609 1992 665 2075 qui
690 1990 885 2075 Imperatori
910 1989 1014 2053 dediti
1039 1990 1173 2071 erant.¹)

400 2107 453 2173 91.
477 2105 678 2170 Benedictus
693 2104 770 2186 VII,
786 2105 941 2168 Pontifex
956 2103 1179 2189 dignissimus,
1205 2105 1323 2170 decem
1339 2107 1418 2169 annis

312 2202 496 2267 Ecclesiam
527 2202 737 2288 gubernavit.
784 2202 884 2266 Initio
917 2201 1129 2288 pontificatus
1159 2205 1210 2267 sui
1245 2205 1354 2287 coegit
1379 2223 1417 2284 sy·

310 2301 445 2383 nodum,
470 2303 503 2365 in
529 2325 594 2388 qua
609 2299 796 2364 Bonifatius
818 2299 1028 2364 anathemate
1051 2322 1226 2386 percussus
1250 2310 1285 2364 et
1305 2321 1414 2363 excon-

310 2400 497 2464 municatus
526 2409 583 2464 est.
638 2397 788 2462 Alteram
821 2397 985 2482 synodum
1018 2397 1200 2462 celebravit
1230 2420 1261 2462 a.
1287 2399 1361 2474 981,
1390 2398 1414 2458 in

308 2519 373 2581 qua
397 2497 486 2561 edita
510 2496 754 2562 Constitutione
776 2495 819 2560 ad
843 2518 957 2561 omues
980 2496 1164 2582 praesules,
1198 2497 1366 2582 principes
1391 2508 1414 2554 et

307 2593 421 2658 fideles
443 2596 543 2658 totius
578 2593 667 2658 orbis
691 2593 879 2672 christiani,
914 2593 1097 2658 secundum
1131 2604 1267 2679 patrum
1303 2591 1414 2678 regulas

307 2713 420 2756 severe
444 2692 623 2779 prohibuit,
649 2693 826 2778 quominus
840 2691 943 2755 ullum
967 2693 1111 2777 pretium
1136 2713 1193 2777 pro
1220 2690 1414 2756 conferendis

306 2789 479 2855 ordinibus
503 2792 724 2877 acciperetur,
762 2789 1016 2875 mandavitque,
1049 2799 1086 2853 ut
1108 2791 1135 2854 si
1160 2791 1234 2875 quie
1259 2789 1414 2876 presbyter

305 2899 364 2953 aut
386 2889 547 2954 diaconus
570 2889 612 2952 ad
643 2891 869 2974 episcopatum
893 2887 1055 2970 delectus,
1086 2910 1107 2952 a
1130 2909 1189 2952 suo
1222 2885 1413 2974 metropolita

306 3009 433 3050 sacram
457 2986 698 3050 ordinationem
731 2988 833 3070 gratis
856 2988 1008 3070 accipere
1040 3006 1107 3050 non
1131 2995 1259 3071 posset,
1292 2987 1412 3050 Roman
1444 2983 1445 3062 ,

306 3085 435 3146 veniret
458 3083 570 3169 ibique
602 3084 673 3147 sine
697 3085 857 3148 simoniae
880 3083 1026 3168 periculo
1052 3093 1321 3166 consecraretur3
1354 3103 1411 3146 con·

306 3184 403 3244 cessit
426 3191 536 3245 tamen
568 3183 675 3266 achpi
700 3203 809 3268 posse,
844 3181 932 3268 quod
964 3181 1133 3245 ordinatus
1167 3190 1243 3266 post
1277 3192 1411 3266 acceptas
1444 3233 1445 3253 ,

306 3279 523 3344 ordInationis
547 3279 678 3344 chartas
701 3289 817 3366 sponte
841 3290 874 3344 et
897 3277 998 3344 solius
1012 3281 1138 3364 gratiae
1163 3301 1265 3344 causa
1290 3281 1409 3344 offerret

305 3377 497 3442 Generatim
523 3377 726 3442 Benedictus
749 3377 814 3441 VII
840 3377 1050 3462 disciplinam
1074 3375 1335 3443 ecclesiasticam
1356 3389 1409 3440 tun
1444 3441 1445 3450 χ

306 3479 339 3539 in
364 3477 582 3557 monasteriis,
606 3485 677 3538 tum
702 3478 736 3539 in
761 3475 848 3539 clero
873 3497 1085 3559 magnacum
1111 3474 1334 3540 sollicitudine
1356 3497 1408 3559 pru

306 3575 419 3637 movit.
467 3574 664 3637 Factionum
688 3567 762 3636 lites
779 3572 839 3636 sub
865 3574 936 3658 ipso
960 3594 1026 3638 non
1044 3584 1250 3655 exarserunt,
1276 3573 1408 3661 quamvis

305 3673 460 3734 continuo
478 3669 625 3756 pericula
642 3672 862 3739 imminerent,
897 3667 1106 3736 Crescentius
1122 3673 1179 3757 qui
1196 3672 1306 3737 fuerat
1329 3683 1406 3756 caput

306 3815 513 3826 ...,-.,-,-...-.-.--.-

379 3875 441 3938 ¹)A
468 3873 627 3940 quibusdam
652 3873 807 3928 auctoribus
832 3874 1005 3930 interseritur
1030 3877 1121 3930 Donus
1147 3877 1175 3930 II
1203 3878 1278 3933 inter
1301 3875 1405 3934 Benelir

304 3961 361 4006 tum
381 3953 420 4006 VI
439 3963 468 4006 et
486 3952 663 4006 Benedictum
682 3952 744 4017 VII,
764 3955 796 4008 de
821 3970 873 4020 quo
892 3955 1022 4010 Pontifioe
1040 3956 1109 4010 nihil
1132 3959 1278 4014 memoriae
1298 3957 1403 4012 moiun
1444 4013 1445 4016 ,

302 4047 360 4086 esse
379 4033 534 4086 advertunt.
571 4032 621 4086 Sed
641 4032 697 4098 jam
723 4035 887 4102 agnoscitur,
906 4035 1013 4090 Donum
1030 4037 1059 4090 11
1084 4053 1137 4092 uon
1156 4038 1239 4093 falsae
1260 4036 1402 4093 poneres

303 4114 373 4167 Sunt
390 4113 436 4178 qni
454 4113 634 4180 suspicantur,
661 4129 777 4168 errorem
796 4115 858 4169 inde
875 4116 1030 4182 provenisse
1045 4118 1115 4184 quod
1130 4119 1159 4172 iu
1172 4118 1327 4185 quibusdam
1344 4115 1401 4167 dau·

303 4192 808 4260 mentisquumlegereturBenedietns
816 4195 1401 4265 vl,Domnussposeolieus,artasiensium
1444 4227 1445 4236 κ

303 4271 411 4337 qnidam
425 4271 520 4325 Domni
535 4287 627 4326 rocem
640 4289 688 4340 pro
698 4273 768 4328 Doni
781 4274 894 4330 alterius
902 4275 1044 4332 Pontificis
1056 4277 1246 4347 designatione
1255 4275 1393 4347 sunrrurrritt
1444 4313 1445 4334 r
