2932 4836
340 481 380 534 Da
398 479 585 536 Decrstslibns
605 481 896 539 Pseudo-isidorianis·
963 491 970 504 ·
1120 486 1173 538 301

64 621 241 690 I'oncilium
264 623 450 688 Nicaenum
476 633 509 687 ot
531 623 741 710 sardicense,
775 625 818 690 ad
842 623 988 708 Julium,
1013 625 1056 690 sd
1079 626 1176 691 Inno-

63 723 153 786 centii
178 723 279 786 effata
304 721 469 786 decausis
491 720 682 808 majoribus,
706 723 748 788 ad
765 721 947 806 Gelasium,
971 723 1015 788 ad
1029 723 1175 789 Leonem

62 831 89 882 st
110 841 271 886 canonem
297 817 602 884 Chalcedonensem
620 821 693 906 jam
717 820 896 907 citatum.¹)

140 919 195 984 95.
228 915 371 999 Verum,
403 927 440 982 ut
462 917 560 1003 plane
583 927 711 1003 pateat,
741 919 934 1000 Nicolaum,
967 929 1005 983 ut
1027 918 1177 985 vindicet
1196 933 1259 981 tun
1273 943 1353 984 nunu

1201 997 1333 1044 sufficis

62 1015 147 1081 Sedis
181 1015 394 1102 Apostolicae
426 1015 602 1102 privilegis
634 1017 744 1104 quoad
772 1017 903 1104 judicis
934 1017 1174 1102 episcoporum,
1213 1061 1332 1108 mmm..

61 1115 141 1179 haud
164 1117 201 1178 in
226 1111 428 1178 Collectione
452 1113 571 1178 Isidori
595 1113 763 1180 invenisse
787 1135 881 1180 suam
904 1114 1083 1198 theoriam,
1117 1114 1175 1180 sed

60 1213 225 1300 principiis
257 1213 366 1298 potius
389 1211 600 1296 generalibus
632 1213 739 1298 iisque
771 1213 968 1278 firmissimis
997 1213 1077 1294 niti,
1109 1214 1176 1278 sui-

60 1311 141 1375 lieist
161 1310 248 1374 haec
272 1309 360 1374 illius
384 1309 488 1374 verbe
511 1311 629 1375 citare:
652 1311 825 1396 Ptioiiepiu
841 1314 923 1376 enim
935 1335 996 1376 sua
1010 1335 1031 1376 a
1051 1310 1175 1378 Gnoso

60 1409 182 1473 ecclesia
215 1409 363 1472 Romana
389 1430 453 1495 per
483 1409 609 1473 Petrum
640 1420 805 1474 consecuta
837 1421 902 1488 est,
937 1420 966 1472 et
996 1411 1072 1496 ipim
1102 1422 1176 1475 snut

60 1517 172 1571 statuta
198 1503 338 1571 Christi:
360 1507 584 1592 quodquidam
607 1555 614 1570 .
632 1555 663 1571 ..
687 1529 770 1572 nnnc
779 1518 856 1594 post
870 1508 1061 1592 octinpentos
1074 1531 1176 1574 annos

60 1607 218 1669 minamine
249 1615 414 1670 cmmntm.
460 1603 621 1668 Ecclesiae
651 1607 780 1691 inquom
802 1607 967 1670 Bounomos
996 1617 1070 1670 sunt
1092 1609 1175 1672 anti-

59 1725 111 1786 pnu
141 1713 172 1766 et
194 1713 301 1766 cetero
318 1701 512 1788 priviispia,
547 1713 582 1766 ut
606 1703 754 1766 Nisoenn
783 1703 940 1789 synodus,
976 1704 1056 1768 sient
1077 1705 1175 1768 Boni·

53 1801 149 1884 sotim
175 1801 313 1887 praesui
335 1799 539 1886 Apostolicus
562 1802 718 1888 episcopis
745 1824 804 1887 per
832 1801 1030 1866 Thessaliam
1061 1804 1174 1868 consti·

60 1899 126 1961 tutis
147 1897 288 1962 scriberes
304 1901 361 1976 ait,
384 1919 448 1962 non
471 1897 595 1984 aliquid
615 1921 711 1984 uper
734 1921 802 1962 sum
817 1921 898 1964 auso
920 1901 962 1964 sit
976 1901 1174 1979 senonen,

60 2019 118 2059 mm
148 1997 310 2060 uideretur
345 1995 428 2061 misit
464 2017 564 2082 supra
598 1997 744 2060 meritum
776 2019 864 2062 mum
896 2019 991 2083 posse
1022 1997 1171 2081 confiteri.

63 2093 169 2158 Omnia
198 2093 331 2179 denique
353 2105 485 2158 moeret
514 2095 583 2158 louis
607 2095 738 2159 Domini
766 2116 906 2160 sermone
933 2116 1089 2160 concessa.
1136 2093 1178 2159 Si·

60 2194 172 2272 simnia,
202 2213 275 2279 erpo
299 2203 329 2256 st
351 2194 566 2279 episcoporum
582 2192 720 2282 judicia.
833 2191 979 2258 Christus
1001 2194 1084 2258 enim
1102 2195 1175 2278 psi-

60 2288 165 2374 siicpia
186 2292 359 2354 constituta
389 2292 425 2354 in
449 2290 559 2369 Petro,
593 2291 766 2377 disposita,
800 2301 830 2355 et
854 2291 985 2375 pinnato
1007 2293 1172 2356 Romanus

59 2387 183 2452 contulit
205 2387 369 2467 ecclcsiae,
403 2411 612 2476 superquam
640 2389 721 2452 aiiii
744 2389 882 2474 synodus
912 2387 1069 2474 quaelibet
1092 2409 1172 2452 ausa

59 2495 98 2546 est
120 2489 228 2551 merito
251 2487 458 2564 constituere,
481 2509 549 2550 cum
572 2489 652 2550 sciat
675 2489 782 2550 munia
803 2486 857 2550 ilii
878 2487 1010 2550 Domini
1031 2509 1172 2552 somnone

60 2606 204 2648 comessa.
244 2583 524 2670 Dispensationem
542 2586 656 2672 qnippe
670 2583 895 2671 redemptionis
909 2583 1037 2648 inomni
1049 2585 1177 2668 pencris

60 2689 121 2744 onte
145 2693 288 2768 temporo
310 2680 491 2745 saecularia
512 2682 670 2746 Dominus
693 2683 888 2768 omnipotens
908 2705 1008 2768 penes
1030 2705 1062 2746 ss
1086 2682 1170 2746 ordi·

61 2791 157 2843 notam
179 2779 377 2858 custodiens,
413 2789 443 2842 st
472 2790 608 2867 tempore
632 2782 738 2843 cornis
768 2780 948 2858 ostsssdens,
985 2801 1172 2844 ascensmns

60 2875 98 2938 od
118 2876 217 2942 coelos
240 2879 276 2942 in
299 2877 447 2964 Apostoli
469 2879 565 2956 Petri,
585 2898 647 2963 per
668 2899 757 2963 quem
779 2888 809 2940 et
833 2877 1031 2964 apostolatus
1054 2887 1084 2941 et
1106 2879 1170 2962 spi·

60 2987 194 3061 scopatam
227 2977 361 3062 sumpsit
390 2975 570 3054 scordium,
605 2974 800 3061 confessione
830 2997 964 3060 curaque
995 2975 1169 3060 praecipue

60 3071 220 3140 redomuit.
264 3069 326 3147 Qui
342 3083 414 3137 tunc
432 3097 493 3159 per
515 3095 547 3136 ss
571 3083 601 3136 et
615 3073 762 3160 deinceps
773 3096 835 3159 per
854 3095 929 3137 suos
943 3071 1170 3138 sollicitudinis

60 3169 206 3252 loercdes,
230 3173 316 3235 circa
338 3171 506 3235 imnunum
528 3192 634 3255 penus,
658 3193 738 3256 qnae
761 3171 822 3235 sibi
842 3171 999 3234 Dominus
1021 3191 1168 3234 commen-

61 3267 140 3331 docit
158 3291 225 3334 non
248 3269 371 3334 destitit
393 3268 577 3356 witbereffl)
616 3267 884 3333 Fundamentum
909 3268 1010 3352 igitur
1023 3267 1168 3332 firmissi-

64 3387 142 3429 mum
164 3365 361 3452 disciplinae
385 3377 417 3431 et
441 3367 528 3452 juris
551 3389 636 3453 quse
659 3389 679 3430 a
693 3367 830 3432 Nicolao
854 3365 1072 3446 Inculcantur,
1097 3366 1168 3450 ipse

62 3466 162 3528 satuit
184 3485 255 3530 esee
286 3467 321 3529 in
349 3463 538 3550 plenissima
560 3464 617 3529 ills
639 3465 740 3529 totius
763 3466 872 3549 gregis
902 3460 1060 3549 pascendi
1077 3473 1167 3548 pote-

63 3569 149 3642 state,
182 3585 282 3650 quam
307 3561 459 3627 Salvator
481 3563 520 3628 B.
544 3562 642 3626 Petro
667 3563 802 3648 ejusque
826 3560 1070 3626 successoribus
1093 3581 1167 3626 con·

63 3657 140 3740 tulit,
171 3681 337 3746 quamque
373 3673 405 3724 st
428 3659 491 3724 sibi
516 3662 694 3724 convenire
717 3659 873 3724 Pontifex
896 3677 1088 3745 persuasum
1112 3657 1166 3722 ha·

64 3753 159 3823 bcbst
204 3758 365 3823 Eamdem
390 3779 468 3822 vero
492 3757 703 3844 disciplinam
731 3760 765 3822 in
789 3757 901 3822 multis
924 3758 1054 3822 invenit
1076 3753 1166 3820 exhi-

64 3851 153 3918 bitam
170 3853 391 3921 Consiliorum
417 3866 450 3920 et
464 3857 663 3921 Pontificum
688 3855 838 3936 decretis,
863 3878 947 3942 quae
965 3855 1164 3940 jamdudum

65 3953 219 4018 notissima
241 3963 345 4021 erant.

67 4095 125 4104 Q-

130 4173 148 4242 ¹)
159 4173 188 4228 V.
206 4174 297 4229 stbe
314 4173 392 4229 VIII.
411 4176 471 4229 795.
492 4173 553 4230 797.
572 4203 606 4216 -
626 4173 680 4228 Cir.
700 4181 792 4228 notem
811 4175 845 4228 ad
863 4189 889 4230 n.
909 4174 952 4228 89.

129 4251 150 4320 ')
165 4253 249 4323 Epist.
268 4255 302 4308 sd
321 4253 466 4322 Episcopos
485 4253 605 4323 Gallias5
624 4253 642 4310 l.
662 4271 683 4310 c.
703 4271 729 4324 p.
747 4255 809 4311 803.
