2952 4832
304 494 343 548 De
363 493 613 548 Preedecessoribus
636 493 662 548 S.
684 493 810 562 Gregorii
829 495 891 551 VII.
1107 504 1158 556 aar
1201 578 1202 586 ἵ

50 647 77 700 et
96 637 221 722 rejectis
243 637 513 702 accusationibus
537 659 622 722 quae
647 638 682 702 in
706 638 814 722 ipsum
838 639 1038 726 ferebantur,
1063 665 1160 709 cona·

49 745 93 797 tos
105 734 144 797 ad
159 734 437 817 exstinguendum
454 733 599 798 schisma
622 734 725 799 fieret.
764 736 880 822 Neque
895 738 995 806 Anno
1011 745 1157 827 supremi

43 831 156 916 judicis
179 831 242 896 sibi
266 842 375 917 partes
390 834 569 916 arrogavit,
594 835 748 918 quamvis
762 837 938 920 propositis
960 842 1157 923 quaestioni·

48 927 100 992 bus
120 931 306 993 accuratius
329 929 510 1013 legitimam
536 929 730 994 electionem
754 931 938 998 Alexandri
963 935 1157 1020 dignoscere

47 1029 202 1108 niteretur,
227 1025 375 1113 aliosque
398 1030 571 1113 episcopos
595 1029 659 1114 ipsi
684 1028 870 1095 conciliare.

123 1142 427 1208 inlumines
450 1144 552 1206 citare
575 1165 660 1228 quae
692 1143 733 1207 de
756 1142 820 1208 hac
842 1146 969 1230 synodo
992 1147 1329 1249 habennuflnnrfi·

46 1242 74 1303 in
102 1241 173 1304 Vite
195 1240 380 1306 Alexandri
411 1261 453 1305 ex
478 1239 600 1305 Codice
623 1241 797 1323 Vaticano,
829 1252 862 1307 et
895 1265 980 1329 quac
1002 1244 1158 1330 leguntur
1209 1209 1282 1250 m

45 1339 73 1400 in
94 1339 271 1403 Annalibus
295 1339 528 1404 Altabensibns.
575 1340 682 1403 Priori
713 1337 784 1404 loco
820 1364 871 1405 res
902 1344 948 1406 ita
983 1353 1156 1408 narratur:

47 1434 154 1508 Quibus
184 1436 289 1501 verbis
318 1435 453 1524 sapietis
484 1437 611 1522 (Anno)
636 1439 758 1522 Papam
788 1442 923 1526 ropavit,
953 1452 989 1504 at
1004 1464 1069 1527 pro
1099 1443 1157 1507 bae

43 1557 130 1598 cansa
152 1535 340 1619 dipnaretur
361 1537 397 1599 in
411 1535 564 1622 partibus
578 1535 789 1600 Lambardiae
812 1539 966 1622 synodum
989 1538 1154 1622 celebrare,

43 1632 245 1698 aelectionis
277 1655 353 1698 snae
375 1633 503 1720 factam
535 1634 696 1698 ostendere
720 1645 750 1697 et
771 1637 1008 1701 rationabiliter
1031 1639 1155 1702 demon·

44 1741 142 1795 strare.
187 1731 281 1806 Quod
304 1731 375 1796 lieet
397 1733 613 1796 inconsuetam
636 1741 667 1795 et
690 1755 710 1795 a
734 1734 873 1797 Romani
896 1733 1051 1818 dipnitate
1074 1737 1155 1800 Pon·

43 1829 122 1904 tibris
144 1829 305 1894 videretur·
321 1833 454 1916 penitas
477 1830 625 1908 alienam,
650 1830 852 1895 considerata
879 1842 981 1895 tamen
1004 1835 1156 1900 instantia

42 1928 178 2012 temporis
211 1927 348 2006 malitia,
373 1929 530 2015 petitioni
561 1933 628 2018 ejas
660 1951 822 1992 assensum
838 1930 991 2016 praebuit
1014 1943 1044 1994 et
1067 1935 1156 2019 apud

43 2026 201 2089 iliantaam
224 2026 378 2112 synodum
400 2028 590 2090 convocavit.
624 2025 751 2090 Statato
766 2029 873 2113 itaque
898 2029 1028 2092 termino
1046 2034 1155 2097 eniens

40 2122 73 2184 ab
99 2123 172 2186 arbe
201 2147 270 2187 mem
293 2125 454 2212 episcopis
489 2136 519 2187 et
546 2125 766 2189 cardinalibus
789 2127 833 2189 ad
853 2127 1032 2211 praefim
1055 2128 1155 2193 meam

36 2243 190 2307 prospere,
221 2223 291 2286 Deo
323 2221 514 2301 auxiliante,
540 2225 698 2309 pervenit.
745 2223 799 2288 lbi
825 2226 908 2288 enim
935 2247 1039 2290 omnes
1073 2229 1154 2312 epie-

42 2321 104 2404 copi
123 2318 336 2384 Lombardiee
360 2345 428 2384 cam
451 2321 516 2384 anie
540 2320 740 2385 ecclesiaram
758 2322 919 2408 praelatis
938 2334 1070 2408 praeter
1095 2324 1154 2390 Ca-

40 2417 159 2481 daloam
180 2419 390 2496 Panaensem,
415 2441 503 2504 quem
526 2419 609 2481 idem
636 2417 831 2483 Colonieneie
855 2421 964 2484 adesse
982 2445 1153 2509 praecepe-

39 2525 92 2593 rat,
123 2527 154 2580 et
183 2517 378 2580 remordente
406 2517 597 2580 conscientia
619 2539 652 2579 se
676 2517 906 2596 absentaverat,
930 2519 1060 2603 pariter
1082 2541 1153 2584 oon-

38 2625 189 2678 eenernnt.
241 2613 317 2679 Cam
340 2623 443 2678 antem
465 2616 500 2677 in
523 2614 632 2678 eadem
655 2615 774 2701 synodo
809 2639 877 2679 eam
900 2617 1057 2701 episeopis
1079 2613 1152 2680 Ale-

38 2711 155 2775 xander
171 2711 324 2797 Pontifea·
345 2712 508 2791 resideret,
532 2735 660 2776 cansam
678 2736 754 2776 snae
771 2711 930 2776 electionis
952 2713 1000 2776 ita
1020 2713 1152 2778 discrete

37 2809 209 2874 rationibus
240 2809 420 2895 manifestis
450 2809 673 2896 eoneprobaoit,
704 2811 751 2873 ita
774 2834 870 2896 caper
901 2811 1044 2875 omnibns
1072 2833 1152 2897 qnae

36 2905 92 2970 eibi
114 2908 154 2972 ab
179 2906 313 2972 aemulis
334 2909 491 2972 malitiose
515 2907 655 2995 mbjeeta
668 2907 807 2994 filerunt
829 2909 1021 2995 sufficienter
1044 2931 1076 2973 se
1100 2932 1152 2973 ea-

36 3006 161 3083 cnsaoit,
186 3005 271 3091 qnod
294 3007 457 3092 episcopos
480 3005 703 3084 lombardiae,
727 3008 781 3091 qai
805 3007 866 3070 eibi
879 3007 1017 3092 famam
1040 3007 1150 3071 adeer-

35 3103 110 3182 sati,
141 3103 306 3168 benevolos
335 3105 443 3168 reddit
466 3114 496 3167 et
520 3103 582 3167 eibi
605 3104 766 3191 subjectos.
815 3105 933 3168 Sedato
960 3105 1066 3190 itaque
1090 3125 1152 3191 per

34 3200 92 3264 Dei
119 3205 261 3286 qratiam
283 3203 415 3289 Imperii
443 3213 473 3266 et
496 3199 657 3266 Ecclesim
681 3203 843 3280 scandale,
866 3214 943 3289 post
965 3200 1150 3267 solutionem

34 3300 143 3384 synodi
173 3312 203 3363 et
225 3301 367 3364 Domnus
391 3299 577 3364 Alenander
606 3300 651 3363 ad
677 3301 782 3364 arbem
814 3303 949 3365 [tomam
976 3311 1006 3364 et
1035 3304 1152 3364 caeteri

34 3397 73 3458 od
88 3401 231 3484 propria
254 3397 371 3462 bilares
393 3399 556 3462 redierant
568 3397 603 3484 ¹).
649 3399 827 3462 Benizonis
850 3397 964 3462 relatio
988 3397 1086 3484 plane
1109 3401 1149 3462 si-

34 3494 113 3558 milis
138 3506 197 3578 est,
221 3517 282 3560 nec
305 3495 450 3560 dubitari
473 3505 591 3582 potest,
614 3494 844 3560 Alexandrum
869 3494 952 3560 nihil
975 3496 1149 3579 derogasse

34 3592 69 3654 iis
108 3615 194 3679 quae
224 3595 304 3658 fecit
335 3596 522 3658 auctoritati
555 3603 587 3657 et
614 3593 748 3680 juribus
780 3596 865 3676 suis,
907 3592 1148 3678 sollicitumque

32 3689 138 3776 luisse,
172 3714 214 3756 nc
238 3715 317 3778 prae
341 3691 503 3778 ejusmodi
529 3691 670 3756 concilio
695 3691 776 3778 quid
802 3692 990 3756 detrimenti
1016 3702 1148 3776 caperet

33 3785 173 3870 dignitas
197 3789 409 3875 Apostolicae
433 3789 538 3854 Sedis.
586 3790 675 3854 Fieri
700 3811 778 3854 sane
802 3791 917 3876 potuit,
951 3798 988 3852 ut
1010 3789 1147 3874 quidam

32 3905 69 3946 ex
91 3886 300 3971 praesulibus
324 3887 552 3972 praesentibus
576 3889 800 3972 opinarentur,
824 3887 982 3972 majorem
1007 3889 1147 3951 auctori-

31 3989 127 4046 tatem
153 3984 293 4049 concilio
317 3984 447 4070 sibique
471 3987 665 4066 convenire,
700 3986 757 4050 sed
782 3985 839 4048 tali
864 3985 905 4049 de
928 4007 963 4048 re
986 4007 1052 4049 non
1076 3995 1148 4049 erat

32 4101 86 4143 cur
106 4081 263 4146 Pontifex
288 4083 496 4168 disceptaret.

103 4278 122 4346 ¹)
144 4277 193 4346 Ap.
214 4277 376 4343 Watterich‚
395 4277 417 4332 1.
437 4279 498 4334 262.
