2932 4836
309 487 363 542 348
631 485 720 542 XVII.
756 486 798 544 Da
815 488 960 544 schismate
976 487 1119 545 Photinus.

310 630 427 696 scribit
446 629 617 710 Nicolaus,
642 641 781 696 amomon
804 643 1081 720 quamtumcumque
1105 643 1135 696 et
1156 631 1417 719 quomodocumque
1452 651 1453 716 ζ

311 728 561 806 curaturae,
594 751 632 792 oc
659 751 701 794 rte
734 728 944 816 deponeretur
975 729 1153 817 (Ignatius)
1184 730 1336 795 resfitisse
1356 751 1418 814 pro-

310 826 467 910 bcatur.¹)
505 825 572 892 Sed
594 825 755 911 paulatim
771 827 984 914 imperatoris
1008 831 1107 894 minis
1123 829 1299 914 perterriti,
1323 825 1417 890 Photii

311 945 389 988 vero
414 923 607 989 muneribus
629 925 785 1007 tentati2),
810 928 921 991 animo
946 937 1071 991 mutato
1095 926 1317 991 ministerium
1337 945 1418 988 suun
1452 967 1453 970 κ

310 1021 408 1086 foeda
431 1021 618 1106 proditione
635 1021 894 1090 debonestarunt
917 1033 950 1088 et
964 1023 1082 1089 Photis
1098 1024 1321 1110 patrocinium
1337 1043 1417 1086 omne
1452 1019 1453 1092 l

310 1120 448 1205 polliciti
474 1127 559 1184 sunt.

137 1217 212 1261 ΜΠ
231 1218 301 1260 ml·
401 1217 454 1281 36.
478 1217 616 1282 Photius
640 1219 742 1302 igitur
764 1217 807 1283 ab
830 1219 1033 1304 Imperatore
1050 1217 1335 1305 Constantinopoli
1357 1237 1418 1280 oon·

164 1279 276 1323 mm
312 1314 427 1380 cilium
451 1317 643 1400 congregari
668 1319 799 1380 curavit
822 1339 934 1382 mense
948 1317 1038 1402 Majo
1062 1318 1142 1382 anni
1159 1316 1221 1382 861
1244 1319 1281 1380 ἰιι
1295 1315 1416 1380 ecclesia
1452 1353 1453 1424 ,

311 1437 354 1478 ss.
371 1413 614 1499 Apostolorum.
653 1411 890 1480 Convenerunt
912 1417 1050 1480 trecenti
1076 1415 1191 1480 decem
1215 1425 1249 1479 et
1271 1423 1342 1478 octo
1364 1413 1416 1498 epi·

311 1514 422 1597 scopi,
456 1511 546 1576 unde
581 1511 717 1576 Photius
748 1534 816 1578 non
849 1513 983 1578 erubuit
1021 1511 1315 1599 pseudosynodum
1346 1511 1416 1575 hanc

312 1607 461 1674 Concilio
495 1631 686 1696 comparare
714 1610 873 1676 Nicaeno.
921 1609 1084 1691 Quamvis
1105 1609 1217 1675 Photii
1249 1619 1283 1672 et
1305 1607 1416 1673 Bardae

311 1705 448 1771 nutibus
472 1709 584 1771 omnia
607 1707 838 1791 dirigerentur,
862 1707 982 1774 umbra
1005 1709 1169 1795 quaedam
1191 1705 1416 1792 praesidentiae

311 1803 427 1870 relicta
457 1814 506 1868 est
534 1805 651 1888 legatis
674 1805 863 1886 Pontificis,
897 1816 934 1870 ut
964 1808 1026 1891 ipsi
1052 1806 1186 1892 judices
1208 1805 1333 1890 ignatii
1360 1823 1416 1866 esse

311 1903 515 1968 viderentur.
561 1903 679 1987 Legati
710 1914 822 1968 sutem
850 1905 950 1968 iniis
980 1926 1065 1990 quae
1089 1904 1239 1968 fecerunt
1261 1901 1417 1966 manifeste

311 2001 507 2085 transgressi
537 2009 614 2064 sunt
643 2003 873 2066 auctoritatem
907 2012 939 2066 et
962 2001 1120 2067 mandata
1150 2023 1171 2066 a
1193 1999 1330 2065 Nicolao
1353 1999 1417 2084 ipsis

311 2098 513 2163 concredita.
550 2099 701 2183 Ignatius
724 2101 869 2183 primum
894 2099 1077 2186 appellavit
1090 2100 1133 2164 ad
1147 2099 1336 2164 Romanum
1349 2097 1418 2160 Pon·

311 2195 455 2277 tificem,
480 2206 516 2260 ut
539 2195 581 2260 ab
606 2217 643 2260 eo
663 2196 888 2281 judicaretur,
920 2197 977 2262 sed
1000 2197 1072 2284 ejus
1095 2195 1272 2283 appellatio
1296 2217 1359 2260 non
1381 2204 1420 2258 eet

310 2293 498 2374 admissa.³)
523 2331 565 2342 -
589 2293 731 2358 Nomine
754 2293 937 2379 legatorum
962 2317 1057 2381 porro
1086 2296 1130 2360 ad
1153 2292 1331 2359 concilium
1355 2295 1420 2356 cita·

310 2402 374 2472 tus,
399 2402 432 2455 et
456 2391 644 2477 compulsus
668 2401 704 2456 ut
727 2393 909 2475 accederet,
935 2413 1070 2458 causam
1094 2413 1188 2456 suam
1213 2409 1420 2476 magnacum

311 2491 499 2554 constantia
531 2490 737 2572 vindicavit,
773 2489 937 2576 intrepide
970 2489 1126 2554 Photium
1163 2500 1196 2554 et
1227 2488 1421 2554 adversarios

311 2609 388 2654 suos
411 2587 596 2652 facinorum
620 2609 754 2652 suorum
777 2590 901 2672 arguit,
932 2597 965 2652 et
987 2589 1103 2652 merito
1127 2587 1252 2672 legatos
1275 2597 1419 2672 tanquam

304 2685 440 2772 judices
463 2687 640 2764 recusavit,
664 2707 702 2750 eo
726 2685 813 2771 quod
837 2685 994 2751 Photium
1018 2707 1084 2750 uon
1107 2686 1292 2771 rejicerent,
1316 2681 1372 2747 sed
1392 2691 1420 2742 ut

312 2782 536 2869 patriarcham
569 2782 731 2847 haberent
770 2793 802 2847 et
834 2785 868 2848 in
902 2783 1079 2848 concilium
1111 2783 1333 2847 admisissent.
1380 2779 1419 2842 lta

310 2881 465 2967 agebunt·
486 2881 609 2946 directe
633 2891 747 2946 contra
771 2901 915 2946 canones
939 2881 1168 2960 Sardicenses,
1202 2879 1324 2967 quibus
1346 2887 1420 2942 vete·

312 2979 426 3060 batur,
460 2979 604 3044 nedum
630 3001 730 3044 causa
753 2980 878 3044 Romae
910 2979 1077 3066 pendebat
1100 2980 1254 3065 episcopo
1279 2989 1419 3042 accusato

310 3077 397 3142 elius
411 3077 675 3144 substitueretur.
714 3078 831 3162 Legati
847 3078 911 3143 sibi
927 3080 1051 3142 conscii
1075 3077 1163 3163 quod
1180 3075 1338 3142 mandata
1351 3075 1419 3139 Pon·

310 3175 410 3240 tificis
429 3175 500 3262 jam
524 3178 718 3260 transgressi
743 3185 866 3257 essent,
902 3177 1024 3261 ignavo
1047 3178 1159 3240 animo
1181 3173 1419 3261 responderunt.

312 3274 475 3338 voluntati
499 3273 711 3360 Imperatoris
734 3297 768 3338 se
793 3275 939 3361 obsequi.
970 3311 1014 3322 —
1044 3275 1182 3340 Frustra
1205 3275 1304 3338 etiam
1328 3271 1420 3354 Impe-

311 3373 430 3436 ratoris
455 3373 595 3436 ministri
629 3375 780 3459 variique
805 3371 972 3458 praesules
995 3372 1038 3437 ab
1061 3373 1192 3458 Ignatio
1216 3371 1418 3457 postularunt

312 3480 349 3534 ut
381 3469 468 3534 sedis
500 3469 710 3535 abdicatione
742 3491 858 3556 pacem
890 3472 1091 3552 restituerem
1124 3471 1288 3534 constanti
1322 3470 1419 3532 anime

386 3683 406 3754 ¹)
426 3683 513 3752 Epist.
532 3683 561 3737 9·
584 3681 618 3736 ad
636 3680 741 3736 Michel.
760 3682 836 3760 Imp,
854 3679 947 3736 Labbe
965 3681 1044 3738 VIII.
1063 3682 1123 3736 332.

384 3771 406 3840 ¹)
425 3771 530 3842 Δώροις
547 3771 600 3842 μὲν
618 3770 690 3841 nupti
713 3775 838 3832 cortou
868 3770 993 3830 ἀπειλαῖς
1010 3770 1041 3824 δὲ
1059 3771 1131 3842 παρὰ
1149 3773 1200 3824 τοῦ
1216 3772 1346 3834 βασιλέως
1361 3767 1419 3823 rire

309 3856 467 3915 κλαπέντες,
493 3851 535 3906 ait
556 3849 695 3918 Stylianus
720 3851 859 3919 episcopus
877 3850 1114 3907 Neocaesareensis
1140 3853 1249 3920 ep.1·,
1274 3867 1317 3920 sp.
1341 3847 1418 3904 [table

308 3932 389 3988 VIII.
409 3933 489 3988 1397.

385 4021 406 4086 θ)
426 4021 509 4088 ,Cum
533 4036 597 4076 vero
621 4020 697 4075 nobis
717 4019 873 4074 mandatum
899 4020 965 4084 luit,
991 4026 1130 4076 uteorum
1156 4018 1287 4074 tribunali
1313 4019 1358 4074 illo
1380 4033 1417 4071 na

310 4101 543 4166 constitueremus,
562 4101 745 4165 clamavimus,
765 4099 933 4168 appellantes
951 4101 1126 4155 sanctItatem
1144 4106 1278 4161 vestram,
1296 4107 1328 4154 ut
1345 4099 1377 4153 ab
1392 4111 1415 4150 es

307 4181 499 4250 iudicaremur.
535 4182 586 4237 Sed
605 4179 695 4235 nullus
720 4187 793 4246 erat,
821 4179 867 4248 qui
892 4195 940 4234 nos
959 4181 1093 4236 andIret.“
1130 4177 1250 4235 Libellus
1268 4178 1367 4248 Ignatii
1389 4174 1416 4228 ul

311 4261 452 4316 Nicolaum
470 4278 574 4330 papam,
593 4261 664 4330 apud
682 4261 828 4315 Beronium
847 4261 881 4314 ad
900 4277 917 4314 a
944 4263 1004 4326 861,
1024 4277 1050 4315 n.
1069 4263 1103 4315 st
1122 4276 1178 4328 sqq.
