2962 4840
299 471 352 526 108
552 469 626 523 XIV.
645 469 686 525 De
703 468 778 524 civili
794 468 828 525 R.
847 469 987 526 Pontifiois
1005 469 1170 542 principatu.

297 612 361 677 bus
375 611 526 698 pluribus
550 614 722 699 episcopis,
747 613 885 696 olorinis,
909 613 1111 699 proceribus,
1133 614 1239 678 Rome
1253 615 1427 700 profectus

298 720 357 776 est.
403 710 600 798 Priusquam
623 720 735 776 tamen
759 711 803 775 ad
818 709 947 776 Galliae
970 710 1052 776 fines
1075 711 1337 797 progrederetur,
1362 713 1428 777 Pa-

167 834 212 877 uu
225 836 249 878 1„
297 809 389 893 piem
413 829 592 874 conversus
615 807 779 894 intrepide
803 809 910 873 adivit
932 831 1044 894 regem
1067 808 1291 894 Aistulphnm.
1344 809 1427 875 Con-

155 897 257 940 ΜΨ·
290 910 443 996 jaapcate
473 928 544 970 vero
578 927 612 970 eo
636 907 773 992 Papiam
804 907 840 970 io
868 907 1034 986 civitatem,
1068 907 1182 972 scribit
1212 906 1426 986 Anastasius,

297 1015 328 1067 et
345 1004 513 1089 praedicto
536 1003 678 1089 oefaado
701 1006 769 1090 repi
786 1015 1008 1090 praesentato,
1027 1005 1128 1091 plura
1150 1005 1203 1070 illi
1226 1005 1337 1070 tribuit
1359 1029 1428 1070 mu

297 1123 385 1180 aera,
409 1112 439 1165 et
461 1103 557 1166 nimie
579 1125 648 1166 eam
670 1101 848 1166 obsecratus
871 1113 926 1181 eet,
959 1113 994 1168 at
1017 1103 1191 1168 dominicae
1214 1124 1293 1188 qaae
1317 1101 1428 1166 absta-

298 1199 381 1263 ierat
393 1200 540 1264 redderet
562 1222 641 1280 oves,
665 1212 696 1264 et
711 1202 853 1288 propria
870 1202 1018 1286 propriis
1030 1201 1216 1266 aestuaret.
1246 1199 1311 1264 Sed
1332 1199 1427 1264 aaHo

296 1296 389 1360 modo
412 1297 486 1360 leaeo
510 1299 599 1384 apud
621 1321 690 1363 eam
712 1301 881 1384 impetrare
905 1299 1017 1364 caluit.
1065 1299 1153 1362 Nam
1181 1310 1211 1364 et
1239 1298 1429 1385 Imperialis

297 1395 411 1458 oriem
431 1392 541 1458 simili
568 1395 659 1460 otodo
686 1397 791 1482 petiit,
825 1405 854 1460 et
878 1395 1062 1483 imper-iales
1093 1395 1219 1462 litterae
1247 1397 1277 1460 ei
1301 1396 1427 1474 tribuit,

297 1502 328 1554 et
349 1490 399 1555 eil
421 1491 560 1556 obtiswre
579 1495 694 1578 potuit.
725 1531 769 1540 -
793 1493 986 1578 Aegerrime
1006 1503 1118 1558 autem
1141 1516 1201 1560 rex
1223 1493 1308 1579 tulit,
1333 1494 1429 1580 quod

297 1588 486 1675 Stephanus
509 1593 542 1656 in
560 1589 704 1656 Galliam
720 1591 884 1677 proficisci
905 1591 1014 1673 vellet,
1031 1611 1174 1678 eumque
1196 1591 1239 1656 ab
1263 1591 1325 1656 hoo
1351 1613 1428 1676 pro·

296 1689 403 1772 posito
436 1687 556 1754 frustra
588 1711 757 1754 removere
788 1699 926 1754 conatus
958 1699 1015 1754 est.
1064 1688 1130 1754 Sed
1162 1711 1365 1776 quamquam
1390 1701 1430 1753 at

299 1785 361 1849 Leo
385 1785 529 1852 dentibus
544 1787 714 1874 fremebat,
739 1797 850 1852 tamen
873 1809 973 1852 ausus
997 1808 1063 1852 non
1087 1797 1136 1852 est
1155 1787 1352 1852 Pontificem
1375 1811 1427 1852 re·

296 1885 412 1966 tinore,
438 1906 579 1972 eumque
612 1887 674 1951 iter
697 1907 793 1950 suum
825 1887 978 1972 prosequi
1004 1908 1120 1971 passus
1145 1895 1203 1951 est.
1250 1884 1306 1950 Sic
1330 1887 1425 1970 qaia-

297 1982 455 2046 tadecima
488 1982 539 2047 clio
571 2005 673 2048 omme
699 1983 885 2048 Novembris
911 1983 1100 2069 praedictae
1134 1985 1283 2070 septimae
1316 1984 1427 2047 Iadic-

297 2079 394 2143 tioais
419 2078 463 2166 (a.
499 2079 576 2163 753)
609 2106 630 2146 a
660 2083 786 2146 ciuitate
809 2082 916 2168 Papio
938 2104 1062 2146 sacceas
1085 2105 1174 2146 saum
1196 2084 1231 2145 io
1251 2081 1428 2146 Francicus

290 2176 460 2263 profectas
476 2189 522 2243 est
535 2180 606 2244 iter.
615 2177 638 2266 ¹)
653 2217 697 2227 —
713 2179 823 2264 Hujus
839 2180 965 2246 itineris
981 2179 1165 2244 felicissimi
1181 2179 1314 2245 fuerunt
1337 2179 1428 2244 fruc-

297 2283 360 2339 tus.
408 2275 494 2340 Nam
517 2277 653 2342 auxiliis
675 2278 787 2363 Pipini
812 2299 851 2342 ac
882 2277 960 2342 dein
985 2275 1094 2342 Caroli
1118 2277 1163 2342 M.
1187 2275 1428 2362 Longobardo·

296 2395 371 2436 rum
395 2384 538 2459 potestas
561 2397 720 2461 repressa,
738 2374 939 2461 demumque
955 2375 1097 2441 contrita
1120 2384 1187 2457 est;
1216 2376 1429 2460 principatus

296 2492 375 2535 vero
401 2472 508 2536 civilis
522 2472 663 2538 Romani
679 2472 850 2537 Pontifiois
866 2473 1004 2538 firmiter
1020 2475 1227 2539 constitutus.
1260 2472 1318 2538 Isti
1343 2494 1427 2538 vero

296 2570 465 2655 principes
487 2581 580 2654 grato
604 2573 714 2635 animo
730 2570 889 2634 Romanis
905 2570 1123 2638 Pontificibus
1147 2569 1294 2638 devincti
1318 2583 1427 2655 eraut,

295 2689 335 2730 eo
362 2668 450 2754 quod
483 2670 519 2732 in
542 2669 747 2755 acquirenda
781 2677 813 2732 et
845 2667 1008 2734 firmanda
1031 2671 1123 2754 regia
1146 2669 1307 2754 dignitate
1330 2667 1428 2734 hisee

372 2811 392 2876 ¹)
412 2811 499 2879 Quum
518 2809 703 2865 Indictionam
722 2809 867 2879 appellatio
891 2815 919 2864 et
941 2825 1005 2864 usus
1024 2809 1181 2877 frequenter
1199 2810 1227 2864 in
1246 2809 1363 2865 historia
1382 2827 1427 2864 oc·

294 2897 397 2956 curret,
418 2892 465 2947 ebs
483 2905 513 2946 re
531 2906 585 2944 non
598 2890 651 2944 erit
670 2889 762 2958 alique
780 2890 824 2944 hic
837 2889 870 2946 de
889 2891 983 2946 iisdem
995 2897 1099 2945 notare
1136 2889 1297 2944 Indictionis
1315 2891 1429 2946 nornine

295 2987 345 3040 per
362 2989 392 3028 se
420 2970 518 3042 tributi
540 2985 628 3040 genus
647 2971 731 3035 venit,
763 2971 833 3037 qnod
851 2977 930 3026 exea
957 2971 1079 3026 ordinem
1096 2970 1254 3026 solvendum
1272 2971 1429 3040 imponitur

295 3053 371 3122 egris
389 3065 438 3106 seu
454 3049 673 3120 possessionibus.
684 3081 718 3090 -
732 3050 849 3106 Indictis
862 3050 924 3107 dein
937 3051 1077 3120 significat
1094 3051 1217 3119 spatium
1234 3054 1268 3104 15
1287 3066 1428 3105 annosum

293 3134 325 3188 in
343 3131 434 3187 orbem
452 3131 686 3196 circumactorum,
715 3129 739 3184 h.
767 3146 789 3185 e.
815 3131 967 3199 quindecim
994 3147 1124 3186 annorum
1143 3130 1172 3184 iu
1190 3145 1219 3184 ss
1238 3129 1427 3186 revolutorum

296 3211 478 3276 iterationem,
498 3210 645 3278 cujusmodi
663 3211 811 3278 partitione
830 3217 952 3279 tempora
970 3210 1121 3266 enumerari
1139 3211 1342 3279 computatique
1357 3211 1427 3265 Gon-

296 3292 436 3348 stantinus
463 3290 616 3345 instituisse
640 3290 741 3345 dicitur
759 3307 829 3346 anno
848 3293 909 3356 313,
927 3292 969 3345 ite
986 3297 1019 3346 ut
1036 3292 1090 3346 iste
1108 3307 1194 3345 annus
1214 3299 1285 3346 emet
1304 3291 1427 3348 Indictio

295 3372 391 3441 prime,
406 3387 492 3426 eunus
513 3372 565 3426 388
584 3370 701 3425 Indictio
714 3372 817 3426 decime
830 3371 933 3438 quinta,
949 3376 977 3426 et
990 3370 1153 3438 subsequens
1163 3387 1249 3426 annm
1259 3373 1311 3426 829
1322 3371 1426 3428 iterum

295 3451 414 3507 Indictis
423 3452 518 3519 prima.
533 3483 564 3490 —
581 3450 633 3506 Sed
642 3467 689 3506 eur
705 3452 857 3518 quindecim
870 3467 1001 3506 eunomm
1014 3452 1102 3519 spatio
1112 3451 1276 3506 Indictiones
1283 3451 1358 3506 liniri
1367 3453 1427 3520 ple-

294 3531 393 3606 ouerit,
405 3531 508 3588 multae
517 3531 663 3588 multorum
673 3530 844 3600 coniecturae
850 3537 922 3587 sunt.
932 3561 963 3572 -
972 3531 1046 3586 Solet
1054 3532 1083 3586 id
1092 3547 1127 3587 ex
1135 3532 1268 3600 competi,
1277 3532 1348 3600 quod
1355 3533 1427 3588 Gon·

296 3614 435 3668 surtinus
451 3611 583 3668 militana
597 3611 734 3679 stipendia
747 3612 782 3668 ed
794 3613 829 3668 15
845 3627 929 3666 annos
942 3611 1092 3680 redegerit,
1107 3627 1176 3678 quae
1193 3614 1227 3668 16
1236 3618 1427 3668 enteatexate

293 3693 421 3760 fuerant3
440 3692 503 3746 inde
521 3692 635 3748 totidem
653 3705 738 3746 anuos
757 3692 786 3748 in
795 3691 932 3760 periodum
943 3707 1001 3746 esse
1019 3692 1159 3760 conjectos.
1174 3721 1206 3732 -—
1220 3691 1366 3759 Triplieem
1380 3691 1427 3746 In·

294 3773 423 3829 dictionis
445 3787 525 3828 usum
550 3771 693 3826 observare
718 3776 760 3826 est
785 3772 856 3839 epnd
881 3771 1041 3839 scriptores;
1068 3771 1123 3826 alia
1141 3771 1213 3826 enim
1237 3788 1255 3825 e
1273 3771 1328 3824 kal.
1346 3771 1414 3841 Sep

296 3852 409 3910 tembris
436 3852 615 3921 proficiscitur
638 3857 667 3906 et
687 3851 803 3910 OPtoeo
830 3852 942 3918 dieitur;
973 3866 1057 3918 eaque
1076 3851 1225 3906 utebantur
1242 3851 1426 3919 Imperatores

293 3933 402 3988 OPtani
430 3940 458 3988 et
475 3932 625 3999 Scriptores
652 3929 782 3986 historiae
811 3930 987 3999 Byzantinae,
1015 3931 1068 3986 imo
1096 3937 1125 3986 et
1143 3930 1305 3986 Anastasius
1321 3931 1426 3987 Biblio-

295 4013 441 4068 theoarius.
472 4041 507 4052 -
537 4010 635 4066 Altera
652 4011 770 4066 Indictis
798 4011 895 4080 incipit
912 4011 946 4067 ab
974 4012 1041 4066 Vlll
1068 4012 1121 4066 kal.
1144 4009 1274 4079 Octobris,
1302 4027 1355 4079 quo
1380 4013 1426 4068 die

296 4109 321 4148 a.
343 4094 395 4146 307
413 4107 528 4161 regnum
540 4091 713 4146 Constantini
732 4091 832 4146 dicitur
844 4092 987 4160 incepisse
1006 4092 1077 4148 unde
1091 4092 1178 4148 oseam
1190 4091 1424 4148 Oomtanttaiaeu

295 4173 458 4241 appelletur.
496 4173 585 4238 Atque
612 4171 692 4240 buius
719 4187 797 4226 usum
816 4171 902 4228 Gallis
930 4179 959 4226 et
985 4171 1126 4226 Britannis
1157 4169 1324 4226 familiarem
1337 4169 1425 4225 tuisse

295 4257 411 4308 constet.
449 4252 481 4307 Iu
511 4251 656 4306 Germania
682 4251 793 4318 perinde
816 4251 909 4306 eedem
936 4267 1039 4320 semper
1066 4250 1186 4306 obtinuit
1208 4249 1333 4314 Indictis,
1351 4249 1424 4306 unde
