3002 4836
433 513 527 570 Suus
544 529 634 570 rerum
652 515 680 570 in
698 515 850 572 Occidente.
1173 515 1207 570 15

90 655 241 720 Pontifex
275 658 453 742 providere
488 658 658 740 debuerit,
688 681 731 724 ne
763 659 852 746 quod
874 659 1004 723 facinus
1028 656 1148 723 milites
1172 661 1206 723 in

91 754 266 818 marchum
301 757 554 822 committerent.
602 757 842 824 Auctoritatem
876 779 970 822 suam
993 756 1206 843 apostolicam

91 851 228 916 ostendit
263 853 415 918 Joannes
438 853 485 918 VI
517 857 553 920 iu
586 878 686 920 causa
718 856 751 922 S.
785 854 933 919 wilfridi
966 854 1206 940 archiepiscopi

89 947 326 1032 Eboracensis‚
360 953 419 1038 qui
451 973 553 1037 quum
586 975 604 1016 e
637 953 714 1017 sede
748 954 871 1039 ejectus
903 962 1005 1034 esset,
1038 975 1058 1016 a
1081 949 1206 1036 synodo

90 1049 318 1132 episcoporum
350 1071 379 1113 a.
416 1049 479 1114 702
511 1049 692 1136 appellavit
725 1051 768 1116 ad
792 1051 978 1116 Romanum
1001 1049 1206 1115 Pontificem.
1310 1123 1312 1132 y

90 1145 234 1210 loannes
245 1145 294 1210 VI
316 1147 441 1212 Romae
465 1159 579 1212 coacta
602 1149 739 1233 synodo,
763 1159 835 1214 tum
850 1147 883 1214 S.
910 1147 1112 1229 Wilfridum,
1137 1158 1205 1212 tum

90 1243 158 1328 ejus
180 1242 391 1308 adversarios
414 1245 561 1328 audivit,
585 1255 618 1310 et
640 1248 837 1312 sententiam
861 1245 963 1328 dixit,
987 1267 1053 1330 qua
1076 1245 1109 1311 S.
1127 1245 1208 1310 Wil-

90 1341 211 1406 fridum
234 1341 306 1406 sedi
329 1365 409 1408 suae
430 1345 582 1408 restituit.

178 1438 230 1504 16.
254 1439 386 1506 Joanue
406 1440 455 1506 VI
478 1441 532 1505 die
556 1443 575 1505 9
595 1441 749 1506 lanuarii
776 1441 839 1507 705
864 1441 1040 1522 defuncto,
1063 1438 1107 1505 ad
1130 1456 1309 1524 pon-sem·
1323 1454 1370 1500 vn.

90 1535 251 1602 tificatum
281 1549 416 1602 evectus
448 1548 498 1603 est
519 1539 574 1604 die
609 1542 625 1604 1
651 1539 764 1604 Martii
785 1539 930 1604 Joaancs
969 1539 1034 1603 VII
1051 1538 1208 1616 Graecus,

91 1635 146 1719 qui
169 1633 302 1698 dnobus
323 1637 420 1700 annis
450 1645 483 1702 et
514 1648 639 1722 septem
672 1636 841 1701 mensibus
864 1636 1033 1702 Ecclesiae
1056 1634 1208 1722 praefuit.

92 1731 185 1812 Quae
208 1732 272 1798 sub
297 1735 367 1818 ipso
392 1733 501 1821 quoad
525 1755 668 1800 canones
684 1734 802 1818 synodi
817 1734 994 1800 ‘lbnllanac
1017 1733 1208 1812 acciderint,

87 1831 157 1916 jam
181 1829 341 1898 diximus.
388 1831 457 1898 Sub
481 1831 596 1898 eodem
619 1833 780 1898 Pontifice
803 1831 978 1918 Aripertus
1000 1853 1060 1896 rex
1082 1831 1209 1914 Longo·

91 1927 269 1994 bardorum
292 1931 530 2014 patrimonium
553 1928 691 2014 Alpium
715 1928 921 2012 Cottiarum,
946 1929 1067 2015 quibus
1090 1927 1209 1992 Genua

90 2037 122 2088 et
142 2035 211 2090 tota
235 2026 308 2111 ejus
331 2048 388 2091 cra
412 2028 576 2092 maritima
609 2049 712 2114 usque
740 2028 784 2092 ad
807 2027 890 2092 fines
913 2025 1042 2092 Galliae
1066 2028 1209 2090 contine·

91 2121 226 2205 benun,
254 2145 405 2210 quaeque
421 2124 589 2211 quondam
612 2124 731 2210 adjus
755 2124 965 2211 Apostolicae
989 2125 1086 2190 Sedis
1111 2125 1210 2208 perti·

91 2231 249 2303 nument,
286 2222 344 2286 sed
378 2245 398 2286 a
421 2222 652 2308 Longobardis
674 2223 806 2288 fuerant
828 2221 976 2304 ablatae,
1002 2224 1031 2286 ei
1055 2215 1208 2292 restituit

90 2317 244 2404 hancque
266 2321 505 2386 restitutionem
529 2323 638 2386 aureis
669 2322 826 2407 scriptam
859 2320 975 2385 litteris
998 2319 1136 2384 Romam
1163 2317 1209 2382 di·

90 2419 185 2482 rexit.
237 2417 350 2502 Atque
384 2417 439 2482 hic
474 2428 656 2504 opportune
691 2419 834 2483 occurrit
866 2415 1210 2493 animadvertendum,

90 2513 281 2600 hujusmodi
307 2518 505 2602 patrimonia
523 2539 581 2581 seu
595 2519 817 2602 possessiones
830 2517 1014 2580 Romanam
1026 2514 1211 2579 Ecclesiam

90 2635 156 2678 non
181 2623 313 2678 tantum
345 2613 518 2696 inItalia,
543 2614 658 2679 sedin
692 2614 845 2680 omnibus
877 2614 944 2678 fere
968 2613 1140 2677 christiani
1164 2631 1211 2675 or-

91 2711 142 2776 bis
156 2709 311 2796 partibus
324 2709 490 2776 habuisse.
527 2712 605 2778 Jam
622 2723 769 2798 tempore
783 2712 816 2778 S.
833 2711 984 2795 Gregorii
1001 2711 1046 2774 M.
1062 2710 1212 2774 Romana

92 2809 233 2874 ecclesia
248 2808 327 2874 talia
340 2812 539 2894 patrimonia
555 2811 743 2895 possidebat
757 2811 792 2873 in
803 2809 914 2891 Italia,
930 2807 1115 2888 Dalmatia,
1130 2807 1211 2871 Sici·

90 2905 146 2988 lis,
161 2907 335 2988 Sardinia,
361 2905 508 2989 Corsica,
533 2907 714 2993 Hispania,
731 2906 860 2986 Gallia,
884 2907 1001 2970 Africa
1025 2907 1114 2970 etin
1138 2903 1212 2968 aliis

92 3004 302 3090 regionibus.
327 3007 375 3070 uti
399 3028 441 3070 ex
472 3005 571 3091 hujus
593 3005 765 3070 Pontificis
790 3004 908 3069 litteris
932 3013 1070 3069 constat.
1116 3001 1212 3066 Aliae

92 3105 194 3168 etiam
230 3101 390 3168 ecclesiae
402 3154 411 3185 ,
443 3103 637 3189 praesertim
668 3102 929 3188 patriarchicae,
963 3100 1083 3166 similia
1116 3103 1213 3186 patri-

93 3203 206 3265 monia
218 3249 228 3282 ,
253 3222 312 3266 sau
333 3200 423 3267 bona
445 3199 630 3266 immobilia
645 3221 784 3287 quorum
808 3199 957 3264 redditus
980 3199 1024 3264 ad
1047 3198 1120 3262 illas
1144 3217 1214 3283 per.-

1 3371 2 3374 ¹
91 3299 261 3380 tinebant,
285 3297 508 3384 possidebant.
554 3298 801 3364 Proveniebant
824 3320 864 3362 ea
886 3307 957 3362 tum
990 3296 1215 3360 adunationi·

91 3395 158 3462 bus
193 3396 448 3462 christianorum
471 3396 711 3482 Imperatorum
747 3407 780 3460 et
814 3397 1004 3481 principum
1027 3416 1047 3457 a
1071 3403 1216 3478 tempore

94 3491 308 3560 Constantini
342 3495 388 3560 M.
423 3505 456 3558 et
489 3494 668 3581 deinceps,
703 3503 774 3559 tum
803 3495 908 3579 epiis
931 3492 1079 3558 fidelium
1102 3491 1218 3574 legatis

94 3603 129 3656 et
151 3591 389 3658 oblationibus.
434 3592 488 3656 Ex
512 3594 583 3657 istis
599 3593 808 3678 patrimoniis
829 3613 887 3655 seu
909 3589 1127 3676 proventibus
1151 3611 1217 3652 non

1 3723 2 3726 ¹
94 3701 228 3754 tantum
251 3689 465 3756 ecclesiarum
488 3692 717 3756 instaurationi
747 3701 779 3754 et
802 3689 968 3774 splendori
993 3697 1091 3772 atque
1115 3707 1218 3751 sacro·

95 3809 172 3852 rum
205 3790 432 3854 ministrorum
463 3789 710 3870 sustentationi,
740 3787 798 3852 sed
826 3808 1009 3873 pauperum
1037 3786 1147 3865 etiam,
1173 3785 1219 3846 vi·

1 3915 2 3934 .
97 3885 260 3968 duarum,
284 3885 507 3972 pupillorum,
541 3888 789 3972 peregrinorum
812 3885 1005 3969 indigentiis
1028 3881 1220 3946 consuleba-

96 3983 195 4068 tur1).
242 3983 343 4048 Plura
366 3984 407 4048 de
431 3983 483 4048 his
507 3985 644 4048 inferius
667 3993 846 4047 recurrent.

99 4173 314 4182 -—-------.---

181 4295 202 4364 ¹)
223 4294 256 4348 V.
276 4295 418 4361 u'outsrs,
436 4295 514 4350 nn
542 4300 563 4349 t.
581 4293 603 4348 I.
623 4307 648 4360 p.
667 4291 728 4346 390.
