2922 4832
314 493 365 546 lto
579 491 653 546 xlx.
674 489 880 546 Controversiae
900 499 928 546 et
946 491 1056 558 Imperii
1074 489 1185 546 indoles.

308 645 536 722 perceperant,
570 636 618 698 ito
649 635 683 698 in
706 632 789 698 clero
814 657 1018 721 permansere,
1053 632 1108 698 vel
1130 635 1185 719 qai
1213 655 1253 698 aa
1273 631 1335 698 illis
1352 645 1405 698 ratri

314 733 466 812 ordinati,
490 755 615 798 monae
638 735 674 797 io
696 732 789 798 clero.
828 731 879 798 Ita
907 753 1069 798 canonem
1092 729 1263 818 explicant
1283 729 1403 810 Rufinus

314 829 514 912 herrandus,
532 829 651 896 Graeci
664 831 859 916 interpretes
873 830 1062 913 Balsamon,
1077 829 1232 910 Zonaras,
1248 829 1405 907 Aristenuu

314 931 400 994 inter
421 930 630 1008 recentiores,
660 929 777 994 iratres
799 927 968 1011 Ballerini,
993 927 1194 1013 Bovaridge‚
1225 927 1299 992 Van
1319 927 1405 1011 Espen

313 1027 436 1114 aliique
459 1026 580 1113 plures.
617 1026 653 1094 Si
677 1027 760 1092 baec
784 1029 1010 1113 interpretatio
1032 1035 1172 1107 constat,
1196 1023 1317 1090 directe
1338 1023 1409 1088 udor

314 1125 531 1191 ordinationis
562 1125 827 1190 Novatianorum
862 1125 1069 1210 exprimitur.
1116 1123 1185 1189 Alii
1218 1134 1324 1188 tamen
1351 1144 1408 1186 aur·

313 1235 399 1288 tores
423 1225 624 1304 existimant,
649 1224 701 1308 agi
735 1223 775 1287 de
806 1243 965 1288 manuum
991 1224 1204 1309 impositione
1227 1224 1262 1286 in
1286 1219 1409 1286 Ecclesia

316 1321 481 1386 catholica
504 1320 674 1402 facienda,
708 1322 754 1384 ita
784 1331 821 1385 ut
853 1343 928 1385 cum
958 1322 1122 1406 Dionysio
1145 1321 1279 1404 Exiguo
1310 1329 1408 1382 verton

315 1418 394 1483 dum
428 1421 486 1483 sit:
519 1429 555 1483 ot
584 1420 818 1506 inpositionem
846 1441 960 1484 manae
991 1421 1179 1506 accipientes
1212 1419 1257 1482 ric
1290 1420 1323 1482 io
1348 1417 1413 1480 eloe

312 1527 531 1604 permancant.
556 1555 598 1564 —
623 1516 689 1581 Sed
720 1519 819 1581 etiam
848 1518 884 1582 in
913 1516 977 1581 bac
1001 1518 1226 1603 suppositione
1250 1515 1412 1581 nullatenus

315 1617 363 1678 uti
387 1614 568 1680 Gratianus
591 1616 746 1700 opinatus
769 1613 860 1699 est‚¹)
885 1615 927 1680 de
943 1616 1116 1680 iteratione
1136 1615 1349 1681 ordinationis
1363 1615 1412 1697 ogi·

315 1725 377 1792 tur,
402 1723 435 1778 at
459 1735 576 1777 manue
599 1711 656 1776 illa
678 1713 845 1798 impositio
874 1712 929 1778 vel
957 1715 1040 1777 ritue
1071 1712 1349 1780 reconciliatorius
1368 1725 1412 1774 est.

316 1810 367 1875 vel
407 1820 544 1875 externa
582 1813 791 1876 caeremonia
828 1810 1070 1876 benedictionis
1107 1819 1141 1876 et
1178 1811 1415 1876 consecrationis

315 1930 413 1996 quam
438 1929 539 1994 supra
562 1909 936 1996 commemoravimus.')
983 1909 1111 1974 Similia
1142 1909 1291 1974 decernit
1319 1907 1413 1972 Conci·

314 2006 395 2070 lium
420 2008 454 2071 in
478 2006 615 2092 epistola
638 2006 798 2091 synodica
821 2007 930 2094 quoad
954 2006 1090 2072 clericos
1113 2007 1323 2088 Meletianos,
1353 2005 1416 2070 dun

315 2126 370 2171 eos
387 2104 460 2170 vult
473 2103 712 2190 „prorostqrrr'pp
724 2100 904 2190 χειροτονίᾳ
915 2103 1183 2188 persentiscam
1198 2107 1232 2170 in
1250 2105 1334 2170 clero
1352 2125 1415 2166 eser.

315 2201 376 2268 Illa
391 2196 570 2287 χειροτονία
583 2201 802 2289 μυστικώτερα
817 2204 941 2290 optime
951 2202 1138 2290 explicatur
1148 2203 1190 2268 de
1205 2225 1360 2270 manuum
1373 2202 1416 2264 im·

316 2301 477 2386 positione
499 2300 771 2366 reconciliatoria.
799 2301 850 2366 Ex
874 2301 970 2367 modo
995 2301 1115 2388 agendi
1139 2325 1180 2367 ss.
1207 2301 1375 2368 Athanasii
1394 2312 1417 2358 ot

316 2397 448 2480 Basilii,
482 2399 538 2484 qui
571 2408 658 2464 certe
687 2397 827 2464 Concilii
859 2399 998 2466 Nicaeni
1030 2421 1180 2466 normam
1215 2399 1420 2486 sequebantur

317 2497 398 2562 dum
422 2497 593 2583 episcopos
616 2496 759 2563 Arianos
791 2507 828 2562 nt
850 2495 962 2562 valide
994 2497 1163 2564 ordinatos
1184 2496 1353 2564 habebant
1372 2515 1419 2558 ner

318 2597 436 2658 iterum
460 2593 673 2676 ordinabant,
707 2597 926 2681 peremptorie
955 2596 1185 2679 confirmatur,
1215 2595 1422 2662 ordinationes

317 2691 601 2758 schismaticorum
634 2703 667 2756 et
699 2692 939 2760 haereticorum
972 2694 1015 2761 ab
1051 2693 1108 2760 illa
1139 2693 1273 2779 Synodo
1308 2692 1422 2778 agnitas

317 2811 388 2856 esse
413 2800 448 2852 ut
472 2789 610 2872 validas,
635 2812 697 2855 nec
719 2791 1000 2856 reordinationem
1024 2791 1169 2878 aliquam
1195 2791 1369 2858 decretam.

407 2933 459 2996 27.
499 2929 595 3011 Quae
619 2933 653 2996 in
678 2930 828 2997 Concilio
853 2929 982 3020 Optano
1010 2935 1116 3020 primo
1146 2933 1305 2999 dicuntur
1327 2930 1366 2996 de
1393 2929 1423 2990 ir·

317 3031 381 3095 rita
405 3027 611 3094 ordinatione
635 3029 775 3094 Maximi
801 3030 939 3116 Cynici,
974 3042 1050 3117 apte
1083 3031 1292 3119 explicantur
1324 3051 1364 3094 ex
1392 3027 1424 3088 iis

318 3149 403 3214 quae
426 3127 651 3212 exposuimus.
698 3127 819 3213 Agitur
843 3129 883 3193 de
907 3132 1081 3208 exercitio,
1109 3129 1360 3217 jurisdictione,
1381 3123 1424 3188 bo·

319 3247 397 3291 nore
421 3235 454 3289 et
480 3223 601 3309 gradu,
637 3234 670 3288 et
692 3222 755 3290 hoc
789 3237 940 3312 respectu
971 3230 1071 3293 etiam
1099 3227 1230 3310 dicium,
1263 3249 1342 3292 eum
1372 3243 1424 3288 non

319 3324 420 3388 fuisse
444 3343 505 3387 nec
535 3343 606 3387 esse
629 3325 836 3410 episcopum,
868 3327 947 3412 quia
976 3325 1135 3391 videlicet
1164 3325 1241 3392 inde
1271 3323 1316 3390 ab
1346 3321 1426 3389 initio

321 3432 495 3507 usurpator
518 3431 596 3486 erat.
622 3417 730 3485 Simili
755 3422 852 3487 modo
867 3423 1039 3488 irritantur
1062 3445 1193 3511 quoque
1216 3423 1288 3510 ejus
1312 3421 1425 3487 ordino·

318 3523 433 3585 tiones.
480 3517 592 3599 Quum
623 3520 686 3604 ipsi
710 3518 859 3586 Concilio
887 3522 1090 3606 praesederit
1119 3524 1262 3608 primum
1287 3520 1427 3587 Meletos

320 3615 549 3684 Antiochenus
579 3615 622 3680 ab
645 3615 781 3682 Arianis
812 3619 999 3702 ordinatus,
1030 3629 1130 3706 patet,
1155 3620 1320 3706 synodum
1343 3639 1427 3703 agno·

320 3718 406 3781 visse
431 3712 577 3779 valorem
601 3713 821 3781 ordinationis
844 3715 1095 3786 haereticorum.
1120 3755 1162 3767 -—-
1186 3719 1239 3784 Ex
1262 3717 1339 3783 aliis
1358 3715 1428 3782 Coo·

321 3813 405 3879 ciliis
429 3813 651 3877 oecumenicis
673 3816 768 3878 varia
791 3815 880 3880 facta
902 3817 1013 3880 afferri
1037 3827 1184 3903 possunt,
1215 3816 1376 3904 equibus
1397 3815 1427 3874 si·

320 3911 443 3976 militer
465 3911 600 3992 eruitur,
625 3909 865 3978 haereticorum
889 3915 1115 3980 ordinationes
1138 3925 1174 3980 ut
1197 3913 1328 3982 validas
1350 3913 1429 3978 babi-

396 4116 417 4183 ¹)
436 4117 469 4170 In
488 4113 611 4182 inscript.
630 4114 664 4168 ad
682 4129 742 4170 can.
760 4117 785 4168 8.
805 4116 834 4170 O.
853 4117 878 4172 J.
899 4131 924 4184 q.
944 4117 968 4171 7.

321 4291 339 4342 p
367 4194 419 4330 332
437 4193 552 4248 Cononis
579 4192 708 4249 inriorem
736 4195 930 4262 expositionem
958 4198 1013 4256 vid.
1042 4197 1112 4268 epod
1141 4197 1347 4270 Empenmtber
1372 4199 1380 4254 l
1411 4213 1426 4248 c
