2926 4840
321 511 376 562 242
475 505 549 562 xv1.
588 505 691 560 Causae
710 503 827 560 celebres
846 512 875 560 et
893 503 1048 559 Decretales
1067 505 1289 566 Pseudolsidori.

322 650 500 716 Lotharius
536 669 613 714 eum
646 647 819 714 Hadriano
854 648 890 712 in
924 651 1123 714 monasterio
1161 650 1283 717 Montis
1315 651 1429 718 Cossini

323 749 549 825 convenisset,
573 745 700 812 ibidem
724 747 795 832 ipse
818 754 956 810 testatus
979 756 1044 828 est,
1077 769 1111 810 se
1135 749 1292 815 mandato
1316 751 1429 816 Nicolai

322 846 566 933 obtemperasse
601 854 634 909 et
668 843 942 909 consuetudinem
978 865 1053 908 eum
1083 844 1267 912 Waldrada
1303 849 1430 934 amplius

320 967 387 1010 nou
406 943 582 1026 habuisse;
605 940 740 1028 petebat
760 951 882 1023 tomen,
906 950 945 1005 ut
959 961 1060 1006 causa
1075 943 1327 1010 matrimonialis
1340 947 1430 1033 ipsius

320 1064 379 1128 per
401 1041 597 1107 Pontificem
631 1037 684 1103 vel
709 1039 780 1124 ejus
811 1038 936 1124 legatos
967 1040 1087 1104 iterum
1111 1042 1371 1126 examinaretur,
1399 1065 1430 1106 eo

320 1139 410 1226 quod
449 1146 613 1220 censeret,
654 1158 772 1202 causas
811 1137 988 1202 canonicas
1029 1137 1208 1204 dirimendi
1243 1142 1430 1206 matrimonii

320 1238 446 1304 adesse.
492 1236 686 1302 Hadrianus
708 1233 743 1299 11
775 1233 901 1300 ibidem
933 1255 1043 1300 coram
1066 1235 1225 1302 Lethario
1256 1241 1372 1304 missae
1393 1261 1450 1302 co

211 1357 212 1362 ¹
319 1336 443 1402 lemnia
481 1333 678 1415 celebravit,
716 1353 894 1419 regemque
932 1341 964 1397 st
1000 1335 1106 1398 socios
1136 1335 1207 1420 ejus
1245 1336 1290 1400 ad
1319 1359 1450 1401 sauram,

300 1501 302 1506 ,
321 1433 474 1519 synaxim
497 1431 641 1496 admisit.
680 1429 859 1496 Lotharius
874 1453 935 1494 rex
954 1429 1032 1495 dein
1048 1431 1187 1496 Romam
1202 1434 1362 1517 visitavit,
1384 1434 1430 1498 sed

321 1532 508 1616 receptione
532 1529 714 1594 honorifica
737 1550 803 1593 non
824 1528 980 1613 dignatus
1004 1537 1062 1594 ost.
1100 1529 1257 1596 Pontifex
1277 1532 1450 1620 tamenadj

321 1629 514 1692 convivium
539 1647 615 1690 eum
639 1625 782 1708 admisit,
808 1625 1067 1712 muneribusque
1091 1627 1133 1691 ab
1158 1647 1196 1692 eo
1217 1628 1336 1694 oblatis
1350 1653 1430 1716 quae-

322 1726 399 1791 dam
423 1746 560 1789 munera
583 1723 739 1790 reddidit.
770 1761 814 1770 -
844 1723 898 1787 Ex
922 1723 1104 1788 Hinomaro
1128 1724 1307 1792 Rhomensi
1337 1726 1450 1814 quoad,

322 1845 456 1889 eausam
472 1821 622 1887 Lotbarii
647 1831 804 1887 statutum
826 1830 884 1904 ost,
909 1830 945 1885 ut
960 1821 1153 1886 Hadrianus
1168 1823 1363 1890 Formosum
1378 1827 1432 1910 epi·
1449 1821 1450 1878 ἶ

322 1942 457 2008 scopum
474 1921 689 1985 Portuensem
714 1940 790 1984 oum
813 1918 879 1984 alio
904 1921 1057 2005 episcopo
1082 1923 1225 1985 mitteret
1249 1925 1284 1987 in
1303 1921 1450 1988 Galliam]

321 2031 358 2085 ut
379 2019 521 2104 legatos,
554 2019 611 2103 qui
635 2019 823 2082 accuratius
846 2038 915 2080 rem
940 2019 1145 2103 inquirerent
1175 2018 1216 2084 de
1240 2041 1346 2107 eaque
1368 2023 1450 2096 oum}

321 2118 484 2204 episcopie
524 2125 669 2199 agerent.
716 2115 804 2179 Dein
838 2116 872 2179 in
905 2115 1031 2200 synodo
1064 2116 1214 2181 Romana
1247 2105 1450 2183 celebrande?

321 2215 375 2280 die
401 2215 416 2278 1
443 2213 554 2278 Martii
586 2213 665 2277 anni
691 2212 772 2295 870,
803 2212 846 2277 ad
876 2235 974 2299 quarn
1006 2213 1116 2299 plures
1139 2212 1268 2280 Galliae
1300 2218 1430 2303 episcopi

320 2313 555 2392 convenirent,
588 2310 763 2375 definitive
794 2312 957 2374 sententia
980 2311 1150 2375 Pontificis
1182 2335 1234 2377 res
1258 2313 1450 2378 dirimenda

195 2403 198 2411 ¹
319 2410 429 2490 erat.¹)
478 2408 584 2472 Roma
615 2406 794 2472 Lotharius
833 2407 928 2472 brevi
971 2408 1141 2490 discessit,
1177 2410 1235 2475 sed
1271 2435 1372 2498 quum
1403 2399 1450 2474 iu

318 2528 422 2592 regna
456 2528 515 2571 sua
553 2505 694 2588 rediret,
735 2507 770 2570 in
810 2507 928 2570 itinere
963 2526 1039 2571 oum
1081 2506 1232 2594 pluribus
1267 2510 1450 2575 comitibus¹

320 2605 465 2670 violenta
496 2602 588 2669 febre
627 2614 795 2689 correptus
828 2604 908 2686 fuit,
945 2626 984 2668 ac
1017 2613 1087 2668 tum
1120 2604 1230 2690 plures
1263 2608 1336 2694 ejus
1363 2607 1430 2671 socii

320 2704 525 2784 interierunt,
549 2710 619 2765 tum
635 2703 706 2789 ipse
725 2701 778 2765 die
794 2701 828 2768 8⁰
843 2700 987 2786 Augusti
1004 2723 1105 2788 prope
1120 2702 1326 2769 Placentiam
1341 2715 1432 2770 morte
1449 2711 1450 2786 J

318 2799 475 2886 abreptus
508 2809 565 2864 est.
611 2798 767 2864 Plurimis
799 2820 838 2864 ea
872 2808 978 2863 aetate
1011 2821 1206 2885 persuasum
1245 2802 1327 2886 fuit,
1355 2801 1450 2888 justa³

318 2897 383 2962 Dei
399 2897 548 2963 vindicta
570 2896 657 2961 bano
679 2905 818 2960 mortem
835 2898 1041 2982 inopinatam
1065 2898 1236 2964 accidisse.
1274 2901 1308 2965 A
1329 2901 1450 2987 paucis

319 2997 423 3075 servis
453 2995 510 3081 qui
543 2996 734 3081 superstites
765 3005 873 3076 erant,
908 2994 1087 3060 Lotharius
1110 3018 1170 3060 rex
1193 2999 1229 3061 in
1253 2998 1391 3063 eeclesia
1411 3019 1432 3059 s.

318 3092 481 3158 Antonini
512 3113 615 3178 prope
638 3090 843 3156 Placentiam
877 3091 1023 3178 sepultus
1056 3094 1128 3159 fuit.
1175 3095 1365 3182 Teutberga
1394 3096 1432 3157 in-

317 3211 429 3276 gressa
461 3199 511 3254 est
539 3191 774 3254 monesterium
808 3213 833 3254 s.
866 3187 1114 3274 Chlodesindis,
1149 3193 1244 3279 cujus
1274 3193 1433 3259 abbatissa

318 3290 381 3354 fuit
404 3310 508 3374 usque
532 3287 575 3352 ad
598 3297 754 3371 mortem3
779 3288 837 3353 sed
861 3299 893 3353 et
914 3288 1099 3354 Waldrada
1123 3290 1318 3376 perhibetur
1341 3312 1432 3377 usque

318 3386 362 3454 ad
392 3386 518 3451 obitum
551 3387 706 3450 suumin
730 3389 928 3451 monasterio
954 3387 1198 3452 Remiremonte
1229 3399 1267 3452 ut
1291 3386 1432 3453 monialis

318 3485 541 3570 poenitentem
566 3485 670 3547 vitam
694 3483 841 3567 egisse.²)

169 3605 295 3648 mesum·
408 3582 461 3648 26.
492 3582 650 3646 Romanis
665 3580 883 3670 Pontificibus
899 3584 1031 3667 negotia
1050 3582 1172 3669 pluries
1195 3583 1328 3648 facessit
1344 3585 1431 3648 etiarn

163 3667 296 3710 mmm*
319 3681 513 3745 Hinomarus
540 3681 724 3744 Rbemcaais
753 3681 934 3766 episcopus,
969 3678 1109 3766 illaeque
1144 3703 1263 3746 causae
1295 3704 1333 3746 eo
1363 3678 1431 3744 cele·

318 3778 444 3842 briores
458 3787 544 3858 sunt,
570 3777 658 3863 quod
677 3798 790 3841 earum
807 3779 979 3842 occasione
996 3777 1037 3842 de
1052 3777 1285 3843 Decretalibus
1300 3777 1431 3843 Pseudo-

317 3875 436 3940 Isidori
469 3885 579 3938 actum
614 3877 664 3939 sit.
716 3875 918 3942 Hinomarus
951 3876 995 3964 (a.
1021 3875 1229 3960 sos-882)
1263 3899 1305 3941 ex
1339 3872 1429 3941 nobili

392 4035 412 4104 ¹)
431 4035 549 4088 Annales
568 4033 672 4089 Bertin.
692 4051 716 4088 a
734 4035 796 4089 869.
826 4035 923 4090 Utrum
941 4036 1007 4091 baec
1022 4036 1080 4106 jam
1098 4035 1127 4090 in
1146 4037 1239 4091 Monte
1259 4037 1375 4102 stino,
1394 4031 1429 4086 vsi

318 4113 418 4168 Rornae
436 4119 543 4168 statuta
561 4111 673 4180 fuerint,
693 4115 922 4184 controvertitur;
941 4131 974 4172 es
992 4117 1025 4171 de
1043 4132 1073 4172 re
1092 4115 1206 4170 inferius
1225 4123 1334 4186 agetur.

390 4193 412 4264 ²)
431 4195 471 4248 De
490 4209 571 4248 causa
584 4193 1032 4264 Lotnanicfrpraeeipueflefcle,
1052 4195 1080 4252 Ο.
1092 4196 1133 4262 G..
1152 4197 1183 4251 Β.
1194 4195 1249 4265 IV;
1266 4195 1430 4262 Dsmberger.

317 4273 347 4328 B.
368 4273 421 4342 IV;
441 4273 510 4343 Pagi
530 4273 699 4329 Brevioriurn
718 4273 767 4328 sub
785 4273 924 4331 NicolaoI
943 4284 971 4332 et
990 4276 1182 4346 Hadrisu0113
1202 4277 1315 4333 Sdralels
1334 4293 1372 4346 op.
1390 4273 1429 4326 cit.
