2932 4836
296 475 350 530 aut
611 473 700 528 XVII.
737 475 778 528 De
797 473 940 528 schismate
958 472 1101 528 Photiauo.

387 618 440 683 20.
474 618 513 682 In
547 617 665 704 mitoda
701 617 859 682 Trallianos
891 615 1011 682 Graeci
1045 615 1187 702 superba
1218 621 1406 703 arrogantia,

299 717 369 779 sine
392 715 458 780 ullo
481 716 618 792 motivo,
643 713 853 800 disciplinam
868 714 1106 780 occidentalem
1126 716 1405 800 reprehenderam

299 815 364 878 imo
396 814 494 877 etiam
520 813 677 876 Romanis
700 811 921 876 Pontificibus
951 822 984 876 et
1007 812 1182 878 Occidenti
1214 813 1305 899 leges
1327 836 1407 900 prae-

298 911 441 976 scribere
457 919 712 975 attentaverant.
753 911 842 975 Dein
858 909 1019 974 violenter
1034 913 1223 996 eripuerant
1238 912 1318 977 Sedi
1332 914 1406 998 Apo·

147 1012 270 1124 hm?
299 1009 432 1074 atolicae
451 1010 637 1094 provincius
660 1007 829 1094 Illyricas,
854 1007 1020 1072 dioeceses
1042 1008 1159 1074 Italiae
1183 1009 1407 1090 meridionalis,

248 1103 254 1115 '
298 1131 338 1172 ac
371 1107 570 1193 patrimonia
597 1105 802 1191 amplissima
834 1106 869 1170 in
898 1105 997 1170 Italia
1028 1117 1061 1170 et
1083 1105 1198 1171 Sicilia
1229 1111 1302 1172 sita.
1348 1107 1407 1172 Nec

298 1207 409 1270 omnia
428 1205 500 1286 ista,
525 1206 679 1288 quamvis
697 1204 880 1289 justissime
896 1203 1130 1269 reclamassent
1145 1204 1211 1271 RR.
1228 1205 1406 1285 Pontifices,

298 1304 448 1366 restituta
471 1301 618 1382 fuerant,
643 1303 742 1366 etiam
766 1311 940 1388 postquam
965 1302 1097 1366 devicta
1120 1303 1405 1369 Iconomachorum

297 1401 425 1465 haeresi
446 1422 512 1485 pax
528 1409 687 1464 renovata
707 1399 778 1464 suit.
818 1398 977 1484 Spoliatio
993 1399 1049 1465 illa
1063 1400 1232 1466 Romanae
1247 1391 1407 1466 Ecclesiae

298 1498 396 1564 valde
420 1498 502 1562 dura
526 1509 558 1562 et
582 1500 701 1562 nociva
726 1509 814 1582 erat,
839 1503 1034 1584 summaque
1058 1499 1181 1585 injuria
1203 1502 1276 1586 ipsa
1299 1501 1407 1563 affecta

297 1599 369 1677 fuit,
394 1596 474 1662 dum
498 1597 689 1680 provinciae
708 1597 854 1680 integrae
875 1597 946 1681 ejus
965 1596 1190 1682 jurisdictioni
1204 1595 1407 1683 patriarchali

298 1693 586 1760 subtrahebantur.
639 1693 813 1778 Vidimus,
849 1693 1058 1759 Hadrianum
1091 1695 1109 1759 Ι
1141 1698 1174 1760 in
1208 1719 1246 1760 ea
1280 1694 1407 1782 epistola

297 1813 396 1878 quam
429 1813 487 1877 pro
522 1790 671 1856 Concilio
705 1793 851 1857 Nicaeno
874 1792 908 1856 Π
942 1793 1072 1878 scripsit
1103 1794 1147 1858 ad
1180 1793 1336 1860 Carolum
1359 1793 1406 1874 tl,

298 1892 338 1956 de
372 1892 443 1954 istis
479 1889 747 1974 usurpationibus
785 1913 907 1974 magna
940 1913 1015 1955 oum
1048 1893 1270 1957 amaritudine
1309 1913 1406 1976 agere.

297 1987 507 2072 Graecosque
540 1986 617 2052 inde
641 1987 759 2072 dignos
792 1987 916 2071 dicere,
950 1990 1007 2075 qui
1031 2001 1068 2053 ut
1090 1990 1292 2056 schismatici
1324 1989 1406 2074 rejici

296 2097 439 2173 possent.
459 2123 502 2133 -
524 2084 630 2150 Multa
653 2087 754 2171 igitur
776 2081 870 2150 'erant
891 2086 980 2150 facta
1004 2109 1045 2150 ex
1068 2098 1162 2174 parte
1186 2086 1406 2154 Orientalium.

296 2195 431 2271 propter
453 2205 537 2270 quae
554 2182 785 2249 Occidentales
808 2184 848 2249 iis
871 2186 987 2249 merito
1004 2185 1254 2252 succensebant.
1293 2183 1406 2250 Nihilo·

296 2284 406 2347 minus
421 2282 561 2346 Romani
580 2281 758 2346 Pontifices
782 2280 919 2346 sollicite
944 2282 1122 2348 studebant
1144 2305 1261 2370 pacem
1285 2294 1318 2348 et
1340 2304 1406 2346 con·

297 2379 444 2446 cordiam
468 2400 674 2462 conservare,
698 2379 852 2464 prudenti
877 2383 1069 2444 oeconomia
1092 2382 1196 2446 multa
1218 2384 1318 2446 tacite
1339 2379 1405 2444 tole·

296 2477 433 2558 rabant,
478 2487 510 2540 et
551 2476 791 2541 discordiarum
833 2480 1022 2542 occasiones
1064 2489 1226 2565 quantum
1265 2489 1408 2566 poterant

297 2575 479 2640 evitabant.

386 2674 439 2738 21.
464 2671 530 2737 Sed
545 2671 730 2738 Orientales
753 2672 935 2737 ambitione
958 2682 990 2737 et
1013 2673 1180 2739 simtdtate
1196 2674 1324 2760 abrepti
1342 2673 1404 2758 jam

298 2771 422 2836 dudum
448 2768 728 2834 vehementiorem
761 2773 860 2834 etiam
886 2773 1100 2836 irritationem
1125 2774 1160 2836 in
1184 2770 1405 2838 Occidentales

297 2868 473 2950 fovebant,
514 2891 553 2932 ac
588 2867 782 2932 decurrente
818 2879 964 2954 tempore
998 2891 1111 2934 eorum
1147 2872 1276 2935 aversio
1312 2867 1405 2952 magis

298 2969 468 3052 magisque
501 2967 615 3030 crevit.
662 2965 888 3051 Displiouerat
912 2965 1054 3030 CPtanis
1087 2967 1200 3048 valde,
1235 2967 1324 3054 qnod
1347 2965 1404 3030 Rll.

297 3064 473 3128 Pontifices
503 3085 573 3127 sese
597 3071 800 3150 opponerent
824 3063 887 3127 illis
912 3062 1135 3129 Consiliorum
1163 3062 1288 3130 CPtani
1318 3063 1403 3150 primi

298 3171 331 3225 et
347 3160 626 3226 Chalcedonensis
650 3161 799 3243 decretis,
824 3161 944 3247 quibus
964 3161 1139 3248 privilegia
1156 3163 1243 3228 sedis
1263 3161 1404 3227 CPtanae

298 3259 500 3344 amplificata
533 3270 634 3324 crant.
669 3291 711 3306 -
745 3259 857 3339 Quum
881 3259 993 3324 Latini
1017 3261 1051 3324 in
1076 3263 1309 3324 controversiis
1338 3258 1403 3322 fidei

298 3359 455 3422 continuo
487 3379 558 3421 sese
580 3358 765 3441 superiores
788 3356 1014 3438 ostenderent,
1048 3368 1082 3421 et
1114 3367 1227 3422 contm
1250 3355 1404 3444 praesules

298 3455 479 3520 haereticos
503 3453 647 3519 Orientis
679 3453 722 3518 ah
746 3455 826 3538 ipsis
857 3452 1072 3518 orthodoxiae
1103 3457 1312 3520 conservatio
1335 3464 1403 3518 esset

298 3550 449 3637 petenda,
474 3550 639 3616 simultate
664 3560 696 3614 et
719 3551 848 3616 invidia
872 3551 1049 3616 multorum
1071 3552 1291 3618 Orientalium
1315 3551 1403 3617 animi

299 3766 408 3820 OPtano
427 3764 494 3830 dari,
514 3765 584 3832 quod
602 3765 689 3818 locum
707 3764 824 3832 aliquem
841 3765 1016 3820 habitabilem
1035 3765 1176 3834 gubernet.
1212 3765 1263 3820 Sed
1281 3763 1403 3834 probabile

254 3911 255 3914 Ἰ
299 3851 354 3910 est,
379 3861 423 3899 eos
448 3845 554 3900 nomine
578 3849 738 3915 οἰκουμένης
763 3850 864 3912 (terrae
889 3845 1056 3907 habitabilis)
1081 3844 1250 3914 significasse
1273 3843 1402 3913 Imperium

298 3925 430 3980 orientale
454 3923 631 3979 christianum
655 3924 729 3978 illius
754 3926 896 3993 temporis,
927 3933 1060 3992 quatenus
1083 3923 1213 3992 ejusmodi
1237 3939 1329 3980 nomen
1351 3921 1402 3976 huic

298 4005 413 4074 Imperio
431 4005 488 4056 κοτ’
502 4006 599 4073 ἐξοχὴν
618 4003 803 4060 conveniebat.
841 4006 973 4072 Reliquae
991 4005 1115 4074 regiones
1133 4021 1167 4060 ex
1185 4005 1320 4060 sentemia
1332 4002 1401 4056 Grae-

298 4101 389 4140 corum
407 4101 424 4138 a
442 4084 564 4139 barbaris
582 4084 738 4139 nationibus
757 4085 990 4140 inhabitabantur.
1027 4083 1088 4139 Tali
1112 4099 1192 4139 musa
1218 4084 1304 4153 igitur
1319 4095 1400 4137 nomeu

298 4165 470 4233 patriarchae
488 4165 650 4219 oecumenici
670 4165 851 4233 exponebant3
877 4165 1084 4234 explicationem
1102 4179 1166 4219 vero
1184 4163 1340 4219 duntaaius
1356 4175 1400 4213 nou

300 4246 334 4299 ad
353 4245 486 4310 amussim,
506 4246 552 4298 sed
571 4251 678 4299 matum
697 4260 731 4300 ex
749 4251 828 4313 parte
846 4246 1028 4301 intellexerat.
