2932 4836
322 488 363 542 De
381 487 567 542 Decretallbns
585 487 868 544 Pseudo-isidorianis.
1105 492 1158 548 307

58 653 159 716 magno
182 654 257 696 oum
281 633 395 716 vigore
418 653 573 696 exercere
596 633 688 696 nisus
711 641 770 698 est.
816 631 915 712 Quod
940 637 967 698 si
986 635 1057 720 jam
1079 635 1159 700 fecit

57 739 214 816 antequam
245 732 274 794 ei
300 737 378 793 nota
401 739 485 794 esset
509 727 665 794 Collectio
689 729 826 812 Isidori,
859 733 979 796 mirum
1008 743 1157 810 nonest,

56 831 77 892 si
97 830 127 892 in
147 827 210 893 hac
231 825 353 913 agendi
378 828 434 890 via
457 827 539 891 sorte
558 826 772 892 confirmatus
786 838 845 909 est,
868 839 1043 915 postquam
1058 832 1158 895 etiam

55 925 160 990 Pomm
183 927 398 990 innotuerunt
414 923 762 991 Pseudo-Decretales.
809 926 883 990 Hac
907 929 1034 992 ratione
1058 930 1160 1012 igitur

53 1023 167 1087 admitti
191 1032 317 1109 potest,
342 1031 491 1088 ecetram
515 1033 661 1108 tempore
685 1023 831 1105 Nicolai,
863 1035 933 1088 tum
957 1035 1064 1090 aetate
1087 1047 1157 1111 pro-

53 1123 128 1186 xime
158 1119 381 1206 subsequente
413 1119 540 1206 aliquid
571 1118 806 1195 contribuisse,
840 1132 876 1185 ut
908 1124 1013 1207 magis
1036 1123 1158 1188 stabili·

52 1232 124 1284 aar
145 1229 177 1284 et
199 1218 438 1302 confirmaretur
459 1217 533 1282 talis
548 1217 744 1304 disciplinae
758 1218 885 1300 modus,
910 1242 975 1306 quo
991 1221 1159 1286 &manus

53 1317 191 1382 Pontifex
226 1317 432 1402 frequentius
466 1325 499 1380 et
530 1316 645 1402 majori
677 1318 790 1400 vigore
825 1327 923 1404 atque
958 1319 1089 1383 influxu
1123 1319 1158 1382 in

46 1416 168 1500 judiciis
199 1425 232 1480 et
262 1414 372 1478 causis
402 1414 630 1499 episcoporum
664 1424 697 1478 et
727 1414 942 1480 conciliorum
973 1418 1157 1502 provincia·

50 1513 117 1577 lium
140 1513 366 1579 interveniret.

126 1611 200 1677 102.
234 1609 285 1673 Ne
310 1631 387 1672 vero
412 1609 619 1695 ds‘fficdtutes
642 1609 817 1674 videamur
840 1613 1001 1696 effugere,
1031 1623 1159 1696 oportet

50 1709 194 1774 hocloco
219 1706 409 1792 expendere
432 1717 675 1790 argumentum,
704 1729 769 1793 quo
793 1707 834 1772 de
857 1707 995 1794 Regnon
1020 1708 1159 1794 probare

49 1821 173 1872 conatus
197 1819 258 1886 est,
282 1826 399 1869 revera
422 1804 595 1870 aNicolao
619 1807 654 1869 vi
670 1803 881 1872 Collectionis
895 1806 1158 1872 Pseudo-Isidori

48 1920 73 1967 et
103 1906 299 1970 auctoritate
335 1902 466 1968 illarum
495 1893 741 1983 Decretalinm,
777 1904 999 1969 omnimodam
1035 1905 1158 1969 factam

47 2025 106 2066 esse
132 2003 222 2088 juris
254 2002 470 2065 mutationem
494 1999 604 2086 quoad
623 2000 754 2086 judicia
777 2003 1015 2086 episcoporum.
1065 2000 1158 2066 Com-

45 2112 129 2186 parat
152 2121 232 2164 oum
256 2098 396 2184 epistola
418 2097 492 2178 illa,
526 2101 648 2184 scripte
671 2122 692 2163 a
714 2098 851 2164 Nicolao
874 2121 904 2163 a.
930 2099 994 2165 865
1026 2098 1070 2163 ad
1093 2101 1159 2185 epi-

46 2221 149 2284 scopos
164 2195 309 2276 Galliae,
333 2218 399 2281 qua
422 2197 572 2260 restituto
587 2195 752 2262 Rotbadio
776 2199 1037 2262 auctoritatems
1062 2197 1159 2264 Sedis

46 2297 73 2359 in
108 2293 307 2382 judicandis
349 2303 382 2358 et
429 2293 634 2379 deponendis
674 2296 838 2380 episcopis
874 2295 1000 2360 fortiter
1038 2305 1157 2379 tuetur,

44 2395 131 2459 aliam
163 2390 358 2480 epistolam,
389 2413 487 2477 quam
512 2391 668 2456 Pontifex
698 2411 728 2457 a'.
754 2393 818 2457 862
842 2395 974 2479 scripsit
1003 2394 1046 2458 ad
1070 2392 1157 2459 Salo·

45 2514 164 2558 monem
191 2491 389 2555 Britanniae
417 2491 553 2554 minoris
576 2511 698 2576 regem.
745 2489 918 2572 Advertit,
952 2491 1069 2556 eidem
1091 2491 1159 2556 alia

43 2590 129 2673 plane
162 2589 332 2676 principia
365 2589 523 2673 proponi,
559 2599 592 2652 et
615 2587 875 2674 metropolitanis
898 2589 1001 2654 multo
1033 2590 1159 2676 majora

39 2688 106 2772 jora
118 2685 272 2766 attribui,
297 2684 481 2749 secundum
503 2683 714 2771 disciplinam
728 2687 910 2771 antiquam.
950 2685 1062 2767 Quum
1079 2709 1158 2752 vero

42 2809 119 2850 anno
144 2786 215 2850 864
236 2782 394 2848 Collectio
410 2781 674 2848 Prendo-Isidori
698 2783 741 2848 ad
765 2784 918 2848 notitiam
934 2783 1063 2849 Nicolai
1087 2806 1158 2870 per·

43 2885 199 2966 venisset,
234 2892 267 2946 et
299 2881 422 2946 exinde
454 2883 588 2946 omnino
622 2881 754 2946 diversa
786 2881 829 2946 ab
858 2883 929 2967 ipso
962 2881 1157 2963 statuantur,

39 2982 104 3062 jore
127 2979 331 3046 concludere
363 2977 455 3060 licet,
488 2978 684 3043 Pontificem
716 2980 750 3042 vi
779 2978 910 3043 illarum
932 2979 1158 3045 Decretalium

42 3078 249 3166 disciplinam
273 3077 405 3162 penitus
428 3077 629 3142 immutasse.

122 3177 201 3242 103.
227 3174 272 3239 Ut
287 3194 373 3259 quae
388 3171 453 3237 huc
468 3175 636 3258 pertinent
650 3173 886 3259 intelligantur,
907 3177 1021 3262 paucis
1036 3175 1158 3240 referre

42 3275 209 3354 convenit,
243 3293 406 3357 quaenam
438 3293 476 3335 eo
500 3281 647 3357 tempore
671 3272 761 3358 apud
784 3273 937 3338 Britones
964 3274 1156 3340 acciderint.

41 3371 157 3436 l'ersns
181 3391 310 3435 annum
333 3369 399 3434 850
413 3370 617 3434 Nomenoius
640 3371 795 3455 princeps
811 3371 994 3452 Britonum,
1020 3392 1158 3436 excussa

40 3468 242 3535 Francorum
266 3467 507 3548 dominatione,
531 3468 702 3552 proprium
727 3466 790 3530 sibi
814 3491 952 3552 regnum
977 3471 1156 3548 constituit,

40 3581 130 3653 atque
155 3569 230 3653 ipse
252 3587 312 3630 rex
336 3575 415 3630 tunc
440 3564 623 3642 Alethensi,
646 3565 829 3648 Briocensi,
854 3567 1062 3649 Trecorensi,
1087 3589 1157 3630 oae-

40 3668 178 3752 terisque
204 3665 261 3751 qni
286 3665 320 3728 in
344 3663 415 3748 ejus
439 3662 564 3726 ditione
587 3672 682 3726 erant
697 3664 869 3748 episcopis,
895 3664 1073 3729 Dolensem
1090 3667 1156 3750 epi·

40 3784 173 3849 scopum
199 3760 442 3846 metropolitani
461 3761 538 3846 jure
562 3761 741 3846 proposuit.
787 3759 953 3826 Volebant
976 3764 1065 3827 enim
1086 3763 1157 3826 Bri·

41 3875 142 3942 tones,
179 3863 227 3925 uti
252 3880 376 3923 novum
404 3878 543 3943 regnum
568 3868 779 3942 creaverant,
814 3861 859 3924 ita
889 3869 922 3923 et
945 3883 1069 3926 novum
1093 3860 1156 3925 sibi

41 3957 326 4045 metropolitanum
360 3959 535 4037 suscitare,
573 3977 675 4040 quum
710 3976 854 4044 eousque
887 3958 948 4022 sub
972 3957 1156 4022 Turonensi

41 4055 288 4143 metropolitano
330 4053 418 4122 illius
450 4057 594 4138 regionis
630 4055 777 4140 episcopi
809 4056 958 4120 fuissent.
1011 4057 1157 4121 Auctore

41 4157 189 4240 principe
213 4155 315 4238 igitur
337 4151 480 4216 schisma
503 4153 628 4216 factum
657 4161 707 4215 est
730 4151 860 4218 illorum
884 4155 1112 4238 episcoporum
1137 4178 1157 4218 a

40 4247 184 4334 legitimo
210 4253 355 4336 ipsorum
374 4251 635 4336 metropolitano,
661 4260 694 4314 et
715 4248 789 4315 lites
811 4254 872 4316 ista
893 4251 934 4316 de
951 4275 985 4316 re
1001 4252 1156 4316 diuturno

995 4359 1048 4411 20*

1190 3183 1301 3227 Britonmn

1213 3257 1283 3288 esen.
