3002 4836
290 494 327 550 44
646 495 685 550 De
703 495 807 552 haeresi
826 495 1060 550 lconociastarum.

292 637 381 702 facta
405 639 438 702 in
463 640 598 724 eosqui
630 640 791 722 imagines
824 640 903 704 istas
926 638 1126 719 intulissent,
1151 637 1260 724 plures
1283 637 1412 703 nobiles

292 735 382 800 viros
407 735 477 800 dire
502 746 692 821 persecutus
720 746 786 816 est,
811 735 940 801 Irenem
973 757 1051 800 vero
1075 735 1190 801 durius
1214 737 1411 820 increpitam

292 841 325 896 et
348 842 534 918 negantem,
560 835 719 918 imagines
743 833 816 898 illas
839 835 913 918 ipsa
935 835 1067 898 conscia
1091 833 1138 898 ibi
1162 832 1350 912 delituisse,
1376 834 1411 896 in

293 930 430 995 exilium
443 931 575 1017 abjecit.
589 970 630 979 -
647 930 759 1012 Quum
783 931 836 996 die
861 931 1069 996 6Fobruarii
1100 932 1179 996 anni
1205 931 1269 995 780
1292 930 1412 994 Niceta

291 1026 485 1094 Patriarcba
510 1027 662 1094 CPtanus
694 1029 843 1111 obiisset,
878 1031 912 1097 in
945 1029 1016 1115 ejus
1046 1049 1267 1094 successorem
1295 1027 1413 1112 selegit

292 1126 476 1212 Imperator
497 1125 637 1192 Paulum
669 1127 843 1208 lectorem,
879 1128 985 1192 abeo
1018 1148 1096 1192 vero
1121 1128 1242 1211 exegit,
1267 1137 1304 1190 ut
1322 1127 1413 1211 jure·

288 1224 432 1310 jurando
464 1227 683 1309 promitteret,
712 1247 746 1290 se
771 1223 895 1290 cultum
919 1226 1102 1310 imaginum
1135 1245 1202 1287 non
1226 1245 1296 1288 esse
1319 1225 1413 1288 resti-

293 1331 451 1386 tuturum.
498 1322 537 1386 Id
561 1322 695 1408 quidem
728 1323 821 1388 initio
851 1321 976 1386 Paulus
1009 1321 1198 1407 promittere
1231 1323 1341 1386 renuit
1365 1344 1412 1385 se-

294 1419 436 1505 demque
462 1419 629 1484 CPtanam
653 1423 804 1507 accipere
827 1420 1027 1502 declinavit3
1052 1419 1185 1484 demum
1209 1429 1320 1483 tamen
1345 1440 1412 1482 ces-

293 1519 336 1581 sit
359 1517 563 1604 Imperatori,
588 1527 620 1583 et
642 1521 798 1604 praestito
831 1517 993 1604 ejusmodi
1012 1517 1229 1603 jurejurando
1259 1511 1412 1580 currente

295 1615 557 1699 Quadragesima
583 1613 670 1680 illius
694 1617 772 1680 anni
797 1617 831 1680 in
859 1615 970 1680 sedem
999 1615 1168 1680 OPtanam
1192 1625 1327 1678 evectus
1350 1621 1413 1678 est.

295 1713 414 1778 Utrum
437 1712 494 1777 tali
519 1715 553 1776 in
577 1735 611 1776 re
628 1713 767 1792 Paulus,
791 1715 848 1799 qui
872 1713 997 1778 cultum
1014 1713 1197 1798 imaginum
1220 1711 1347 1778 licitum
1381 1723 1415 1775 et

294 1813 387 1896 pium
411 1832 481 1874 esse
510 1821 597 1875 certe
620 1811 767 1890 tenebat,
792 1812 927 1896 ignavia
959 1811 1184 1876 ambitioneve
1216 1811 1335 1875 ductus
1359 1811 1413 1887 sit,

294 1932 337 1972 an
363 1929 439 1972 vero
465 1911 629 1973 censuerit
659 1910 850 1974 oeconomia
879 1911 1025 1996 practica
1057 1908 1100 1974 ad
1124 1909 1249 1995 majora
1273 1907 1414 1972 vitanda

295 2005 381 2070 mala
412 2005 572 2092 ejusmodi
605 2009 855 2092 promissionem
886 2006 1001 2089 licere,
1035 2004 1171 2071 difficile
1207 2015 1255 2070 est
1287 2005 1413 2070 dicere.

295 2103 359 2168 Die
385 2105 404 2168 8
429 2107 550 2168 mensis
567 2104 770 2191 Septembris
793 2105 872 2168 anni
890 2104 953 2168 780
976 2117 1124 2168 mortuus
1148 2113 1197 2168 est
1211 2104 1289 2186 Leo,
1314 2105 1415 2190 eique

293 2204 452 2266 suecessit
479 2201 704 2267 Constantinus
733 2203 781 2265 VI
808 2201 1122 2288 Porphyrogenitus,
1147 2201 1235 2266 filius
1260 2201 1330 2288 ejus
1356 2201 1413 2265 de-

296 2301 420 2380 cennis,
446 2299 507 2362 sub
538 2299 640 2363 tutela
671 2301 784 2364 matris
809 2301 925 2365 Ircaes.
973 2299 1042 2364 Sub
1076 2301 1192 2368 horum
1222 2301 1416 2387 principatu

296 2420 374 2462 usus·
400 2409 431 2460 et
456 2396 562 2461 cultus
587 2420 754 2462 sacrarum
780 2399 963 2483 imaginum
987 2400 1128 2463 restituti
1154 2407 1239 2463 sunt.

815 2820 899 2884 m.

421 2951 726 3018 novocastro
752 2952 1050 3018 oecumenico
1077 2951 1287 3030 septtmo.

384 3083 437 3146 49.
464 3083 574 3164 Quum
604 3094 757 3168 quartum
789 3083 918 3168 imperii
952 3105 1077 3146 annum
1101 3092 1236 3166 agerent
1259 3084 1354 3147 Irene
1386 3095 1420 3148 ct

296 3179 531 3244 Constantinus
555 3181 599 3268 (a.
634 3179 727 3266 784),
753 3181 875 3245 Paulus
903 3179 1092 3266 patriarcha
1124 3179 1277 3244 CPtanus
1301 3181 1419 3246 morbo

294 3279 433 3342 affectus
456 3299 498 3341 ex
522 3279 691 3364 inopinato
726 3278 852 3342 dimisit
882 3300 1002 3341 munus
1026 3300 1121 3341 suum
1145 3301 1184 3341 ac
1209 3277 1419 3361 dignitatem,

294 3385 327 3438 et
346 3375 497 3439 habitum
514 3377 734 3439 monasticum
749 3377 782 3440 in
799 3375 831 3441 S.
849 3375 938 3442 Flori
955 3377 1152 3440 monasterio
1168 3377 1317 3460 sumpsit.
1353 3376 1419 3440 Irn-

294 3473 449 3557 pcratrici
475 3472 707 3560 nobilibusque
738 3476 818 3537 viris
851 3475 893 3538 ad
918 3476 1026 3558 ipsum
1050 3473 1285 3537 accedentibus
1309 3473 1417 3540 deela-

295 3573 391 3649 ravit,
417 3593 450 3634 se
474 3570 646 3636 abdicasse
671 3573 862 3657 episcopatu
888 3571 1037 3652 OPtano,
1062 3570 1151 3657 quod
1174 3583 1351 3655 angeretur
1375 3574 1419 3636 ob

295 3671 546 3754 promissionem
571 3671 675 3734 Leoni
701 3671 822 3734 factam
856 3669 897 3734 de
931 3691 997 3734 non
1021 3669 1222 3734 restituendo
1247 3689 1419 3734 sacrarum

294 3769 477 3850 imaginum
507 3768 612 3850 cultu,
642 3789 762 3853 cosque
794 3790 914 3852 magno
946 3789 1021 3832 cum
1046 3766 1156 3832 dolore
1180 3765 1330 3832 hortatus
1356 3776 1419 3849 est,

295 3875 331 3927 ut
355 3866 568 3949 providerent
591 3867 675 3930 tristi
700 3865 881 3932 conditioni
913 3864 1071 3930 ecclesiae
1095 3862 1182 3927 illius
1206 3861 1248 3926 ab
1272 3863 1347 3928 aliis
1372 3887 1421 3928 se-

294 3971 439 4047 paratae,
464 3977 565 4051 utque
599 3964 721 4048 rejecto
755 3985 862 4028 errore
888 3966 921 4028 in
946 3965 1120 4049 pristinum
1150 3970 1273 4025 statum
1296 3984 1348 4026 res
1373 3985 1422 4026 re-

294 4061 478 4126 stituerent.
526 4060 627 4125 Pardo
661 4071 735 4145 post
768 4062 851 4126 obiit
873 4061 1005 4143 Paulus,
1037 4069 1069 4124 et
1097 4060 1251 4124 Taraciae
1274 4061 1330 4144 qui
1356 4059 1422 4124 Im·

153 4183 253 4227 rmus
295 4160 439 4243 peratori
464 4183 483 4222 a
507 4158 738 4223 secretioribus
753 4159 920 4224 mandatis
936 4170 1015 4240 erat,
1032 4155 1225 4221 Patriarcha
1250 4155 1421 4221 inlocum

153 4245 255 4297 cm·
296 4253 390 4319 Pauli
416 4255 606 4338 designatus
630 4267 688 4322 est,
734 4257 822 4320 Eum
838 4268 873 4320 ut
892 4256 1125 4340 dignissimum
1148 4277 1166 4316 a
1195 4253 1316 4339 populo
1342 4277 1424 4341 quo·
