2922 4832
325 483 365 537 De
384 483 556 553 oppressione
574 483 711 540 libertatis
728 485 873 541 Ecclesiae
1108 485 1163 541 189

51 624 186 690 ecclesiis
210 647 404 690 concessum
427 635 477 691 est
499 626 652 713 parochis
676 629 861 710 civitatum,
886 627 943 692 ubi
956 627 1162 692 decimarum

50 721 132 802 nihil,
155 722 241 788 nihil
264 725 486 810 primitiarum
512 724 680 810 colligunt,
714 748 756 790 ox
779 726 1065 791 administratione
1089 726 1164 811 ipsa

49 831 318 886 sacramentorum
365 833 563 908 spontaneas
610 822 794 888 oblationes
839 825 1010 910 accipere,
1057 825 1163 910 jussis

49 920 136 983 etiam
173 942 234 1006 par
277 922 465 985 sanctiones
504 923 683 986 canonicas
721 923 897 1008 episcopis,
944 931 981 986 ut
1027 921 1162 1007 plebem

48 1027 156 1101 cogant
166 1027 317 1104 pastores
341 1040 418 1084 suos
442 1018 495 1083 bis
518 1021 714 1084 necessariis
738 1020 984 1104 erogationibus
1007 1019 1163 1102 alere.“¹)

47 1114 139 1179 Vides
164 1117 276 1201 igitur,
301 1118 336 1180 in
361 1115 544 1182 Occidente
569 1139 730 1183 canonem
753 1121 917 1204 pecuniae
940 1118 982 1183 ab
1007 1117 1161 1183 ordinan-

47 1211 90 1276 dis
103 1214 324 1300 recipiendae,
348 1223 523 1300 propterea
546 1217 692 1280 maxime
716 1225 753 1280 ut
775 1216 918 1281 abusum
941 1218 1160 1281 simoniacum

45 1315 256 1398 proscriptum
279 1313 402 1396 fuisse,
435 1313 525 1399 quod
549 1312 659 1378 nullus
681 1313 797 1378 titulus
821 1314 968 1397 adesset,
1001 1314 1062 1379 sub
1093 1337 1162 1401 quo

46 1410 198 1494 ejusmodi
231 1419 310 1475 taxa
342 1413 446 1498 recipi
478 1413 647 1497 potuisset.
694 1411 792 1479 Unde
816 1415 932 1477 merito
957 1422 994 1477 ut
1016 1416 1158 1499 pretium

45 1509 137 1592 ipsius
152 1508 372 1574 ordinationis
396 1510 642 1575 traducebatur.
667 1549 710 1557 —
734 1509 800 1577 Sed
824 1511 906 1574 haec
931 1510 972 1575 de
997 1514 1161 1576 simoniae

44 1604 109 1670 labe
131 1606 265 1672 saeculo
290 1607 468 1672 undecimo
492 1609 576 1672 adeo
601 1619 782 1695 propagata
806 1610 983 1675 sufficiant.

548 1949 629 2013 111.

112 2093 184 2156 De
210 2092 523 2172 oppressione
551 2091 796 2158 libertatis
822 2092 1076 2158 Ecclesiae.

120 2269 176 2335 37.
223 2266 301 2334 Jam
336 2289 475 2352 agamus
507 2266 548 2332 de
580 2269 781 2354 oppressione
805 2267 962 2332 libertatis
984 2267 1156 2334 Ecclesiae

40 2366 143 2450 quoad
155 2365 334 2430 electiones
347 2366 577 2451 episcoporum
593 2376 692 2451 atque
713 2365 883 2447 abbatum,
908 2387 993 2451 quae
1008 2375 1156 2453 tempore

39 2460 185 2549 Gregorii
209 2462 276 2527 VII
301 2462 497 2545 invaluerat,
523 2485 562 2526 ac
587 2463 627 2527 de
651 2464 861 2528 investiturae
884 2485 962 2547 usn,
993 2486 1057 2551 quo
1089 2487 1155 2528 nra·

37 2563 118 2626 xime
153 2560 379 2648 dependentia
413 2559 627 2625 ecclesiarum
661 2585 680 2625 a
714 2559 848 2644 regibus
881 2571 914 2625 et
947 2561 1156 2648 principibus

38 2661 229 2726 firmabatur
275 2669 308 2724 et
352 2658 620 2724 conservabatur.
667 2698 711 2706 —
755 2658 878 2724 Iterato
940 2661 1154 2742 advertimus,

36 2757 236 2844 temporibus
268 2755 378 2822 Caroli
401 2757 516 2842 Magni
547 2767 580 2821 et
609 2758 881 2844 subsequentium
912 2758 1153 2845 Imperatorum

36 2879 69 2920 ac
91 2879 209 2942 regum
233 2877 449 2942 permagnam
473 2855 594 2920 factam
627 2855 729 2920 fuisse
758 2865 954 2942 potestatem
983 2857 1152 2943 politicam

35 2957 270 3041 episcoporum,
296 2963 394 3038 atque
418 2954 519 3017 etiam
543 2953 661 3017 iisdem
686 2976 745 3018 seu
767 2952 915 3019 ecclesiis
942 2953 985 3019 ab
1009 2955 1153 3041 Impera·

35 3053 154 3118 toribus
180 3063 212 3117 et
234 3051 368 3137 regibus
404 3073 469 3115 non
504 3051 609 3116 solum
642 3051 820 3116 latifundia
853 3051 964 3138 ampla
993 3064 1153 3139 tanquam

34 3151 154 3216 allodia
179 3151 275 3231 data,
309 3149 366 3214 scd
400 3150 498 3213 ctiam
532 3151 724 3231 comitatus,
757 3149 913 3231 ducatus,
952 3152 1152 3236 provincias,

34 3260 188 3335 tanquam
212 3247 313 3312 feuda
344 3269 501 3311 concessa
534 3248 645 3312 fuisse.
692 3246 732 3311 Id
761 3269 839 3311 vero
863 3250 1031 3334 principes
1055 3250 1153 3314 facie·

33 3345 107 3412 bant
132 3369 199 3412 non
224 3355 353 3410 tantum
377 3344 546 3430 religionis
570 3347 696 3431 gratia,
730 3346 787 3409 sed
812 3347 957 3410 maxime
991 3346 1032 3410 ob
1057 3348 1152 3412 ratio·

32 3467 85 3509 nes
121 3445 283 3531 politicas.
336 3441 559 3508 Confidebant
596 3443 751 3508 videlicet
785 3445 953 3529 principes
986 3444 1077 3525 fore,
1116 3455 1155 3509 ut

31 3544 166 3628 praelati
191 3541 407 3607 ecclesiastici
440 3544 496 3628 qui
520 3541 695 3607 feudorum
720 3543 925 3628 possessione
954 3542 1078 3606 fiebant
1101 3565 1151 3608 eo·

31 3637 99 3706 runi
124 3640 261 3722 vasalli,
286 3639 472 3725 religiosius
498 3662 596 3725 quam
613 3638 708 3723 laici,
733 3639 834 3703 fidem
858 3641 905 3704 eis
924 3640 1071 3726 juratam
1087 3663 1151 3704 ser-

32 3749 155 3822 varent,
180 3760 300 3825 eosque
324 3738 485 3803 adversus
510 3738 620 3802 hostes
644 3737 698 3801 vel
721 3737 860 3802 rebelles
884 3760 1045 3824 proceres,
1079 3741 1152 3803 sive

32 3837 139 3923 duces,
165 3839 236 3902 sive
261 3838 406 3919 comites,
431 3858 497 3901 non
522 3847 651 3901 tantum
676 3835 805 3918 militia,
830 3834 887 3900 sed
912 3838 1010 3900 etiam
1034 3839 1152 3922 poenis

31 3936 259 4000 ecclesiasticis
278 3934 487 4021 adjuvarent.
534 3934 585 3999 lta
610 3934 651 3998 de
676 3933 793 3999 Oarolo
817 3935 861 4002 M.
888 3935 1003 4000 scribit
1027 3934 1148 3999 Guliel-

30 4055 99 4098 mns
132 4033 445 4098 Malmesburensis:
490 4031 624 4098 Carolus
658 4035 797 4117 Magnus
826 4056 890 4119 pro
927 4033 1152 4098 contundendo

100 4291 119 4360 ¹)
141 4291 183 4345 De
201 4289 299 4345 Eccles.
320 4290 422 4360 discipl.
442 4289 471 4344 P.
491 4289 543 4345 111.
562 4288 593 4345 L.
613 4289 634 4343 I.
654 4305 675 4344 c
693 4287 751 4343 Lx.
770 4305 796 4344 n.
808 4289 849 4354 X.
