2898 4836
155 1521 521 1643 Dissertatio
560 1522 1025 1644 decimanona.

47 1723 101 1807 lle
132 1722 454 1808 controversiis
489 1723 684 1826 aliquot,
720 1745 772 1808 ao
805 1723 860 1808 (lo
885 1724 1038 1810 indole
1064 1725 1160 1808 Im·

330 1834 449 1939 porll
474 1836 654 1920 saeculo
680 1835 864 1920 decimo.

516 2066 675 2076 ...ι-

124 2281 153 2344 1.
196 2262 272 2343 dam
290 2279 446 2360 diximus,
471 2278 624 2344 haereses
648 2279 795 2343 funestas
818 2278 872 2343 vel
893 2277 1070 2345 schismata
1089 2301 1156 2344 sae·

40 2375 106 2441 culo
135 2377 268 2442 decimo
299 2375 390 2441 haud
424 2399 494 2441 esso
528 2385 614 2460 orta,
647 2398 709 2442 nec
741 2375 861 2441 multas
893 2377 994 2442 fuisse
1023 2376 1096 2443 lites
1125 2390 1158 2443 et

40 2474 277 2538 controversias
306 2473 426 2560 quibus
455 2473 607 2539 Ecclesia
635 2474 736 2539 fuerit
762 2474 903 2541 turbata.
950 2475 1086 2561 Duplici
1111 2486 1156 2541 ta·

39 2593 108 2636 men
131 2573 280 2658 graviori
306 2573 548 2637 controversiae
569 2574 664 2636 initio
680 2573 872 2657 praesertim
896 2572 1018 2637 saeculi
1034 2573 1154 2640 decimi

37 2672 177 2754 agitatae
203 2671 422 2734 occurrimus:
453 2669 555 2735 altera
578 2669 641 2734 fuit
671 2691 755 2755 quae
788 2669 909 2735 dicitur
932 2673 1155 2736 controversia
1164 2668 1332 2774 ¹¹35&

38 2767 71 2831 de
94 2765 399 2846 reordinationibus,
424 2769 459 2831 in
483 2765 664 2833 Occidente
688 2767 864 2852 praecipue
888 2769 1021 2854 agitata,
1053 2767 1156 2834 altera

38 2863 95 2929 tuit
126 2866 167 2929 de
209 2866 412 2949 tetrapome'u,
444 2886 549 2951 eaque
588 2863 756 2929 orientalis
792 2866 984 2951 pracsertim
1015 2865 1155 2931 ccclesia

41 2963 99 3027 suit
129 2961 276 3028 turbata.
327 2962 511 3049 Utramque
544 2964 803 3027 controversiam
836 2965 1022 3028 accuratius
1054 2985 1155 3051 expo-

37 3083 111 3125 nere
143 3062 314 3126 eonvenit.
361 3059 413 3124 Ac
445 3062 590 3147 primum
622 3081 757 3146 agemus
788 3061 829 3125 de
862 3063 1053 3146 quaestione
1085 3084 1156 3126 ma·

31 3160 112 3243 joris
147 3159 326 3240 momenti,
360 3157 469 3243 quoad
500 3159 736 3224 ordinationum
762 3157 900 3223 valorem
928 3159 981 3224 vel
1013 3160 1154 3225 iteratio·

35 3281 117 3338 nem,
153 3259 202 3321 ita
232 3265 266 3320 nt
296 3255 393 3322 simul
423 3277 629 3342 exponamus
659 3258 752 3320 varia
780 3257 868 3321 facta
899 3278 982 3343 quae
1015 3257 1156 3323 diversis

34 3354 176 3420 saeculis
210 3352 318 3439 quoad
349 3351 437 3418 hanc
472 3375 606 3418 causam
637 3355 671 3418 in
704 3354 853 3418 Ecclesia
890 3364 1082 3438 occurrunt,
1116 3377 1155 3420 ac

34 3453 203 3538 principia
226 3451 403 3516 afferamus
426 3475 468 3516 ex
491 3451 612 3539 quibus
635 3462 704 3516 tum
729 3453 825 3532 faeta,
854 3462 924 3517 tum
948 3453 1073 3539 aliquot
1095 3454 1155 3518 Pa·

32 3566 120 3615 trum
157 3557 191 3614 et
225 3551 421 3635 scriptorum
455 3552 639 3615 sententiae
670 3559 746 3636 apte
781 3550 939 3615 elucidari
975 3551 1156 3639 possunt.¹)

33 3649 121 3713 Dein
148 3645 364 3712 tractabimus
388 3648 429 3713 de
443 3648 546 3713 altera
562 3650 786 3713 controversia
803 3648 913 3734 quoad
937 3653 1156 3735 tetrapomiom

34 3747 159 3810 Leonis
181 3743 232 3808 VI
255 3745 482 3831 Imperatoris,
515 3769 581 3833 qua
612 3749 730 3811 iterum
755 3747 973 3812 dissensiones
996 3750 1082 3812 inter
1105 3771 1155 3812 ec·

32 3843 172 3910 clesiam
185 3843 376 3908 orientalem
389 3855 422 3908 et
437 3844 674 3910 occidentalem
687 3855 777 3909 ortae
792 3853 876 3910 sunt.
889 3883 933 3892 -
946 3844 1058 3925 Quum
1076 3869 1154 3911 vero

107 4073 129 4144 ¹)
152 4075 229 4130 Hanc
253 4073 436 4142 quitationem
461 4073 584 4143 ampliori
613 4073 807 4142 disceptatione
832 4075 944 4146 egregie
968 4077 1101 4132 tractarit
1126 4083 1156 4131 et

31 4156 141 4210 evolvit
159 4155 217 4212 Em.
230 4153 433 4223 Hergenrtther
445 4156 474 4209 in
487 4169 535 4209 suo
554 4156 587 4209 de
598 4154 697 4209 Photio
710 4169 796 4222 opere,
815 4155 873 4210 Vol.
884 4155 920 4212 11.
940 4153 969 4210 L.
983 4156 1015 4210 V.
1035 4173 1056 4210 c
1069 4157 1154 4213 Vlll:

33 4238 87 4290 Die
106 4235 342 4291 Reordioatioaeu
358 4236 389 4288 in
407 4235 456 4289 der
473 4235 547 4290 alten
565 4235 673 4290 Kiraios.
711 4234 777 4303 Ejus
794 4236 988 4304 expositionem
1009 4236 1059 4292 hac
1077 4238 1105 4292 in
1124 4255 1160 4296 re

31 4316 119 4370 secuti
140 4329 238 4370 sumus.
