2898 4836
325 511 359 564 68
507 510 610 564 XVIII.
637 511 677 563 De
697 509 824 563 Romanis
845 507 1019 561 Pontificibus
1038 509 1138 564 saeculi
1157 510 1261 566 declini.

326 653 425 716 minis
449 674 507 716 seu
534 652 633 716 rebus
661 651 895 718 ecclesiasticis
927 652 1121 718 ordinandis
1152 663 1251 738 atque
1273 653 1406 716 firmandis

327 751 425 814 otiam
457 759 551 814 extra
574 749 705 814 Italiam
737 771 871 837 operam
902 751 1004 817 dedit.
1051 750 1139 814 Inter
1171 749 1237 814 alia
1259 751 1405 814 Maximum

326 849 519 935 episcopum
557 848 853 932 Polymartiensam
892 851 926 912 in
965 848 1108 915 Galliam
1153 869 1192 912 ac
1230 847 1405 912 Germaniam

326 947 426 1027 misit,
460 955 495 1010 ut
518 967 635 1030 pacem
660 945 829 1032 publicam
854 947 1001 1010 firmaret
1024 957 1057 1010 et
1072 947 1165 1010 varia
1190 949 1315 1031 nogotia
1335 947 1406 1009 ecolo-

326 1045 459 1108 siastica
496 1043 645 1108 difficilia
693 1067 752 1108 sua
790 1046 985 1108 auctoritate
1025 1045 1204 1110 dirimeret.
1265 1045 1407 1130 Spociatin

327 1153 406 1206 tunc
439 1141 589 1208 turbatus
621 1140 792 1206 Ecclesiae
825 1142 1020 1207 Rhomensis
1053 1152 1157 1206 status
1190 1141 1407 1207 sollicitudinem

327 1239 497 1304 Pontificio
521 1239 706 1322 excitabat3
730 1239 830 1324 Hugo
855 1243 944 1304 enim
968 1251 1001 1306 et
1016 1239 1174 1304 Artaldus
1189 1240 1230 1305 de
1254 1243 1407 1326 episcopatu

327 1338 505 1402 Rhemensi
524 1338 595 1423 jam
629 1337 844 1424 expluribus
877 1341 973 1403 annis
1007 1337 1231 1404 decertabant.
1279 1338 1410 1401 Maximis

327 1457 402 1500 cum
427 1434 538 1499 multis
560 1435 817 1521 archiepiscopis
838 1447 870 1500 et
889 1438 1051 1524 episcopis
1066 1435 1266 1501 Germaniae
1282 1435 1408 1520 synodon

327 1533 445 1598 habuit
473 1557 501 1599 a.
530 1534 595 1597 948
618 1533 830 1619 Ingelhemii,
861 1537 913 1597 cui
942 1535 1121 1600 adfuerunt
1153 1536 1253 1597 etiam
1281 1533 1408 1598 Ottour

328 1632 527 1696 Germaniae
562 1642 595 1694 et
618 1633 810 1696 Ludov'icus
834 1633 881 1695 IV
916 1657 976 1696 rex
1001 1632 1139 1698 Galliae.
1186 1632 1290 1696 Multa
1318 1631 1409 1694 ibidrn

330 1734 363 1796 in
396 1728 567 1794 Ecclesiae
600 1741 632 1792 et
661 1752 838 1814 regnorum
870 1729 1007 1794 salutem
1042 1731 1202 1816 disposita
1234 1740 1321 1799 sunt,
1351 1751 1410 1813 qua

330 1827 501 1912 Agapetus
517 1848 604 1891 anno
622 1838 779 1913 sequente
794 1827 976 1913 apostolica
998 1850 1057 1892 sua
1080 1831 1275 1892 auctoritate
1290 1827 1411 1890 firmarit.

175 2041 302 2092 raptam
422 2012 475 2077 66.
522 2013 595 2076 Hoc
619 2024 764 2098 ternpore
792 2013 905 2099 religio
931 2012 1111 2078 christiana
1134 2017 1234 2079 etiam
1258 2035 1364 2098 magna
1382 2013 1412 2072 ir·

157 2102 324 2146 ⁰¹¹¹¹⁸¹⁵²¹¹¹⁸¹¹¹l·
334 2120 501 2175 crementa
535 2120 633 2176 nacta
667 2121 715 2175 est
749 2111 839 2197 apud
872 2111 1046 2177 Slavorum
1082 2121 1197 2197 gentes
1231 2115 1265 2176 in
1296 2111 1411 2175 lloravia

329 2219 427 2294 atque
451 2207 628 2290 Bohemia3
663 2209 740 2274 inde
764 2210 967 2275 amediante
992 2209 1122 2274 saeculo
1148 2209 1275 2274 decimo
1299 2211 1329 2272 in
1348 2207 1412 2270 Hun-

328 2308 422 2391 garia
449 2328 581 2392 quoqne
606 2305 879 2372 Christianismus
909 2317 1111 2393 propagatus
1144 2308 1222 2388 fuit,
1255 2320 1286 2370 et
1318 2308 1346 2369 in
1370 2303 1413 2366 Iirr

330 2405 427 2490 hujus
443 2404 567 2469 saeculi
582 2415 668 2470 totus
691 2404 831 2492 populus
848 2415 1102 2470 conversasset.
1131 2406 1172 2470 In
1194 2404 1302 2470 Dania
1324 2404 1414 2489 pariter

329 2501 443 2586 religio
482 2501 662 2568 christiana
704 2503 833 2568 radices
870 2503 958 2585 fixit,
1001 2511 1034 2566 et
1073 2525 1188 2568 versus
1223 2525 1339 2568 annum
1368 2497 1411 2560 pp

330 2600 497 2664 Haraldus
531 2623 590 2664 rex
627 2601 669 2666 ab
703 2599 823 2666 Ottone
855 2602 900 2666 M.
941 2599 1025 2666 bello
1062 2601 1213 2668 devictus
1246 2601 1412 2686 baptismali

330 2699 483 2783 suscepit.
529 2699 624 2763 Tunc
647 2698 724 2770 Otto
754 2699 810 2780 M„
843 2701 900 2784 qui
932 2721 1122 2784 supremam
1157 2702 1190 2765 in
1215 2701 1349 2764 Daniam
1377 2693 1412 2754 dr·

330 2797 469 2860 minium
502 2795 661 2874 habebat,
702 2798 911 2882 episcopatus
935 2795 1176 2878 Slevicensem‚
1210 2799 1370 2884 Ripensem
1393 2807 1412 2850 a

330 2893 556 2957 Arhusiannm
576 2893 739 2975 fundavit,
765 2917 885 2980 eosque
909 2894 1058 2959 subdidit
1078 2895 1321 2982 archiepiscopo
1340 2891 1412 2956 Hau·

332 2991 486 3074 burgensi
511 2991 694 3076 Adaldago,
719 2994 774 3056 cui
790 2993 961 3078 Agapetus
983 2992 1018 3056 II
1042 3016 1118 3057 suas
1143 2995 1233 3058 vices
1255 3014 1309 3078 pro
1332 2987 1413 3054 Danu

332 3099 364 3152 et
387 3091 524 3153 caeteris
546 3090 737 3173 regionibus
762 3089 1074 3176 septentrionalibus
1098 3091 1354 3156 demandaverat.

439 3427 491 3493 Qui
510 3443 551 3481 me
572 3427 702 3480 visentem
721 3427 840 3481 aetherei
859 3427 905 3494 pia
924 3425 1015 3480 liarinn
1035 3426 1110 3480 Petri

438 3509 561 3562 ,Iucunda
580 3507 722 3574 excipiens,
742 3507 831 3562 anImo
849 3507 973 3574 quaesita
990 3506 1107 3575 benigno

367 3607 369 3610 ·
439 3587 562 3652 Admisit,
582 3587 704 3654 favimus
723 3589 774 3654 pie,
793 3587 951 3654 studuitque
969 3587 1101 3642 modeste:

439 3669 551 3722 Fannius
569 3674 652 3737 grata
669 3683 767 3732 serens,
787 3667 875 3735 epulis
894 3668 1028 3722 recreavit
1046 3669 1169 3735 utrisque

440 3749 563 3815 Corporis
582 3755 664 3815 atrlue
683 3748 803 3802 animae:
824 3747 963 3802 benedixit
981 3755 1010 3802 et
1028 3749 1118 3802 oscula
1136 3749 1220 3802 libans

439 3830 478 3881 Ao
497 3828 638 3896 geminans
656 3829 724 3882 dono
744 3830 909 3882 cumulatum
929 3829 1046 3883 innueris
1065 3828 1128 3881 almi

439 3909 557 3977 Pergere
576 3909 722 3962 laetantem
742 3909 866 3975 amplexa
885 3909 988 3962 dimisit
1005 3909 1112 3963 honoro.

440 3989 523 4054 Quem
544 3990 626 4042 Pater
644 3989 812 4056 omnipotens
831 3989 945 4042 alacrem
965 3990 1092 4054 cultuque
1110 3993 1246 4042 renmtnm

440 4069 564 4134 Attollat,
583 4075 726 4135 servetque
744 4069 799 4132 din,
819 4069 902 4134 digno
922 4069 1027 4122 excolat
1045 4077 1121 4122 actu:

440 4150 477 4202 Et
496 4165 555 4201 enin
575 4148 746 4203 Praesulibus
765 4149 874 4212 sanctis,
895 4152 1161 4215 consortiaquorum

441 4227 600 4291 Promeruit‚
620 4229 690 4282 sodis
709 4235 830 4295 praestet
849 4243 930 4296 saper
949 4228 1061 4283 aethera
1079 4229 1182 4282 sedern:

442 4307 507 4360 Cum
526 4308 623 4373 quibus
642 4315 781 4362 aeternum
801 4318 911 4362 maneat
930 4309 1082 4376 praeclaros
1102 4308 1129 4363 in
1149 4305 1262 4361 aemm.“
