2952 4832
293 463 345 514 ‘268
543 465 616 518 XXI.
636 467 676 520 De
695 467 720 520 S.
740 467 872 537 Gregorio
892 471 946 523 vn
966 471 1040 523 ltom.
1062 470 1199 524 Pontifice.

294 606 498 692 fundaret¹).
532 647 575 656 —-
607 609 672 674 alti
699 621 808 676 tamen
847 615 1050 686 existimant.
1086 615 1281 696 Henricum,
1315 639 1397 702 quum

294 729 381 771 armo
408 707 492 771 1073
523 705 564 769 ob
590 707 759 774 Saxonum
791 711 1003 775 rebellionem
1028 710 1229 776 Germaniae
1262 735 1310 775 res
1332 716 1392 798 jorn

295 808 373 871 satis
395 803 545 869 turbatae
570 818 686 884 essent,
719 831 782 873 non
808 832 926 873 ausum
950 833 1031 892 esse,
1066 821 1102 873 ut
1135 831 1204 874 sese
1238 813 1399 896 opponeret

266 906 447 970 'electioni
486 901 718 972 Hildebrandi.
778 907 811 971 Is
849 917 1019 993 praeterea
1059 918 1171 994 aperte
1209 907 1395 976 ostendebat.

140 2357 238 2398 sentiar
258 2357 280 2396 iu

131 2427 244 2468 lieuricum
257 2425 292 2464 be-

162 2496 256 2537 narolus.

295 1004 384 1067 baud
419 1003 481 1068 sibi
510 1009 543 1071 in
576 1009 685 1071 animo
716 1029 794 1082 esse,
828 1017 862 1068 ut
887 1005 1022 1070 Henriei
1055 1007 1231 1092 privilegia
1259 1007 1399 1072 laederet.

296 1103 374 1166 dum
400 1127 595 1169 consensum
621 1105 691 1190 ejus
716 1103 758 1166 acl
783 1104 975 1168 electionem
1001 1104 1122 1168 factam
1148 1117 1287 1189 peteret,
1318 1105 1399 1191 idque

296 1203 432 1266 fortasse
456 1225 493 1266 eo
519 1206 624 1288 magis
647 1204 716 1284 regi
741 1213 870 1284 gratum
897 1212 975 1274 erat,
1001 1203 1088 1288 quod
1116 1205 1148 1266 in
1174 1204 1355 1268 Alexandri
1376 1203 1400 1264 ll

298 1300 456 1364 electione
486 1325 537 1364 res
566 1301 660 1364 aliter
684 1302 929 1385 processissent.
978 1301 1087 1363 Etiam
1114 1304 1146 1364 in
1171 1301 1245 1366 aliis
1271 1304 1401 1385 negotiis.

298 1401 343 1460 uti
377 1401 409 1461 in
443 1401 649 1484 promotione
675 1397 841 1478 Guiberti,
876 1397 1126 1461 Hildobrandus
1158 1401 1401 1466 moderationem

300 1495 493 1579 prudentem
526 1496 722 1573 ostenderat,
755 1518 895 1581 eumque
930 1518 1008 1558 suae
1039 1495 1185 1560 familiae
1210 1497 1403 1584 supponebat

299 1593 464 1658 Henrieus
489 1595 670 1658 addictum.
720 1593 883 1674 Quamvis
907 1604 1016 1656 autem
1043 1615 1101 1656 rex
1120 1594 1191 1678 jain
1216 1619 1254 1660 eo
1272 1608 1403 1680 tempere

298 1689 509 1774 libidinibus,
550 1692 756 1772 homicidiis,
798 1691 939 1755 simonia
979 1691 1168 1776 multiplici,
1210 1696 1403 1779 oppressione

300 1792 483 1872 tyrannica,
509 1812 681 1875 perversos
705 1811 780 1852 suos
804 1811 910 1852 mores
936 1789 1186 1870 manifestasset,
1212 1801 1324 1856 tamen
1340 1813 1405 1854 uon-

301 1888 378 1950 dum
405 1888 529 1952 malitia
553 1890 598 1952 ita
619 1887 859 1973 praevaluerat,
885 1899 921 1950 ut
936 1887 1018 1951 nihil
1043 1887 1120 1951 boni
1147 1890 1181 1952 in
1205 1889 1276 1974 ipso
1297 1891 1403 1953 inveni-

300 1995 398 2050 retur.
446 1987 514 2050 Nee
539 2008 768 2072 supponerem,
800 2007 875 2048 eum
896 1986 966 2070 jam
992 1997 1071 2049 tunc
1104 1986 1323 2052 determinato
1346 2009 1405 2050 con·

301 2083 373 2147 silio
399 2086 508 2148 omnia
533 2085 575 2148 ad
600 2084 823 2147 omnimodam
849 2086 1094 2169 oppressionem
1119 2085 1292 2150 Ecclesiae
1316 2085 1405 2170 dispo-

301 2183 452 2263 suisseb.

390 2351 443 2416 inl.
469 2351 648 2434 Gregorius
664 2351 693 2412 V
697 2349 729 2412 ΙΙ
754 2349 795 2412 ab
822 2351 914 2412 initio
940 2349 1151 2434 pontificatus
1175 2351 1225 2412 sui
1249 2349 1364 2412 litteris
1384 2369 1408 2410 et

304 2450 428 2513 nuntiis
452 2449 559 2511 missis
593 2451 626 2511 in
651 2447 804 2511 omnibus
829 2447 917 2510 erbis
941 2447 1110 2512 christiani
1142 2450 1254 2530 regnis
1288 2457 1320 2510 et
1341 2447 1409 2526 regi-

303 2547 423 2612 onibus
447 2546 624 2631 apostolico
649 2567 707 2608 suo
742 2568 878 2610 munere
911 2545 1025 2609 sedulo
1050 2547 1182 2609 structus
1208 2559 1265 2609 est.
1313 2543 1409 2608 Nulla·

304 2657 399 2709 tenus
416 2653 526 2708 autem
542 2647 690 2708 animum
707 2643 870 2706 infensum
887 2643 1031 2708 ostendit
1047 2653 1158 2708 contra
1171 2645 1351 2708 Henricum
1362 2642 1410 2706 ll'.

303 2767 398 2829 quem
431 2741 673 2806 adolescentiae
705 2751 845 2804 aetatem
878 2743 936 2804 vix
966 2743 1149 2820 ingressum
1183 2741 1225 2805 ad
1255 2741 1410 2804 meliorem

303 2841 457 2926 sperabat
481 2862 575 2925 posse
600 2841 728 2914 fratrem
753 2841 912 2903 converti.
959 2839 1049 2902 Hinc
1074 2861 1148 2902 eum
1165 2837 1229 2902 sibi
1254 2839 1411 2903 devincire

303 2939 458 3004 studebat
488 2938 659 3018 Pontifex,
697 2961 736 3000 ac
767 2936 953 3020 satagebat,
989 2947 1026 3000 ut
1057 2937 1153 3000 simul
1186 2959 1262 3000 cnm
1296 2937 1413 3020 Agnete

304 3047 406 3102 matre
422 3037 647 3121 Imperatrice‚
663 3033 839 3120 ltodulplro
853 3033 995 3100 Sueviae
1011 3035 1095 3098 duce
1110 3037 1196 3116 regis
1210 3035 1314 3112 affini,
1337 3033 1411 3097 aliis-

305 3159 368 3222 que
392 3133 609 3220 principibus,
635 3136 869 3196 conveniretur
893 3133 933 3197 de
955 3133 1062 3214 modo,
1088 3155 1151 3218 quo
1176 3131 1413 3196 beneficiorum.

304 3236 554 3319 episcopatuum
579 3243 611 3294 et
634 3231 843 3296 abbatiarum
869 3231 989 3313 dignae
1013 3240 1046 3294 et
1062 3232 1243 3294 canonicae
1260 3229 1410 3294 collationi

306 3331 544 3418 provideretur,
574 3340 673 3415 atque
704 3331 864 3392 simoniae
896 3340 928 3392 ct
961 3329 1179 3414 clerogamiae
1204 3331 1288 3392 vitia
1310 3329 1411 3391 exstir-

304 3440 472 3516 parentur.
518 3428 703 3492 Benavolos
728 3449 803 3490 suos
828 3429 861 3490 in
885 3449 997 3509 regem
1021 3449 1135 3490 sensus
1158 3449 1199 3490 ac
1225 3426 1410 3490 desiderium

306 3528 438 3592 utmale
462 3527 550 3590 faeta
575 3529 644 3610 ipse
669 3527 822 3607 corrigat,
849 3527 950 3590 variis
975 3525 1121 3610 epistolis
1144 3524 1187 3589 ad
1204 3522 1412 3589 Godefridum

306 3625 472 3712 ‹lucem³),
498 3625 539 3688 ad
565 3625 750 3688 Beatrieem
776 3633 808 3686 et
831 3623 1027 3688 blatlrildem
1052 3625 1236 3687 comitissas
1261 3622 1411 3708 exprimit.

381 3840 400 3903 ¹)
419 3837 539 3900 (lirbren
559 3837 664 3905 (treger
682 3835 742 3890 Vll.
763 3837 793 3892 B.
814 3835 851 3890 11.
871 3837 896 3891 S.
916 3836 977 3891 389.

378 3931 399 3995 ²)
419 3928 451 3982 V.
471 3927 574 3991 Helela,
594 3926 622 3980 C.
645 3927 677 3981 G.
697 3926 728 3978 B.
748 3925 780 3980 Υ.
801 3925 825 3994 ᾗ.
844 3928 905 3980 ῦ68.

379 4017 400 4086 ⁸)
420 4017 471 4070 Hic
484 4014 646 4070 Gadeiridus
665 4019 726 4068 erat
744 4014 816 4068 tilius
830 4013 971 4068 Gedeiridi
990 4013 1103 4068 senioris
1119 4013 1176 4080 jam
1196 4012 1321 4068 defundi.
1337 4009 1412 4061 saer

306 4112 416 4151 uxorem
435 4097 551 4150 duxerat
568 4095 728 4160 saonam,
748 4094 858 4149 viduam
877 4093 1025 4162 Bonifacii;
1045 4093 1208 4148 Gadeiridus
1224 4092 1313 4161 junior
1328 4093 1409 4142 auten

307 4176 464 4230 blatbildem
482 4175 615 4228 Beatrieis
644 4191 677 4228 ex
701 4173 842 4228 Beniiacio
868 4174 967 4238 filiam,
993 4189 1061 4240 quae
1085 4179 1175 4228 tamen
1205 4173 1233 4226 in
1257 4165 1410 4256 matrimonio

307 4255 497 4322 virginitatem
516 4269 637 4308 servasse
656 4253 782 4310 refertur.
820 4253 859 4308 De
878 4260 965 4308 morte
983 4254 1058 4308 ducis
1071 4253 1216 4308 Godeiredi
1235 4251 1336 4306 senioris
1351 4261 1412 4300 serr·
