2926 4840
327 483 367 538 De
384 481 570 538 Decretelibus
588 479 872 536 PseudoIsidoriania.
1108 481 1161 536 279

53 639 80 689 et
108 627 188 712 tepea
209 626 453 704 ecclesiasticae,
487 646 530 688 ex
562 623 683 710 quibus
711 625 867 708 supponit
898 621 977 686 talia
1005 621 1162 687 mandata

53 723 161 802 fluere,
192 746 340 810 quasque
363 723 405 788 ab
430 722 621 804 Hadriano,
645 721 698 785 vel
723 723 832 806 potins
855 743 875 784 a
899 721 1056 806 scriptore
1080 719 1162 784 litte-

52 843 152 885 rarom
176 823 265 907 ejus,
287 822 372 907 flapi
401 820 455 885 vel
480 818 650 905 compilari
675 820 794 902 arg-uit.
836 817 997 883 Ultimum
1022 818 1162 882 verbum

52 919 239 1004 (compilari)
269 927 378 1004 potest
401 917 534 1004 quidem
560 927 747 1002 respectum
771 916 948 1002 quemdam
973 913 1095 979 habere
1118 915 1162 980 ad

52 1015 413 1098 Pseudo-Decretales,
446 1017 545 1101 juxta
575 1037 657 1102 quas
687 1015 743 1078 illa
767 1013 925 1078 mandata
951 1013 1048 1094 fiant3
1082 1014 1161 1078 dum

52 1133 121 1176 vero
143 1114 288 1178 fictionis
312 1117 473 1195 meminit,
498 1113 650 1196 designat
672 1112 761 1198 leges
785 1115 914 1197 ineptas
937 1123 970 1175 et
995 1110 1162 1192 mandata,

51 1233 183 1295 quornm
207 1212 337 1276 nullum
352 1214 395 1276 sit
414 1211 677 1291 fundamentum,
702 1210 759 1274 sed
775 1231 860 1296 quae
875 1209 1048 1275 arbitrario
1066 1208 1162 1272 modo

53 1307 169 1374 Romae
193 1310 368 1374 cudentur.

131 1408 185 1473 68.
219 1407 357 1473 Carolus
387 1406 455 1492 (vel
488 1408 596 1492 potius
620 1407 836 1487 Hincmarus)
867 1407 900 1469 in
935 1427 994 1468 sua
1026 1404 1164 1490 epistola

50 1506 183 1570 artificio
206 1507 352 1592 quodam
376 1505 538 1591 polemico
562 1513 674 1582 utens,
708 1506 882 1590 supponit,
912 1502 1038 1566 litteras
1059 1502 1164 1566 Roma

53 1601 207 1668 Hadriani
241 1607 375 1669 nomine
408 1605 525 1668 missas
553 1601 643 1666 hand
667 1602 800 1688 quidem
831 1601 982 1680 falsatas,
1019 1609 1164 1664 attamen

52 1722 109 1764 non
142 1725 162 1765 a
186 1703 278 1787 Papa
310 1701 368 1766 sed
400 1700 443 1764 ab
468 1700 532 1765 alio
557 1701 754 1785 compositas
784 1721 872 1778 esse,
905 1721 945 1762 ac
968 1699 1164 1762 Pontificem

52 1797 88 1861 ob
111 1800 213 1864 multa
236 1802 370 1884 negotia
399 1821 465 1863 non
490 1801 569 1863 satis
593 1797 789 1876 attendisse,
820 1792 963 1883 quaein
987 1798 1067 1881 ipsis
1090 1817 1164 1860 con·

52 1897 236 1962 tinerentnr.
283 1899 373 1962 Dein
404 1917 525 1980 magna
556 1917 632 1960 cum
655 1895 866 1959 vehementia
896 1903 928 1957 et
951 1895 1165 1958 irreverentia

54 1994 175 2059 invehit
196 1999 232 2060 in
254 1995 380 2060 litteras
394 1993 576 2076 Pontificio,
601 1994 737 2078 ejusque
761 1992 1003 2058 admonitiones
1027 2005 1059 2054 et
1075 2013 1164 2056 man-

53 2089 122 2154 data
155 2102 191 2154 ut
214 2093 382 2173 inaudita,
417 2093 539 2178 injusta
572 2102 605 2154 et
637 2093 749 2176 inepta
778 2091 931 2156 traducit.
977 2090 1068 2154 Inter
1099 2089 1165 2154 alia

53 2190 155 2272 quoad
187 2191 345 2256 mandata
372 2213 392 2254 a
414 2190 575 2254 Pontifice
608 2191 800 2254 transmissa
832 2189 963 2254 scribit:
999 2189 1164 2272 „Litterae
1204 2197 1325 2270 triech,

53 2307 91 2349 ex
112 2291 245 2352 nomine
268 2299 378 2352 vestro
401 2288 498 2353 nobis
522 2288 742 2354 directae...
768 2287 917 2352 indebita
940 2289 1164 2372 increpatione
1184 2258 1252 2301 ΜΗ
1267 2257 1335 2302 Μ’

54 2405 84 2447 os
106 2397 251 2450 nostmm
276 2385 423 2472 oppilare
448 2386 662 2467 studuerunt,
687 2408 806 2471 quum,
830 2387 895 2448 Dei
920 2386 1037 2470 gratia,
1060 2384 1166 2449 libera

54 2481 154 2545 adhuc
186 2485 294 2548 fronte
328 2484 368 2548 de
399 2484 450 2547 his
484 2505 568 2570 quae
592 2483 688 2548 nobis
720 2506 778 2569 per
800 2483 925 2547 litteras
957 2505 999 2547 ex
1032 2485 1165 2548 nominc

56 2592 154 2645 vestro
186 2582 330 2646 directae
363 2583 508 2667 impacta
541 2591 618 2645 sunt
649 2581 738 2668 loqui
773 2583 946 2668 possimus.
997 2579 1165 2666 Scriptum

55 2689 98 2740 cst
119 2681 215 2744 etiam
248 2682 284 2743 in
308 2678 465 2764 praefatis
494 2678 612 2743 litteris
635 2678 731 2747 nobis
762 2681 804 2743 e'x
828 2681 961 2743 nomine
985 2687 1094 2742 vestro
1119 2678 1165 2742 di-

54 2779 143 2840 rectis
179 2778 220 2842 de
249 2777 434 2841 Hincmaro
471 2777 534 2841 hoc
564 2777 679 2842 modo:
717 2777 881 2856 Volamae,
916 2787 945 2840 et
977 2778 1165 2840 auctoritate

56 2876 219 2960 apostolica
249 2875 413 2964 jobemus,
450 2877 553 2961 ipsam
587 2877 793 2940 Hirwmarom
824 2874 1064 2939 medonensem
1101 2876 1164 2960 epi·

56 2994 169 3058 scopam
191 2985 298 3036 vestm
312 2973 437 3058 fretum
446 2977 605 3059 potentia,
630 2974 674 3036 ad
689 2974 802 3036 limina
818 2984 996 3037 sanctorum
1012 2983 1165 3035 nostram-

55 3091 105 3151 poe
135 3073 237 3134 venire
261 3069 463 3134 clementiam.
513 3069 581 3143 Quo
615 3095 691 3135 eane
713 3071 870 3148 veniente,
905 3072 1011 3134 oeaiat
1037 3072 1166 3156 pariter

57 3179 208 3232 caecator
223 3168 356 3232 idoneae
377 3170 434 3253 qui
447 3167 539 3232 nulla
555 3171 661 3256 poerit
677 3170 863 3232 auctoritate
884 3168 1024 3254 legitima
1041 3169 1167 3253 reapui:

58 3268 225 3330 elmacin
243 3266 434 3352 praescotia
455 3277 566 3330 nostra
596 3277 626 3329 et
649 3267 742 3330 cotias
766 3266 851 3330 ecclia
878 3267 1051 3345 Romanae,
1076 3289 1165 3352 ayna-

59 3359 118 3425 dcli
138 3362 278 3448 callepio,
303 3386 401 3427 cauea
419 3363 509 3429 illias
525 3365 682 3450 prodenti
697 3365 851 3428 ventilata
871 3366 1016 3427 adramiae
1040 3387 1077 3427 ac
1092 3364 1165 3428 diti-

57 3469 150 3538 year
171 3463 337 3546 inquisita,
362 3461 530 3526 aectmdam
543 3463 646 3526 Deam
669 3473 698 3526 et
722 3485 881 3526 sacrorum
904 3484 1058 3526 caaoaam
1075 3463 1164 3526 iaeti-

60 3557 178 3622 tctt‘onee
202 3556 328 3644 Spiritrs
350 3559 414 3622 Dei
437 3559 596 3646 probatae
619 3563 686 3624 aine
707 3561 917 3647 protelatione
941 3559 1051 3645 aliqua
1071 3558 1165 3641 finie-

60 3659 106 3716 tur.
226 3655 335 3720 Valde
365 3657 476 3720 mirati
500 3679 630 3740 sumus,
662 3659 718 3722 ubi
751 3658 814 3722 hoc
838 3659 979 3722 dictator
1009 3657 1165 3744 epistolae

59 3750 140 3815 nobis
177 3775 237 3839 per
268 3753 453 3818 Actardnm
486 3757 678 3841 episcopum
717 3755 844 3820 delatae
879 3758 1038 3841 scriptum
1076 3757 1165 3820 inve·

60 3850 146 3929 uerit,
169 3873 234 3915 eece
259 3854 447 3917 acetositate
471 3854 647 3939 apostolica
664 3854 938 3940 praecipiendam,
960 3867 996 3918 at
1017 3877 1075 3918 rere
1098 3876 1165 3918 cor-

61 3961 151 4010 rector
180 3949 370 4034 iniquorum
401 3961 434 4013 et
458 3950 624 4015 districtor
646 3973 776 4016 reorum
807 3973 846 4016 ac
870 3952 1053 4016 secundum
1076 3952 1166 4036 leges

61 4042 284 4109 ecclesiasticas
314 4057 413 4133 atque
438 4048 623 4114 mundanas
647 4050 733 4114 ultor
757 4052 933 4114 criminum
956 4071 1049 4114 rcum
1083 4049 1165 4137 lepa-

63 4137 123 4202 liter
149 4167 185 4206 ae
215 4144 403 4230 regulariter
427 4169 491 4233 pro
523 4147 698 4212 eoeceesibas
730 4150 795 4212 siais
819 4149 1002 4212 damnatam
1032 4149 1166 4212 Romam

64 4234 212 4323 dirigam.
228 4290 236 4304 .
260 4243 327 4324 (En
339 4243 445 4328 legem
458 4267 557 4330 quam
570 4245 714 4310 traducit
726 4255 763 4309 ut
775 4244 976 4332 confictam).
989 4283 1031 4292 -
1049 4246 1165 4328 „Quae
