2922 4832
287 511 325 564 De
345 511 420 564 Rom.
441 509 616 564 Pontificibus
636 509 715 578 lurjm
734 509 842 562 aetatis.
1094 511 1148 562 213

50 656 100 718 arisi
142 679 159 716 a
198 653 264 718 solo
303 655 371 717 Deo
409 653 585 742 dijudicari
615 653 735 718 debere.
750 653 775 738 ¹)
833 655 943 733 Quum
983 653 1147 717 Wazonis

49 751 154 816 litterae
177 752 220 816 ad
243 752 480 838 Imperatorem
504 754 727 836 pervenirent,
753 754 822 837 ipse
843 753 913 838 jam
937 751 1038 816 alium
1063 752 1145 814 Pon·

47 849 149 914 liticen
165 849 328 916 Clementi
353 850 387 914 II
412 849 659 934 subrogaverat.
686 887 728 896 -
756 850 793 914 ln
818 869 885 935 qua
909 850 1044 913 civitate
1068 850 1147 912 Ger-

48 951 156 1012 maniae
170 947 351 1032 Gregorius
368 949 415 1014 VI
440 947 604 1035 reliquum
631 950 720 1012 vitae
744 959 877 1033 tempus
901 949 1074 1034 peregerit,
1099 951 1146 1011 in·

47 1055 152 1110 certum
176 1058 234 1110 est.
283 1048 359 1110 Non
383 1047 474 1133 longo
493 1057 570 1132 post
593 1057 738 1134 tempore,
762 1047 809 1109 ait
827 1046 962 1114 Bonizo.
987 1067 1079 1130 quum
1103 1047 1148 1108 ud

46 1146 120 1228 ripas
144 1145 248 1208 Rheni
271 1143 447 1230 praefatur
478 1146 613 1208 uenisset
636 1146 815 1222 Jotrannes,
848 1144 954 1207 morbo
986 1155 1148 1229 correptus

45 1244 156 1308 tanea.
205 1242 280 1322 Quo
305 1253 451 1327 ternpore
476 1242 508 1308 S.
525 1243 593 1306 Leo
610 1242 660 1307 IX
683 1242 841 1306 Pontifex
865 1242 1057 1325 designatus
1082 1253 1141 1319 est,

43 1339 343 1424 (nenseDecembri
367 1343 446 1404 anni
473 1341 585 1425 1048),
612 1342 727 1404 merito
753 1343 951 1426 supponitur
966 1341 1146 1424 Gregorius

37 1436 97 1518 jam
119 1437 247 1502 obiisse.
277 1475 320 1486 -·-
352 1437 527 1502 Caeterum
552 1460 619 1502 non
643 1449 693 1502 est
716 1441 851 1518 mirum,
884 1441 910 1501 si
935 1459 978 1500 ex
1001 1439 1146 1522 antiquis

43 1535 127 1598 etiarn
142 1538 204 1600 viri
220 1537 280 1622 pii,
305 1538 353 1600 uti
364 1535 559 1600 Desiderius
579 1535 684 1600 abbas
700 1545 734 1600 et
745 1537 879 1614 BonizO,
904 1537 1145 1616 existimarunt,

42 1633 243 1698 simoniacum
258 1634 360 1698 fuisse
376 1635 511 1700 modurn
528 1655 592 1720 quo
606 1633 785 1719 Gregorius
797 1633 904 1698 Vlad
917 1632 1145 1718 pontificatum

43 1733 186 1810 pervenit.
226 1732 360 1795 Etenim
385 1753 487 1818 quum
512 1730 554 1795 ab
579 1734 659 1818 ipsis
683 1755 721 1795 ea
746 1743 851 1795 aetate
876 1733 1035 1795 simoniae
1056 1730 1147 1794 labes

39 1835 116 1890 tanto
139 1851 215 1892 curn
240 1829 356 1894 ardore
380 1823 627 1915 oppugnaretur
666 1851 850 1915 magnoque
886 1831 933 1893 eis
967 1839 1052 1893 esset
1076 1827 1145 1891 hor-

41 1925 108 2006 rori,
140 1947 310 2013 quumque
341 1929 463 1992 seirent
491 1926 665 2010 largitione
690 1929 850 2013 pecuniae
874 1928 1040 1992 Joannern
1067 1928 1144 1989 Gra·

39 2021 152 2088 tiannm
176 2045 229 2090 res
245 2027 477 2111 composuisse,
503 2025 601 2089 valde
618 2035 771 2111 suspecta
794 2026 834 2089 iis
848 2027 911 2090 fuit
933 2026 1004 2110 ejus
1019 2025 1145 2105 electio,

38 2139 70 2179 ac
92 2124 184 2204 proni
209 2123 343 2188 fuerunt
366 2136 403 2187 ut
413 2122 614 2208 judicarent,
639 2125 814 2187 simoniam
831 2125 864 2186 in
880 2144 953 2186 eam
968 2123 1146 2208 irrepsisse.

38 2217 223 2306 --Aliquot
246 2223 310 2286 viri
334 2224 380 2308 pii
405 2220 492 2286 illius
516 2223 682 2306 temporis,
708 2224 754 2286 uti
780 2245 805 2287 s.
822 2222 1146 2298 PetrusDarnianus,

35 2316 125 2380 etiam
150 2322 280 2404 magnis
304 2321 464 2386 encomiis
488 2319 657 2384 celebrant
679 2320 862 2384 Haurienm
888 2319 937 2382 ΙΙΙ
963 2319 1005 2384 ob
1029 2341 1088 2384 sua
1113 2319 1146 2382 in

36 2410 211 2480 Ecclesiam
236 2419 362 2500 merita,
390 2418 424 2482 id
439 2429 570 2484 tantum
590 2419 844 2498 considerantes,
870 2417 958 2503 quod
974 2416 1149 2481 contulerit

36 2510 165 2578 multum
190 2514 233 2578 ad
257 2515 417 2582 tollendos
441 2516 605 2603 abusus.²)
652 2517 763 2580 Minus
786 2515 1010 2596 adverterunt,
1035 2517 1146 2578 ariimo

33 2603 220 2676 dominandi
238 2615 345 2698 ipsum
361 2613 481 2680 Sedem
495 2613 723 2699 Apostolicam
747 2613 790 2677 ad
814 2615 1007 2677 servitutem
1033 2633 1146 2696 quarn-

33 2700 103 2769 denr
126 2709 304 2794 redegisse.
340 2712 389 2776 Eo
414 2714 502 2778 enim
521 2713 602 2799 jam
618 2735 669 2776 res
693 2711 906 2790 devenerant,
932 2721 968 2774 ut
991 2710 1146 2796 quemad-

34 2804 161 2871 modum
186 2810 416 2895 episcoporum
441 2810 672 2896 plurimorum,
706 2812 752 2874 ita
776 2811 876 2873 etiarn
899 2810 1041 2874 Romani
1067 2809 1147 2872 Pon·

33 2900 122 2968 tiliois
147 2908 269 2971 creatio
295 2910 329 2972 in
353 2930 454 2972 manu
478 2917 564 2972 esset
583 2908 813 2992 Imperatoris3
839 2917 939 2993 atque
962 2908 1010 2970 sic
1034 2917 1147 2970 contra

32 3001 191 3088 principia
232 3006 319 3090 juris
358 3006 465 3072 divini
514 3017 547 3070 et
591 3005 825 3079 ecclesiastici,
887 3005 1148 3091 praeeminentia

30 3105 196 3180 potestatis
220 3104 328 3170 civilis
352 3127 429 3189 prae
454 3113 613 3189 potestate
639 3103 876 3185 ecclesiastica,
909 3125 967 3168 seu
990 3103 1148 3187 praeemi-

29 3202 136 3264 nentia
162 3201 297 3287 Imperii
321 3225 400 3288 prae
423 3201 614 3268 Sacerdotis
641 3199 793 3266 invaluit.

114 3381 167 3446 62.
217 3379 361 3446 Conatus
385 3381 608 3446 Romanorum
634 3377 844 3455 Pontificum,
878 3390 912 3442 ut
936 3377 1145 3464 disciplinam
1176 3383 1298 3464 uranum

27 3489 56 3536 et
98 3500 208 3543 mores
244 3481 278 3545 in
311 3478 462 3544 Ecclesia
504 3488 727 3542 restaurarent
771 3499 810 3540 ac
853 3475 1038 3557 firmarent,
1074 3477 1146 3561 jam
1179 3453 1295 3495 ΝΜ

27 3574 100 3639 inde
125 3601 146 3641 a
170 3579 365 3663 pontificatu
398 3577 549 3662 Gregorii
574 3573 623 3640 Vl
661 3577 874 3661 inceperunt3
912 3574 1035 3636 etenim
1068 3572 1147 3636 huic

27 3672 179 3739 Pontifici
203 3678 266 3740 ista
291 3677 435 3740 maxime
461 3675 551 3738 cordi
567 3685 670 3738 erant.
701 3671 766 3736 Sed
780 3671 821 3736 ob
846 3691 955 3735 rerum
978 3669 1147 3755 adjuncta,

24 4044 32 4097 l
101 3969 119 4099 'It
142 3967 184 4021 Ex
205 3967 324 4022 Anselmi
343 3967 431 4037 gestis
449 3983 508 4036 epp.
528 3965 653 4021 Leodien.
674 3966 710 4019 ll.
729 3965 760 4020 G.
781 3965 829 4019 lx.
849 3965 912 4030 2‘283
932 3979 974 4031 ap.
996 3961 1146 4016 Wattericlr

36 4087 39 4094 .
60 4063 81 4098 c.
120 4092 125 4101 .
147 4061 172 4115 p.
193 4049 234 4100 79.

95 4195 174 4330 ²)HV.
194 4213 215 4251 a.
234 4197 309 4332 gssetri
329 4197 454 4251 Damioni
473 4195 626 4264 opusculum
646 4193 693 4261 Vl,
714 4192 1060 4248 Gratissirrrus.c.XXt'1.
1081 4197 1148 4260 opp.

23 4278 110 4332 toral
146 4279 229 4344 .p.l
270 4316 276 4328 .
