3002 4836
288 449 323 502 58
638 448 679 502 De
696 448 801 504 haeresi
820 447 1053 504 Icouoclssterum.

378 592 431 656 67.
456 591 568 656 Rebus
601 592 758 678 peractis,
782 591 896 656 Patres
920 591 1241 680 Constantinopolim
1264 613 1323 678 per
1346 593 1415 658 Im·

289 699 455 775 peratores
479 691 607 754 evocati
631 698 724 772 sunt;
748 711 791 753 ex
806 709 920 754 eorum
937 712 991 755 ore
1006 691 1096 756 enim
1120 691 1183 776 ipsi
1208 700 1417 776 quaegesta

289 775 398 852 essent
420 788 455 850 in
479 785 613 872 Synodo
637 785 752 851 audire
777 786 961 854 voluerunt.
1010 785 1108 868 Quod
1132 786 1257 854 fuctum
1281 798 1332 852 est
1356 789 1416 854 die

288 885 330 951 23
355 883 525 966 Octobris,
550 886 584 950 in
609 882 745 949 solemni
780 905 948 952 consessu,
968 885 1080 952 habito
1112 887 1148 950 in
1170 883 1293 970 palutio
1318 886 1415 970 Meg·

288 1006 392 1048 neure
425 983 559 1049 decreta
583 981 723 1048 Concilii
754 985 893 1048 recitsts
922 995 1009 1068 sunt,
1044 981 1224 1050 universali
1248 981 1418 1048 acclame-

288 1084 376 1148 tione
400 1083 519 1146 iterum
543 1080 586 1145 ab
611 1081 765 1147 omnibus
789 1081 992 1162 confirmate,
1018 1092 1050 1146 et
1073 1082 1173 1146 etism
1196 1077 1239 1144 ab
1263 1080 1418 1168 Impera-

287 1177 413 1246 toribus
437 1178 678 1265 subscriptione
701 1179 841 1246 firmate.
888 1179 982 1244 Haec
1007 1189 1126 1244 octove
1151 1179 1253 1244 sessio
1277 1177 1415 1261 Synodi

287 1277 353 1342 dici
378 1275 468 1358 solet,
494 1277 589 1362 eique
614 1277 809 1342 adscribunt
825 1277 948 1343 eruditi
964 1299 1107 1344 canones
1131 1299 1262 1364 quoque
1286 1277 1414 1360 viginti

286 1377 368 1441 duos
384 1399 404 1438 e
421 1373 556 1457 Synodo
582 1373 700 1456 editos,
725 1377 782 1461 qui
807 1396 876 1439 rem
900 1375 1152 1469 hierarchicam,
1170 1375 1360 1459 liturgicum
1377 1384 1418 1439 et

286 1472 531 1559 disciplinarem
565 1481 724 1559 spectent.
771 1473 902 1538 Primus
936 1496 1043 1538 conon
1077 1473 1231 1561 antiquos
1261 1493 1416 1538 oenones

286 1569 478 1652 confirmet,
503 1569 699 1656 apostolicos
723 1571 904 1656 imprimis,
931 1569 1052 1636 deinde
1077 1593 1135 1640 sex
1160 1579 1352 1634 sanctorum
1377 1580 1419 1633 et

285 1668 522 1734 universalium
547 1668 769 1752 Synodorum,
793 1671 889 1734 tertio
911 1668 1069 1734 localium
1089 1668 1303 1753 synodorum.
1340 1666 1414 1734 Sed

285 1788 392 1832 conon
416 1769 476 1832 iste
500 1788 565 1831 non
599 1777 648 1831 est
670 1766 873 1852 approbatus
897 1767 940 1831 ab
973 1767 1112 1832 ecclesie
1136 1767 1296 1844 Romane,
1319 1786 1415 1851 quse

285 1887 427 1930 oenones
451 1874 580 1929 tuntum
603 1865 847 1951 quinquaginta
862 1864 1045 1951 recipiebat
1066 1889 1108 1930 ex
1132 1866 1173 1928 iis
1196 1864 1254 1950 qui
1277 1873 1414 1948 aposto-

284 1962 340 2027 lici
364 1973 610 2048 nuncupentur,
635 1973 667 2026 et
692 1961 1083 2050 Constantinopolitanos,
1107 1961 1415 2039 Chalcedonenses,

284 2083 323 2125 ac
347 2058 522 2124 Trullenos
544 2083 688 2126 canones
711 2083 777 2128 non
801 2083 915 2128 omnes
939 2063 1071 2147 recepit

148 2293 240 2336 Eum„
374 2255 427 2322 68.
451 2255 572 2320 Perse
596 2258 674 2321 setis
698 2257 909 2322 menifestum
943 2268 1000 2340 est,
1025 2255 1216 2323 Gallicanos
1239 2256 1414 2320 immerito

116 2354 481 2457 ffiffllergumento
512 2375 570 2440 pro
603 2377 662 2418 sus
693 2358 856 2420 sententie
888 2357 1129 2442 conquisivisse
1162 2379 1204 2420 ex
1236 2375 1288 2435 eo,
1313 2354 1412 2441 quod

259 2447 443 2535 ‘Synodus
476 2451 666 2537 Scripturae
702 2464 734 2518 et
769 2452 972 2519 Traditionis
1007 2455 1203 2520 testimoniis
1241 2451 1414 2536 imagines

284 2549 438 2614 colendos
462 2571 531 2615 esse
556 2549 670 2615 sedulo
693 2550 894 2640 probaverit,
918 2561 951 2617 et
974 2551 1052 2616 dein
1076 2551 1219 2618 ediderit
1242 2547 1411 2614 delinitio-

284 2670 360 2712 nem
385 2648 574 2714 solomnem.
624 2647 755 2732 „Rebus
771 2670 900 2715 summa
916 2652 1098 2716 attentione
1121 2649 1302 2736 perpensis,
1327 2649 1413 2712 sori-

282 2745 332 2810 bit
353 2745 532 2812 Bossuetus
555 2746 576 2811 l.
601 2769 640 2826 c,
665 2747 702 2812 fit
726 2746 891 2830 definitio,
916 2771 982 2815 non
1006 2751 1104 2814 unius
1128 2749 1269 2813 Romani
1293 2747 1411 2810 Ponti-

283 2844 371 2927 ticis,
403 2843 461 2910 sed
491 2846 591 2909 totius
615 2845 785 2910 Ecclesiae
809 2847 991 2912 catholicae
1022 2867 1184 2912 consensu
1208 2856 1241 2910 et
1264 2843 1410 2908 auotori-

281 2952 349 3006 tste
373 2941 483 3008 nixe.“
531 2943 575 3007 Et
598 2942 701 3007 relate
725 2943 918 3010 delinitione
942 2944 1131 3010 concludit:
1168 2945 1234 3028 „Ut
1256 2940 1412 3028 profecto

281 3039 449 3127 apparent,
474 3063 638 3104 summam
663 3033 751 3106 illem
777 3052 810 3106 et
840 3041 1086 3108 ineluctabilem
1111 3041 1344 3108 certitudinem
1371 3040 1411 3102 in

281 3137 451 3202 Ecclesiae
486 3137 668 3204 catholicae
700 3143 930 3222 consensione,
964 3143 1029 3206 imo
1063 3143 1097 3206 in
1122 3141 1264 3226 Spiritus
1288 3137 1409 3203 Sancti

282 3238 472 3301 universam
487 3237 674 3302 Ecclesium
690 3236 840 3303 docentis
857 3241 1045 3325 magisterio
1059 3261 1130 3304 esse
1145 3239 1296 3324 positam,
1314 3233 1411 3321 quod

281 3345 350 3399 eret
374 3333 699 3401 demonstrandum.“
725 3374 769 3383 -
793 3335 923 3402 Similis
945 3336 1048 3402 hebet
1071 3338 1196 3402 Meret:
1233 3335 1349 3418 „Dans
1375 3332 1410 3398 la

280 3433 440 3517 septieme
464 3434 601 3514 session,
627 3433 756 3514 scribit,
781 3433 811 3498 le
836 3433 972 3500 Concile
996 3458 1163 3522 prononce
1188 3457 1223 3498 sa
1247 3441 1409 3496 sentence

280 3533 486 3596 souveraine.
534 3529 676 3618 D’eprbs
705 3531 752 3596 les
778 3533 854 3597 faits
887 3557 951 3622 que
975 3555 1058 3599 nous
1082 3555 1208 3598 venons
1231 3530 1412 3615 d’exposer

279 3629 303 3692 il
327 3638 375 3693 est
391 3628 536 3710 evident,
554 3652 618 3716 que
633 3629 666 3694 le
681 3633 919 3696 souverainete
940 3632 1130 3698 concilieire
1145 3633 1292 3696 s'eccuse
1316 3629 1409 3692 aussi

280 3737 462 3792 nettement
485 3726 569 3792 dens
592 3727 621 3792 le
653 3727 780 3793 concile
804 3732 964 3817 septieme
993 3753 1058 3818 que
1083 3729 1166 3794 dens
1189 3727 1236 3792 les
1259 3727 1311 3790 six
1334 3747 1410 3810 pre-

279 3827 387 3890 miers.
433 3823 588 3911 L'Eglise
621 3825 662 3890 dc
686 3826 911 3894 Jesus-Ohrist
941 3851 1070 3914 nousy
1101 3831 1254 3914 apparuit
1276 3844 1409 3887 comme

280 3945 345 3986 une
369 3920 560 3986 monarchis
585 3922 844 3990 veritnblement
875 3929 1043 4012 temperes
1073 3924 1322 3992 d’eristocretie.
1371 3921 1407 3987 Si

279 4019 321 4084 de
345 4021 455 4086 beeux
487 4022 717 4107 temoignsges
747 4035 822 4088 sont
844 4024 967 4089 rendus
1001 4027 1022 4088 ὲ
1055 4026 1086 4089 la
1115 4025 1229 4090 divine
1265 4021 1408 4086 sutorite

278 4119 324 4183 du
348 4118 445 4204 Siege
462 4117 688 4206 Apostolique,
712 4121 878 4187 l'exsmen
902 4123 943 4188 de
959 4123 991 4188 lo
1014 4123 1108 4188 lettre
1133 4121 1294 4188 d’Adrien
1319 4128 1353 4182 et
1375 4117 1407 4182 le

272 4215 555 4284 reneuvellement
587 4215 629 4281 de
660 4218 693 4284 le
726 4218 982 4285 condemnation
1015 4219 1221 4286 d’Honorius
1254 4241 1296 4284 ne
1332 4238 1405 4305 per-
