2952 4832
326 465 367 518 De
385 462 637 520 Praedeoeeeoribru
655 463 680 518 S.
700 461 827 531 Gregorii
846 463 908 516 VII.
1124 465 1176 518 247

71 606 351 693 independeutiam
365 607 536 672 Ecclesiae
559 608 594 670 in
610 605 837 672 constituendo
850 607 1032 672 pontifice„
1049 607 1090 674 In
1102 607 1175 672 aliis

70 707 315 770 circumstantiis
345 707 452 788 magis
484 705 633 789 propitiis
664 706 733 790 ipse
768 714 800 768 et
829 704 948 790 reliqui
982 703 1176 771 Cardinales

72 803 150 868 baud
179 802 403 887 neglexissent
424 802 661 888 Imperatorem
685 811 762 866 aute
785 803 957 868 Pontificis
980 803 1175 869 electionem

70 901 180 965 honore
203 901 314 986 aliquo
338 902 510 986 prosequi3
544 901 602 964 sed
627 899 831 964 difficillimis
861 902 896 964 in
919 901 1087 986 adjunctis
1111 923 1176 966 me·

67 1001 122 1062 rito
144 1007 352 1080 censuerunt,
376 997 530 1063 omnibus
554 995 823 1082 praehabeudam
848 1019 920 1063 csse
934 998 1105 1063 Ecclesiae
1128 1021 1175 1064 ea-

68 1095 168 1178 lutem,
193 1107 226 1160 et
250 1095 435 1162 inconsulta
459 1095 535 1160 aula
559 1094 722 1180 imperiali
738 1095 934 1160 Pontificem
960 1119 1030 1160 esec
1055 1095 1175 1182 eligen-

68 1193 147 1260 dum.
174 1195 276 1260 Hanc
299 1215 413 1260 eorum
429 1193 698 1276 mentemfuisse,
724 1192 890 1276 colligitur
915 1196 1108 1278 praesertim
1132 1217 1175 1258 ex

66 1293 295 1379 Disceptatiorte
318 1294 419 1356 citata
443 1314 468 1355 s.
492 1291 581 1356 Petri
605 1292 775 1356 Damiani.

144 1392 198 1456 37.
246 1391 292 1456 Ut
315 1389 528 1472 dignoscatur
560 1411 724 1474 quaenam
746 1390 914 1476 principio
936 1400 1015 1453 tunc
1038 1389 1173 1471 Romae,
1210 1413 1320 1465 remise

63 1509 99 1548 ac
127 1491 309 1572 generatim
341 1487 430 1572 apud
470 1487 708 1552 ecclesiasticos
742 1487 799 1572 qui
829 1485 999 1550 Ecclesiae
1023 1487 1102 1573 jura
1134 1509 1174 1552 ac
1190 1483 1345 1526 cfflfllffl·

63 1584 267 1672 disciplinam
283 1585 469 1666 tuebantur,
494 1585 750 1670 praevaluerint,
776 1584 916 1649 multum
934 1585 1035 1670 juvat
1057 1585 1173 1648 adver-

63 1691 132 1764 tere,
156 1683 239 1769 quid
262 1706 301 1748 ea
325 1683 497 1748 occasione
521 1683 761 1768 responderint,
786 1683 865 1747 dum
890 1684 970 1768 ipsis
995 1681 1173 1768 exprobra-

65 1777 160 1862 batur,
185 1781 315 1846 Nicolai
340 1780 519 1862 decretum,
545 1803 608 1866 quo
624 1780 770 1844 Henrico
785 1780 835 1844 IV
859 1780 978 1867 aliquis
993 1801 1174 1844 concursus

64 1877 92 1940 iu
123 1878 283 1943 electione
313 1881 392 1944 novi
415 1879 588 1944 Pontificis
619 1879 872 1960 concedebatur,
905 1879 995 1943 haud
1019 1901 1088 1942 esse
1119 1877 1173 1942 ob-

62 1987 233 2042 servatum.
257 2015 297 2026 -—
324 1976 530 2058 Invenimus,
555 1979 717 2062 imprimis
738 1999 793 2042 eos
809 1979 954 2041 maxime
980 1975 1173 2058 inculcasse,

58 2095 252 2140 concursum
276 2074 438 2160 ejusmodi
462 2074 650 2140 nullatenus
673 2078 742 2159 regi
767 2075 820 2139 vel
845 2077 1034 2160 imperatori
1056 2095 1174 2138 conve-

60 2173 124 2236 nire
147 2183 309 2258 tanquam
333 2194 374 2236 ex
399 2194 432 2236 se
457 2172 616 2255 debitum,
646 2195 684 2237 ac
709 2175 736 2236 si
754 2197 817 2259 per
840 2195 871 2236 se
900 2194 993 2255 reges
1016 2171 1097 2236 illud
1117 2171 1174 2258 jus

60 2267 231 2352 baberent,
265 2279 302 2334 ut
329 2270 614 2336 confirmationem
645 2270 698 2334 vel
723 2292 920 2336 coneursum
955 2272 990 2334 in
1014 2269 1174 2334 electione

59 2366 256 2432 Pontificum
289 2366 352 2431 sibi
383 2367 604 2433 vindicarent.
649 2368 690 2432 In
721 2369 796 2432 aula
830 2368 994 2453 imperiali
1019 2367 1175 2432 videlicet

59 2465 127 2529 talis
151 2487 333 2532 concursus
356 2487 422 2530 non
447 2466 550 2532 veluti
573 2465 797 2553 privilegium,
830 2466 963 2530 honoris
996 2487 1097 2529 causa
1120 2465 1175 2528 be·

57 2566 154 2648 aigne
178 2585 382 2644 concessum,
407 2565 689 2647 considerabatur,
715 2565 772 2628 sed
796 2575 954 2650 tanquam
973 2563 1030 2649 jus
1054 2584 1173 2627 conve-

57 2663 146 2727 niens
161 2664 243 2746 regi,
268 2661 384 2726 saltem
401 2673 437 2726 ut
452 2665 590 2748 patricio
606 2663 840 2744 Romanorum,
857 2661 1054 2726 habebatur.
1083 2661 1174 2725 Hinc

56 2758 304 2824 Hildebrandus
327 2782 367 2824 ac
382 2760 500 2847 reliqui
525 2763 596 2846 ejus
611 2763 714 2846 partis
738 2759 926 2842 observant,
951 2783 1010 2845 per
1032 2781 1066 2823 se
1090 2760 1173 2842 regi·

56 2854 113 2920 bus
144 2861 181 2922 in
205 2856 365 2938 electione
388 2858 613 2924 Romanorum
637 2858 837 2922 Pontificum
868 2857 995 2922 nullum
1020 2857 1071 2942 jus
1099 2878 1173 2922 eon-

54 2957 177 3021 venire.
224 2956 386 3020 Narratur
415 2958 504 3043 apud
528 2957 732 3022 Bonizonem
765 2967 798 3019 et
831 2959 864 3020 in
898 2954 964 3020 alia
987 2954 1172 3020 Alexandri

60 3051 141 3132 Vita,
168 3075 234 3140 qua
258 3055 383 3118 ratione
407 3054 507 3121 Anno
533 3053 738 3120 Coloniensis
762 3057 946 3139 episcopus,
971 3075 1072 3138 quum
1099 3073 1173 3116 con-

51 3153 200 3218 cordiam
230 3153 400 3220 restituere
424 3155 593 3236 niteretur,
626 3175 702 3217 cum
726 3151 960 3217 Cardinalibus
984 3149 1175 3213 discusserit

51 3257 290 3337 quaestionem.
346 3253 518 3338 Pruq‘otua
550 3274 621 3315 aero
655 3251 748 3316 Assa
785 3248 833 3314 nil
871 3249 982 3312 melica
1022 3249 1173 3333 capitose,

48 3376 143 3435 quum
167 3365 203 3418 ut
224 3375 353 3440 requam
375 3351 551 3416 sacerdotio
575 3352 729 3426 uniretur,
754 3346 885 3412 Italiam
898 3349 1025 3412 occicus
1040 3349 1174 3409 Romam

50 3453 153 3516 tendit
176 3454 358 3540 Papamque
381 3451 534 3529 conuenit,
563 3473 618 3512 cur
641 3446 755 3532 ubsque
772 3450 868 3534 jussu
890 3447 973 3530 repis
997 3447 1175 3507 Romanam

46 3554 192 3637 occipere
224 3575 321 3616 ausus
349 3551 390 3614 sit
418 3547 636 3634 pontificatum
648 3543 684 3632 ¹).
735 3542 794 3608 Gai
817 3567 909 3629 quam
932 3543 1000 3606 Deo
1025 3540 1159 3605 amabil‘

122 3775 143 3839 ¹)
169 3773 195 3827 8.
214 3773 306 3835 Anno,
331 3785 412 3836 qaum
431 3773 503 3822 esset
526 3766 695 3836 praepositus
718 3763 828 3832 collegii
846 3761 994 3830 imperialis
1016 3759 1174 3815 clericorum

45 3853 180 3908 nobilium
204 3852 233 3907 iu
251 3851 349 3920 oppido
367 3849 472 3914 Goslau
496 3847 657 3902 ann01056
679 3845 713 3900 ab
732 3843 849 3899 Hearico
867 3843 911 3896 ΙΙΙ
935 3846 1042 3896 creatus
1066 3843 1108 3894 est
1131 3855 1174 3894 ar·

43 3933 233 4002 cbiepiecopus
247 3931 420 3996 coloniensis,
440 3929 518 3996 eique
536 3927 698 3996 praesertim
716 3925 801 3979 lilium
820 3929 902 3990 atque
921 3920 1067 3990 Imperium
1085 3920 1173 3986 Impe-

45 4022 123 4068 rator
153 4015 269 4070 moriens
299 4009 504 4068 commendarit.
548 4009 599 4062 Sed
623 4008 681 4076 jam
708 4005 812 4073 eliquat
839 4009 901 4072 post
923 4000 1057 4056 mensibus
1084 3999 1173 4054 miuus

43 4099 146 4162 gratus
166 4093 254 4148 sactus
277 4097 320 4147 est
341 4090 445 4161 Agneti
462 4089 642 4158 Imperatrici,
666 4087 708 4141 ita
725 4091 758 4140 ut
780 4099 814 4140 cx
833 4089 912 4153 parte
929 4081 1060 4136 inflexum
1079 4082 1108 4134 tn
1126 4095 1173 4133 ne-

45 4175 126 4242 gotia
146 4173 258 4242 Imperii
281 4172 431 4227 amitteret
468 4170 751 4224 malesessum
774 4166 874 4220 iterum
898 4161 1100 4218 administratio
1119 4161 1173 4216 Irn-

43 4255 115 4323 perii
135 4254 168 4309 in
187 4253 245 4322 eius
263 4253 408 4323 praecipue
425 4265 521 4306 manus
540 4248 672 4318 pervenit,
691 4253 721 4301 et
738 4245 862 4314 quamvis
880 4258 991 4312 eaquae
1009 4242 1173 4311 opinabatur
