2922 4832
333 448 384 500 194
573 447 632 500 XX.
651 447 692 501 De
710 453 787 502 statu
806 447 877 502 Eeol.
898 447 984 502 medio
1004 463 1075 504 sace.
1095 448 1244 504 undecimo.

421 591 475 654 42.
508 590 671 676 Tempore
696 591 798 676 igitur
820 592 921 655 trium
945 590 1105 674 Ottonum
1130 592 1297 658 interdum
1320 597 1417 678 praesia

193 674 240 702 Μ
260 673 280 702 ⁰'
253 603 445 773 orwnaliqua
469 686 647 770 electione,
682 687 849 754 interdum
872 711 932 774 pro
957 667 1128 754 voluntate
1152 691 1416 802 principissam

179 3159 204 3202 S.
209 3161 293 3270 utlaplri·

332 795 382 850 tes
406 787 617 872 episcopatus
640 796 673 850 et
695 786 851 852 abbatiae
875 809 935 872 per
958 787 1189 852 investituram
1213 789 1363 874 principis
1377 804 1417 854 tn·

333 884 506 949 dabantur.
554 882 587 948 S.
613 883 778 948 Henricns
802 883 836 948 ΙΙ
860 883 1013 971 quamvis
1037 885 1249 949 concordiam
1274 907 1343 950 cum
1362 890 1417 972 epis·

332 985 424 1070 copis
448 981 578 1066 coleret,
614 993 646 1046 et
669 983 750 1068 ipsis
775 981 828 1046 vel
852 981 1010 1046 ecclesiae
1034 983 1204 1048 canonicis
1224 982 1353 1070 obsequi
1371 1010 1418 1072 pas-

332 1083 394 1146 sim
420 1103 485 1144 non
515 1079 692 1162 abnueret,
727 1091 839 1146 tamen
864 1081 1054 1166 frequenter
1087 1079 1275 1167 capellanos
1309 1083 1352 1146 vel
1370 1107 1418 1170 pro-

332 1181 474 1266 pinques
498 1199 593 1262 suos,
627 1177 838 1264 dignissimos
863 1179 997 1264 quidem
1022 1181 1121 1260 viros,
1146 1179 1295 1244 ecclesiis
1317 1205 1366 1244 sua
1382 1204 1419 1243 vo·

331 1276 457 1341 luntate
481 1277 680 1363 praeposuit.
728 1277 903 1340 Rationem
936 1277 1057 1361 agendi
1093 1278 1163 1362 ejus
1186 1277 1230 1340 ad
1262 1280 1365 1342 vivum
1384 1278 1419 1340 dr·

331 1375 446 1440 scribit
476 1374 688 1438 Thietmarus
725 1376 760 1438 in
793 1373 958 1439 Chronico
990 1375 1091 1456 suo.¹)
1146 1374 1308 1460 Exempla
1339 1376 1421 1462 aliqua

330 1475 525 1554 afferamus3
562 1495 604 1536 ex
628 1474 676 1536 cis
700 1474 789 1537 enim
813 1481 967 1558 apparet,
1000 1472 1164 1558 quomodo
1198 1473 1259 1538 sub
1291 1479 1418 1560 sequenti-

331 1569 392 1635 bus
416 1569 677 1656 Imperatoribus
710 1572 819 1634 minus
850 1572 914 1656 piis
944 1569 988 1636 ad
1012 1569 1221 1636 arbitrariam
1248 1582 1280 1635 et
1305 1575 1421 1659 iniquam

328 1667 518 1754 praesulum
550 1668 750 1732 creationem
783 1692 835 1732 res
868 1668 1050 1733 devenerit.
1097 1668 1227 1734 Mortuo
1252 1667 1370 1734 Gislero
1388 1694 1419 1732 ar

329 1767 539 1854 chiepiscopo
564 1765 854 1852 llagdeburgensi,
879 1766 1047 1832 Henricus
1071 1769 1169 1831 misso
1187 1767 1422 1852 llagdeburgun

329 1862 491 1929 Guiberto
523 1863 694 1950 capellano
727 1887 785 1928 suo
818 1867 1012 1949 canonicos,
1046 1863 1166 1952 quibus
1197 1865 1240 1929 ab
1265 1866 1375 1932 Ottone
1400 1865 1421 1928 ll

328 1959 418 2048 regio
443 1964 601 2048 rescripto
633 1961 768 2027 libertas
792 1961 991 2027 electionum
1017 1983 1171 2026 concessa
1195 1964 1312 2044 fuerat,
1343 1963 1423 2028 horta»

329 2061 437 2140 batur,
462 2071 498 2124 ut
521 2059 680 2146 eligerent
709 2059 916 2144 Taginonem
950 2062 1060 2124 virum
1089 2063 1276 2146 egregium,
1310 2063 1423 2146 discipa-

328 2158 397 2223 lum
422 2181 446 2225 s.
471 2157 663 2244 Wollgangi
687 2158 936 2223 Ratisbonensis
960 2161 1117 2244 episcopi,
1143 2161 1198 2246 qui
1224 2183 1301 2224 eum
1325 2161 1425 2224 virtui-

328 2256 391 2321 bus
415 2258 651 2321 informaverat
674 2265 707 2320 et
729 2255 792 2320 sibi
816 2279 1046 2322 successurum
1069 2269 1270 2344 speraverat
1316 2258 1374 2322 Sed
1393 2261 1424 2320 in·

328 2355 423 2418 terim
449 2355 590 2420 donatus
613 2364 662 2418 est
685 2356 878 2440 episcopatu
902 2353 1135 2420 Ratisbonensi
1157 2354 1372 2420 Gsbehardus
1391 2382 1427 2418 cr·

327 2451 477 2538 pellaeus
518 2455 614 2537 regis.
672 2451 801 2538 Tagino
840 2464 951 2516 autern
988 2452 1111 2518 electus
1147 2465 1195 2518 est
1227 2478 1247 2518 a
1283 2456 1426 2519 canonici-

327 2549 680 2634 llagvleburgensibua
706 2549 828 2636 quibus
852 2551 1017 2636 integrum
1043 2573 1109 2616 non
1137 2562 1208 2616 crat
1231 2575 1346 2638 preces
1368 2553 1428 2616 frus-

326 2657 412 2712 trare
436 2647 658 2734 Imperatoris,
683 2649 836 2734 quamvis
860 2650 894 2712 in
919 2649 1143 2734 praepositum
1169 2651 1232 2736 ipsi
1255 2673 1350 2715 suum
1372 2672 1428 2711 ocii·

327 2744 375 2810 los
398 2755 430 2810 ct
454 2757 531 2811 vcta
564 2770 624 2812 sua
648 2747 897 2810 convertissent.
946 2749 1035 2826 Rex,
1066 2748 1114 2810 ait
1136 2747 1363 2812 Thietmarus.
1392 2747 1428 2806 lo-

326 2844 396 2908 ceto
426 2843 585 2931 Ararulplri
609 2842 773 2931 praesulis
807 2845 922 2908 cleram
951 2855 980 2908 et
1009 2845 1165 2931 populum
1191 2845 1352 2934 Taqiaoai
1373 2896 1378 2906 .
1400 2893 1429 2905 ..

326 2943 495 3020 comm-isit,
532 2941 720 3028 eandemque
755 2944 790 3005 in
822 2942 1003 3006 cathedra-m
1037 2941 1247 3029 episcopalem
1282 2945 1349 3030 ipse
1378 2967 1432 3004 ruore·

326 3039 471 3125 stimir.²)

416 3157 471 3218 43
528 3155 603 3219 Non
636 3154 737 3219 multo
770 3165 844 3240 post
831 3154 966 3219 tidem
1002 3153 1186 3242 Imperator
1219 3159 1432 3242 episcopatum

251 3231 633 3338 ¹¹'llerseburgensem
665 3255 758 3318 restit
759 3255 824 3334 uit,
860 3275 958 3338 quem
996 3252 1039 3318 ab
1075 3251 1195 3320 Ottone
1227 3253 1245 3317 1
1277 3255 1431 3320 tundatur]

326 3361 553 3436 suppresserat
576 3351 653 3416 Otto
677 3350 721 3415 ΙΙ.
770 3351 819 3416 Εο
848 3353 1040 3438 episcopatu
1069 3377 1094 3416 s
1118 3353 1291 3418 Henricus
1316 3351 1434 3418 Guiber-

326 3461 397 3513 tum
426 3449 635 3536 capellanum
668 3471 783 3514 suum·
802 3451 993 3525 investivit;
1024 3449 1114 3514 dedit
1148 3451 1368 3538 episcopatum
1398 3473 1432 3510 co·

321 3544 453 3634 pellaeo
478 3549 588 3612 suimet
618 3547 773 3634 Wipberto
784 3598 794 3627 ,
827 3571 894 3611 cam
927 3549 1142 3612 archiantistes
1176 3549 1294 3614 baculo
1322 3551 1433 3632 Topica»-

324 3645 418 3728 nis.³)
442 3645 680 3730 Episcopatum
706 3645 985 3730 Bambergensem
1010 3645 1053 3708 ab
1077 3648 1147 3732 ipso
1167 3646 1351 3714 fundatum
1366 3647 1432 3712 Hen-

324 3745 424 3824 rious,
450 3744 675 3808 consentiente
707 3744 833 3828 synodo
869 3746 1099 3830 episcoporum
1130 3766 1212 3830 quos
1241 3747 1432 3812 Francosurt:

325 3852 586 3922 convocaverat,
625 3842 821 3907 cancellario
857 3865 916 3906 suo
954 3841 1113 3906 Elerardo
1147 3843 1305 3910 contulit.
1358 3843 1433 3908 virt

323 3949 436 4025 erepto
460 3938 636 4024 Ludolpho
650 3939 898 4026 archiepiscopo
923 3940 1124 4022 Trevirensi,
1149 3939 1273 4008 electio
1290 3943 1432 4008 celebrata

400 4151 419 4218 ¹)
439 4150 471 4203 V.
491 4149 641 4205 Thietmari
661 4151 809 4206 chronicon
828 4153 864 4208 ll.
884 4153 917 4207 G.
936 4153 990 4209 Sor.
1010 4153 1058 4208 111.
1079 4153 1230 4208 raa-871.

401 4232 423 4298 ¹)
443 4231 472 4286 L.
492 4231 525 4286 V.
545 4247 570 4284 n.
591 4232 633 4285 24.
654 4233 697 4286 25.
855 4291 859 4298 ,
913 4232 934 4302 ⁸)
954 4233 984 4289 L.
1004 4231 1052 4288 VI„
1072 4249 1098 4288 n.
1120 4238 1140 4288 l.
