2952 4832
345 493 385 546 De
406 493 569 546 Pontificatu
589 495 614 546 S.
635 493 760 560 (tragorii
781 493 840 548 ΥΠ.
1094 494 1145 546 287

49 638 336 702 communicatione.
385 634 559 700 Caeterum
595 636 671 720 jure
703 634 835 722 publico
870 634 956 700 illius
989 637 1145 720 temporis

48 735 132 798 etiam
152 745 307 798 statutum
331 745 410 817 erat,
440 744 477 797 ut
500 735 807 798 excommunicatus
829 733 989 818 quamdiu
1013 733 1147 798 suberat

48 831 248 913 anathemati,
286 854 407 896 munus
439 830 610 916 publicum
648 831 881 896 administrare
923 854 989 895 non
1026 842 1145 917 posset.

47 927 180 1014 Gregorii
204 932 365 994 sententia
388 931 423 992 in
441 929 624 994 Henricum
650 951 715 993 non
731 939 802 992 erat
826 929 1062 1009 irrevocabilis,
1088 929 1146 993 sed

46 1037 104 1088 crat
124 1027 290 1113 suspensio
314 1026 356 1090 ab
381 1026 668 1091 administratione
692 1028 796 1107 regni,
822 1049 906 1112 quae
930 1029 1146 1091 conversione

45 1133 71 1184 et
104 1125 319 1189 satisfactione
358 1126 514 1209 praestita
552 1135 680 1210 poterat
719 1126 878 1190 revocari.
927 1123 1018 1188 Misit
1051 1146 1145 1210 porro

45 1221 208 1306 Gregorius
231 1221 297 1286 Vll
321 1221 445 1286 litteras
468 1222 512 1286 ad
536 1224 707 1288 universos
731 1222 854 1304 fideles,
890 1223 1011 1308 quibus
1036 1223 1076 1286 de
1100 1225 1147 1286 in·

40 1320 124 1402 juriis
152 1318 230 1384 Sodi
265 1319 475 1405 Apostolicae
514 1320 611 1386 sactis
647 1344 687 1385 ac
725 1321 765 1386 de
803 1323 1146 1385 excommunicatione

45 1416 164 1481 Henrici
188 1420 274 1503 regis
299 1439 354 1482 eos
378 1418 524 1483 reddidit
547 1422 711 1483 certiores.

120 1572 167 1636 ta.
216 1571 393 1657 Postquam
418 1573 580 1634 sententia
604 1571 757 1655 Gregorii
790 1573 824 1634 in
849 1571 1031 1635 Henricunr
1057 1571 1147 1633 inno·
1169 1570 1309 1643 officim..

42 1669 94 1730 tuit
115 1671 146 1732 in
170 1669 364 1748 Germania,
390 1667 483 1732 multi
507 1668 666 1753 paulatim
691 1679 800 1753 partes
825 1668 962 1733 Henriei
987 1667 1035 1731 IV
1060 1667 1149 1732 dese·
1211 1673 1266 1713 ¹¹¹¹*

42 1776 171 1848 ruerunt,
205 1768 305 1830 etiam
339 1766 416 1830 inde
446 1765 488 1830 ad
513 1768 674 1830 saniorem
702 1776 846 1830 ruentem
870 1767 1027 1846 revocati,
1060 1767 1150 1851 quod

43 1861 138 1945 plures
160 1865 247 1948 regis
271 1863 424 1945 asseclae,
450 1866 536 1927 inter
559 1885 641 1950 quos
662 1862 850 1929 Gulielmus
874 1865 1049 1950 episcopus
1072 1863 1149 1927 Tra-

39 1961 186 2042 jectanus,
225 1961 398 2026 subitanea
429 1971 534 2025 morte
557 1961 797 2048 abriperentur.
844 1961 937 2026 Varii
972 1961 1148 2047 praesules,

42 2061 86 2141 qui
117 2059 336 2124 conciliabulo
370 2059 604 2124 Wormatiensi
639 2060 872 2139 interfuerant,
908 2059 1150 2124 emendationis

41 2153 150 2222 litteras
166 2159 306 2222 Romam
322 2160 491 2238 miserunt,
517 2158 671 2225 Pontifici
687 2159 912 2222 obedientiam
928 2160 1151 2242 promiserunt

41 2266 66 2314 ct
95 2258 330 2340 poenitentiam
366 2256 588 2340 postularunt,
629 2279 749 2342 eosque
786 2256 967 2339 Gregorius
1006 2255 1149 2338 benigne

40 2357 179 2439 suscepit.
209 2353 361 2440 Plerique
394 2356 494 2418 etiam
527 2354 628 2418 duces
659 2366 692 2419 et
726 2355 893 2440 principes
928 2352 970 2416 ab
1004 2353 1149 2417 Henrico

39 2449 258 2532 discesserunt,
290 2463 360 2516 tum
388 2464 523 2538 propter
553 2454 624 2538 ejus
655 2452 779 2517 luctam
816 2461 930 2515 contra
963 2451 1150 2516 Romanum
1209 2435 1216 2454 ⁸

39 2545 231 2628 Pontificem,
268 2561 337 2614 tum
367 2561 499 2636 propter
527 2572 699 2636 perversos
736 2550 806 2635 ejus
840 2571 946 2612 mores
975 2559 1008 2611 et
1038 2559 1150 2632 tyran-

39 2645 138 2710 nidem
164 2650 199 2711 in
214 2647 430 2732 gubernando
455 2671 566 2731 regno.
600 2649 709 2712 Variis
734 2647 881 2733 epistolis
906 2646 1088 2730 Gregorius
1112 2667 1150 2710 eo

38 2753 174 2830 tempore
205 2745 359 2809 fidelibus
391 2746 592 2810 Germaniae
625 2748 768 2811 rationes
798 2746 1151 2810 excommunicationis

39 2841 166 2908 Henriei
190 2845 379 2908 accuratius
404 2847 567 2929 exposuit,
594 2844 692 2909 simul
717 2866 795 2909 vero
820 2845 988 2929 principes
1012 2844 1149 2926 monuit,

37 2961 71 3003 ne
100 2941 216 3006 durius
247 2943 281 3005 in
317 2943 425 3027 ipsum
458 2952 603 3026 agerent,
644 2965 729 3006 neve
753 2964 770 3005 c
795 2940 875 3006 solio
899 2943 1050 3027 protinus
1074 2962 1151 3004 eum

36 3037 219 3122 dejicerent,
251 3039 309 3103 sed
334 3049 369 3102 ut
391 3041 501 3124 potius
525 3039 696 3106 studerent
729 3063 805 3104 eum
829 3040 871 3103 ad
896 3039 1150 3102 submissionem

36 3157 104 3219 erga
128 3137 313 3202 Ecclesiam
346 3147 445 3224 atque
469 3138 512 3203 ad
536 3160 652 3223 pacem
677 3139 858 3202 ineundam
888 3136 1063 3201 adducere.
1110 3134 1150 3198 Iu

35 3231 123 3298 ltalia
161 3237 294 3300 interim
335 3237 482 3320 episcopi
520 3235 735 3321 Longobardi
772 3237 986 3321 perstiterunt
1021 3235 1056 3297 in
1091 3255 1150 3297 sua

34 3336 243 3413 perversitate
279 3345 326 3416 et,
367 3356 443 3405 eum
481 3332 645 3398 Guiberto
680 3334 861 3398 Ravennae
900 3332 1150 3417 archiepiscopo

34 3427 152 3515 Papiae
175 3433 377 3516 congregati,
402 3431 579 3496 anathema
605 3434 638 3496 in
654 3431 855 3517 Gregorium
871 3430 937 3494 VII
961 3430 1045 3494 serre
1061 3452 1150 3515 prac-

33 3549 209 3613 sumpsere.

117 3672 171 3736 80.
219 3671 283 3735 Die
310 3673 367 3736 16⁰
391 3672 545 3737 Octobris
569 3671 718 3758 plerique
750 3673 917 3756 principes
949 3669 1150 3734 Germaniae

33 3767 249 3833 ecclesiastici
279 3782 312 3834 et
341 3769 418 3834 laici
452 3791 494 3833 ex
519 3770 671 3834 condicto
697 3779 925 3833 convenerunt
948 3766 1149 3846 Triburiam,

35 3877 66 3928 ut
89 3865 236 3930 detristi
259 3869 353 3953 regni
386 3877 473 3932 statu
497 3867 718 3932 deliberarent
747 3865 883 3950 etquid
907 3864 1071 3950 agendum
1098 3863 1150 3926 de-

32 3974 211 4030 cernerent.
252 3965 440 4030 Adl'uerunt
465 3975 501 4029 ut
523 3965 623 4050 legati
636 3964 807 4029 Pontificio
824 3963 1028 4046 Sigehardus
1052 3963 1149 4048 patri-

33 4060 131 4125 archa
164 4061 389 4148 Aquilejensis
421 4073 453 4127 et
476 4063 677 4127 Altmannus
708 4063 882 4147 episcopus
913 4060 1148 4124 passaviensis.

33 4156 102 4222 Rex
118 4159 284 4224 Henricus
307 4171 417 4226 autem
442 4183 518 4226 eum
542 4183 621 4226 suae
645 4161 747 4247 partis
767 4158 994 4237 assertoribus,
1020 4159 1053 4221 in
1071 4155 1151 4220 villa

33 4277 115 4340 quae
139 4258 262 4322 dicitnr
278 4258 487 4346 Oppenheim
514 4282 548 4323 se
572 4257 773 4337 continebat,
798 4256 913 4322 Rheno
938 4255 1041 4320 fluvio
1066 4266 1150 4318 utra·
