2926 4840
298 491 338 545 De
356 490 542 546 Deorotalibns
560 489 843 546 Pseudo-isidorianis.
910 543 911 548 ,
1083 485 1135 544 265

48 633 194 694 recentiori
216 641 357 716 tempore
381 633 592 698 eminuerunt
615 632 656 698 Α.
675 631 850 718 Tbeiner¹)
874 642 908 695 et
922 629 1134 714 Eloulioi-11²),

48 727 147 792 lonae
178 727 257 792 illud
280 751 361 814 opus
385 731 591 814 oonfeetum,
625 741 658 795 et
687 728 921 796 Collectionem
946 727 1136 794 auetoribus

47 826 179 890 Romanis
191 826 406 892 Pontificibus
430 827 474 892 ad
491 827 763 914 amplificandam
777 830 923 912 ipsorum
940 837 1135 912 potestatem

46 923 230 1008 compilatam
252 947 331 989 esse.
378 924 444 992 Sed
468 926 551 992 haee
575 927 739 992 sententis
767 927 838 1012 jam
862 937 899 990 ut
921 928 1055 990 omnino
1080 937 1187 988 err-Ubi
1198 939 1307 982 mareu.

45 1021 116 1102 plora
137 1021 284 1086 habenda
308 1034 367 1088 est.
414 1023 566 1089 Sufficiat
588 1024 864 1102 animadvertere,
892 1023 927 1086 1⁰
951 1025 1058 1107 prima
1085 1043 1136 1083 ro·

44 1119 120 1200 stigia
143 1118 349 1186 collectionis
373 1143 434 1186 nee
458 1122 582 1186 Romam
606 1145 668 1186 neo
691 1123 726 1186 in
742 1120 839 1186 Italia
862 1122 1016 1186 inveniri.
1064 1120 1136 1184 Imo

45 1217 72 1276 :²⁰
91 1239 126 1280 ex
148 1218 288 1303 epistolis
312 1219 380 1284 th.
404 1219 602 1284 Pontifioum
628 1219 716 1284 illius
738 1221 867 1299 aetatis,
890 1219 1013 1282 Leonis
1033 1218 1080 1282 IV
1105 1229 1137 1282 et

46 1312 150 1378 licoisi
172 1316 188 1380 Ι
211 1327 362 1402 apparet,
388 1319 467 1402 ipsis
490 1317 828 1382 Pseudo-Deeretales
852 1316 906 1380 vel
930 1315 1020 1382 lraud
1044 1327 1138 1382 notes

44 1403 140 1490 luisse,
171 1413 222 1477 vel
246 1415 364 1480 iisdem
388 1437 443 1480 eos
466 1437 532 1480 non
564 1417 654 1480 nisos
684 1437 772 1496 esse,
805 1417 853 1479 uti
887 1414 1024 1478 inferius
1048 1415 1137 1478 vide·

46 1507 141 1576 bimus.
178 1512 286 1597 Atque
310 1514 348 1577 3⁰
366 1515 466 1578 etiam
490 1513 704 1598 subsequenti
728 1524 875 1598 tempore
899 1535 958 1599 per
981 1513 1046 1576 duo
1070 1535 1138 1576 sae-

45 1605 102 1670 cula
123 1631 221 1696 usque
252 1611 295 1674 ad
321 1610 467 1674 Leonem
491 1611 542 1674 IX
565 1611 634 1676 RR.
658 1611 837 1675 Pontifices
862 1612 896 1674 in
919 1612 987 1674 suis
1005 1610 1139 1696 juribus

44 1704 152 1769 tuendis
185 1730 250 1772 non
284 1718 508 1793 provocarunt
541 1709 585 1773 ad
619 1708 972 1774 Pseudo-Decretsles
1008 1708 1138 1774 Isidori.

44 1799 260 1868 Tantummodo
277 1804 470 1870 Hadrianus
486 1807 520 1872 Π
543 1806 722 1892 aliquando
747 1816 874 1870 textum
899 1828 940 1870 ex
963 1808 1003 1869 iis
1019 1808 1138 1870 citasse

43 1911 170 1964 censetur
183 1901 313 1988 (Anteri
326 1903 523 1989 epistolam),
540 1904 727 1970 nullatenus
743 1915 854 1970 tamen
867 1904 911 1968 ad
924 1926 1017 1968 suam
1030 1914 1139 1966 auoto-

45 1999 151 2062 riutem
174 2001 430 2084 vindicandam,
464 2003 522 2067 sed
551 2001 771 2088 comprobans
802 2002 927 2066 suetum
952 1999 1139 2086 praesulum

43 2089 157 2176 Galliae,
181 2101 236 2183 qui
261 2099 303 2164 ob
326 2121 446 2183 graves
469 2102 614 2166 rationes
638 2102 831 2186 episcopum
856 2121 899 2162 ax
920 2121 987 2164 una
1003 2097 1080 2164 sede
1105 2100 1139 2162 in

43 2188 121 2256 aliam
150 2196 393 2262 transtulerant.
441 2196 618 2262 Caeterum
650 2199 689 2262 4⁰
712 2198 845 2284 quando
869 2197 937 2262 RR.
961 2196 1140 2262 Pontifices

45 2289 127 2354 ritant
157 2301 266 2358 textus
288 2295 503 2376 Pontificum,
538 2317 593 2360 eos
623 2295 811 2360 attribuunt
837 2297 877 2360 iis
901 2293 1140 2360 recentioribus

44 2406 159 2468 quorum
181 2413 298 2456 revera
321 2403 407 2464 sunt,
433 2415 461 2456 e.
484 2417 515 2478 g.
532 2393 727 2458 Innoeentio
753 2393 807 2457 vel
830 2395 945 2471 Leoni,
971 2415 1037 2456 nou
1062 2415 1139 2456 vero

44 2487 262 2570 antiquioribus
292 2489 356 2554 illis
380 2491 479 2567 trium
504 2493 650 2576 priorum
680 2490 887 2554 saeculorum
911 2489 1139 2568 Pontificibus,

45 2581 142 2662 quibus
163 2585 266 2650 iidem
290 2595 400 2650 textus
426 2590 459 2651 in
473 2587 849 2652 Pseudo-Decretalibus
868 2587 1139 2672 applicantur.-

46 2675 83 2740 Ex
104 2679 188 2746 bisce
212 2683 344 2748 abunde
369 2695 468 2770 patet,
494 2686 682 2752 nullatenus
703 2687 826 2750 Romae
850 2686 1040 2750 auctoribus
1056 2685 1140 2750 Pou-

45 2775 180 2863 rifieibus,
217 2791 254 2844 ut
283 2803 376 2846 suam
401 2783 643 2868 amplificarent
672 2785 919 2864 auctoritatem,
956 2783 1045 2848 illum
1070 2782 1140 2846 Col·

46 2868 194 2942 leetionem
218 2879 341 2942 editam
366 2881 476 2944 fuisse.

113 2977 163 3040 54.
186 2977 301 3063 Aliqui
325 2989 476 3044 auctores
493 2989 693 3044 censuerunt
717 2981 750 3043 in
768 2980 932 3064 Hispania
956 2979 1140 3042 confestam

46 3067 123 3134 luisse
146 3073 379 3140 Collectionem
404 3077 805 3158 Pseudo-Decretalium‚
830 3099 867 3140 eo
892 3077 982 3161 quod
1005 3099 1082 3160 prae
1106 3099 1141 3138 se

47 3165 110 3230 terat
132 3173 247 3238 Isidori
270 3195 405 3256 nomen,
440 3175 529 3259 quod
552 3197 592 3238 ea
615 3177 782 3238 contineat
806 3197 890 3258 quae
915 3176 948 3238 in
974 3199 997 3238 s.
1023 3172 1140 3238 Isidori

47 3260 227 3350 Hispalensis
252 3269 452 3336 Collectione
477 3271 735 3336 inveniebantur
757 3271 845 3353 (aliis
868 3272 1012 3351 additis),
1042 3271 1141 3356 quod-

46 3382 94 3441 que
115 3367 156 3430 ita
179 3370 422 3434 existimaverit
445 3371 647 3434 Hincmarus
672 3369 884 3447 llhemensis‚
918 3372 974 3454 qui
999 3372 1033 3432 iu
1056 3369 1141 3434 libro

48 3459 250 3544 t'apitulorum
264 3466 326 3530 LV
351 3478 466 3532 eontra
483 3468 703 3532 Hinemarum
722 3468 891 3553 juniorem
907 3467 1038 3531 seribit:
1066 3467 1143 3532 blane

47 3553 74 3616 'lt
94 3561 163 3644 ipsis
185 3567 347 3630 sententiis
363 3565 467 3652 pleno
490 3569 531 3630 sit
553 3567 618 3630 ista
642 3577 737 3644 terra,
762 3567 843 3630 sieut
865 3577 895 3629 et
918 3566 956 3628 de
980 3564 1061 3628 libro
1081 3565 1142 3628 col-

48 3649 171 3722 lectorum
193 3663 398 3748 epistolarum
421 3664 461 3728 ab
484 3665 624 3742 Isidoro,
648 3685 736 3749 quern
759 3663 797 3726 cle
822 3664 987 3749 Hispania
1010 3661 1143 3726 allatum

48 3749 171 3841 llioulsrn
198 3761 402 3846 Mopuntinus
434 3763 599 3848 episeopus
634 3764 669 3826 iu
701 3761 894 3848 bojrumodi,
931 3763 1010 3825 sicud
1047 3770 1076 3823 ot
1107 3761 1142 3822 io

49 3851 166 3930 epistolis
196 3859 290 3942 sepiis
314 3859 473 3930 studiosus
498 3859 650 3938 obtinuit,
684 3870 713 3922 et
746 3861 826 3924 istas
848 3862 990 3944 reqiones
1022 3881 1062 3922 ee·
1084 3857 1141 3921 illo

50 3949 143 4030 repleri
163 3954 255 4038 fecit.
287 3995 330 4004 --
361 3955 519 4022 Attamen
551 3960 650 4022 etiam
683 3956 767 4020 haec
801 3957 911 4042 opinio
945 3957 986 4020 ob
1020 3955 1143 4020 solidas

50 4089 231 4108 ’““““---.

107 4172 177 4238 'lDe
194 4175 461 4232 Pseudo-Isidoriana
479 4177 643 4232 (tollentione
664 4177 743 4234 1827.
761 4193 787 4245 p.
807 4179 849 4232 71.

106 4251 122 4299 ¹¹
140 4256 339 4320 Kircbenreobt‚
358 4257 388 4312 Β.
408 4257 430 4312 Ι.
450 4273 475 4326 p.
497 4258 555 4314 los.
