2926 4840
309 492 362 544 260
465 489 539 544 XVI.
576 487 679 543 Causae
698 486 814 542 celebres
832 492 861 555 et
880 489 1032 543 Decretales
1050 488 1273 544 Pseudolsidori.

309 634 353 699 ad
375 635 577 714 Damasum,
612 641 644 695 et
670 633 878 716 responsoria
900 633 1056 714 Damasi,
1091 653 1176 718 quae
1209 643 1283 718 post
1303 634 1413 718 praefa-

309 734 432 796 tionem
465 731 508 796 ab
540 739 673 794 auctore
696 737 881 814 ponuntur,
914 730 1103 814 suppositae
1126 740 1213 794 sunt.
1242 769 1286 778 -
1317 731 1413 795 Altero

303 851 388 916 pura
420 829 649 914 complectitur
682 826 831 892 Consilia
864 851 884 891 a
916 828 1064 892 Nicacno
1100 850 1203 914 usque
1236 828 1280 893 ad
1311 829 1414 913 Hispa·

309 927 400 992 lense
423 927 458 990 H
481 929 525 1014 (a.
550 926 644 1008 619),
674 927 791 1010 paucis
814 927 962 1010 exceptis
991 925 1074 990 haec
1098 924 1308 990 habebantur
1330 928 1414 990 ιιὶιιι

310 1027 346 1088 in
369 1023 534 1109 prioribus
550 1021 819 1088 collectionibus.
836 1061 880 1070 -—
900 1024 1039 1087 Tertiam
1055 1034 1184 1110 portem
1207 1035 1321 1088 auctor
1344 1045 1415 1088 com·

310 1124 495 1208 composuit
523 1143 566 1184 ex
588 1120 823 1185 Decretalibus
845 1122 914 1185 RR.
937 1121 1137 1186 Pontificum
1160 1145 1181 1186 a
1204 1120 1361 1188 Silvestro
1382 1121 1415 1184 ad
1447 1169 1448 1178 .

310 1219 558 1306 Gregorium,
531 1219 548 1282 Ι
582 1219 722 1304 adjectis
745 1217 898 1282 Decretis
922 1218 1121 1305 quibusdam
1146 1217 1297 1304 Gregorii
1321 1219 1368 1300 113
1389 1222 1415 1282 in

310 1318 363 1382 his
386 1317 551 1381 habentur
582 1242 803 1402 quhdraginta
827 1319 959 1380 circiter
983 1317 1182 1382 documenta
1205 1318 1282 1382 ab
1273 1341 1343 1404 rpso
1365 1321 1448 1403 pri

310 1438 401 1480 mum
425 1414 553 1500 prolata
576 1425 609 1479 et
631 1417 867 1499 supposita.-
825 1413 1038 1479 -Sufficiat
1059 1415 1205 1479 breviter
1229 1416 1448 1483 observasse

311 1522 441 1598 praeter
464 1523 736 1577 commemoratas
753 1510 933 1576 Clementis
957 1513 1110 1598 epistolas
1132 1515 1234 1577 etiam
1255 1514 1321 1579 alia
1336 1536 1448 1600 quae
1447 1499 1448 1592 7

310 1611 389 1675 dam
422 1633 464 1674 ex
497 1609 704 1674 documentis
734 1609 976 1695 apocryphis
968 1634 1002 1674 m
1032 1621 1101 1675 tota
1124 1609 1326 1676 Collecticne
1357 1633 1417 1674 con·
1447 1639 1448 1690 ι

311 1710 440 1773 tentis
425 1731 497 1793 Jam
514 1718 611 1772 antea
631 1720 709 1772 ncta
732 1708 844 1788 fuisse,
869 1711 917 1772 ιιι
937 1731 965 1774 ι
981 1729 1013 1792 g.
1029 1731 1172 1774 canones
1187 1707 1448 1824 Apostoloruml

399 1807 454 1871 47.
489 1805 646 1870 Collectio
669 1805 762 1886 haec,
789 1808 836 1869 uti
856 1807 927 1891 jam
952 1807 1108 1888 diximus,
1133 1807 1231 1872 valde
1251 1817 1448 1906 propagata
1447 1791 1448 1874 l

313 1914 377 1986 est,
411 1914 443 1968 et
475 1904 575 1988 vulgo
608 1857 775 1989 adscriptis
808 1927 832 1969 s.
856 1829 991 1968 lsidoro
1021 1904 1221 1991 Hispalensi.
1269 1905 1448 1980 Paulatim

313 2010 424 2066 antem
448 2001 530 2066 alias
554 2000 772 2066 Collectiones
796 2001 985 2066 celebritate
1009 2004 1105 2084 vicit,
1137 2013 1171 2066 et
1191 2013 1320 2068 tantam
1343 2001 1418 2088 apud
1447 2011 1448 2054 t

312 2121 426 2164 omnes
459 2109 636 2163 consecuta
669 2109 718 2163 est
740 2101 987 2183 auctoritatem,
1024 2109 1061 2164 ut
1091 2122 1151 2186 per
1182 2100 1279 2186 plura
1303 2099 1418 2164 saecula
1447 2079 1448 2174 7

312 2197 454 2282 theologi
479 2218 602 2280 omncs,
628 2198 820 2262 canonistas
844 2207 876 2262 et
900 2151 1072 2262 concilia
1064 2219 1136 2284 rpsa
1150 2175 1448 2264 Decretalesalia-l

312 2318 376 2380 que
409 2296 608 2360 documenta
641 2295 740 2381 hujus
764 2294 976 2361 Collectionis
1008 2298 1200 2378 citaverint,
1236 2299 1318 2383 quin
1350 2295 1448 2364 ullust

312 2417 426 2459 eorum
449 2417 488 2458 ea
512 2392 703 2506 apocrypha
727 2415 797 2458 esse
821 2405 1030 2479 supponeret.
1074 2393 1172 2459 Circa
1195 2393 1342 2458 medium
1365 2415 1448 2457 sae

141 2499 206 2543 Μ
221 2499 303 2550 agna
312 2493 423 2558 culum
440 2493 505 2556 XV
529 2495 673 2578 primum
695 2491 852 2556 Nicolaus
869 2491 1020 2556 Ousanus
1036 2491 1134 2558 Oard
1137 2493 1237 2577 (,De
1257 2491 1419 2557 concordia

313 2591 538 2657 catholioaL.
562 2589 623 2654 III.
658 2611 685 2654 c.
711 2588 764 2675 2),
799 2593 984 2675 suppositas
1008 2613 1078 2654 esse
1101 2591 1294 2655 Decretsles
1315 2590 1419 2655 Isidori

313 2691 496 2775 praesensit
527 2697 560 2751 ct
583 2687 755 2752 indicavit.
803 2688 951 2753 Saeculis
985 2689 1063 2753 dein
1086 2689 1301 2774 sequentibus
1325 2667 1448 2774 pluresl

312 2796 462 2852 auctores
496 2785 668 2866 catholici,
702 2787 750 2849 uti
784 2786 915 2850 saecrrlo
939 2786 1023 2850 XVI
1047 2786 1213 2850 Antonius
1243 2787 1293 2851 Le
1318 2785 1419 2850 Coiute
1447 2809 1448 2872 j

308 2883 581 2974 jurisconsultus,
615 2883 782 2948 Antonius
806 2883 1013 2968 Augustinus
1043 2884 1313 2971 archiepiscopus
1336 2885 1419 2948 Tara-
1447 2921 1448 2946 3

314 2985 474 3064 cunensis,
491 2981 621 3046 saeculo
637 2981 738 3045 XVII
753 2981 870 3044 Petrus
886 2981 927 3044 de
941 2983 1064 3065 Merca,
1086 2982 1295 3047 Christianus
1311 2983 1420 3067 Lupus.

315 3079 549 3159 Schelstraete,
573 3078 740 3143 Antonius
764 3079 865 3162 Pagi,
896 3079 1023 3143 Natalis
1046 3080 1254 3164 Alexander,
1289 3077 1419 3146 ostende·
1447 3119 1448 3124 κ

314 3189 392 3243 runt
415 3179 675 3263 suppositionem
699 3176 829 3240 illorum
854 3177 1146 3261 documentorum,
1171 3179 1326 3265 idemque
1347 3179 1419 3240 viru-

314 3275 402 3340 lento
426 3278 536 3339 animo
560 3277 796 3360 praestiterunt
820 3275 1004 3360 complures
1020 3275 1224 3356 heterodoxi,
1249 3279 1334 3340 inter
1352 3293 1419 3360 quos
1447 3347 1448 3350 Ἴ

317 3375 469 3438 citandus
493 3371 748 3437 estBlondellus
772 3375 806 3435 in
831 3373 914 3438 libro
939 3376 994 3458 qui
1020 3376 1197 3460 inscriptus
1211 3386 1277 3438 est:
1303 3371 1419 3438 Pseudo·
1447 3373 1448 3390 ¹

316 3472 460 3536 Isidorus
500 3483 529 3535 et
565 3472 594 3533 T
591 3473 742 3534 amianas
775 3471 972 3557 copulantes.
1023 3473 1222 3536 Franciscus
1255 3473 1420 3536 Turrianiu

316 3569 350 3634 S.
378 3571 410 3635 J.
443 3569 599 3633 videlicet
628 3571 868 3653 genuinitatem
899 3569 1125 3634 Decretalium
1156 3573 1294 3634 istarum
1324 3581 1419 3632 contra

317 3667 561 3731 Centuriatorcs
578 3666 881 3752 Magdcburgeuses
905 3667 1081 3732 defendere
1105 3680 1305 3754 susceperat.
1341 3666 1419 3728 Idem
1447 3663 1448 3676 ³

317 3777 430 3851 postea
453 3775 781 3851 praestare.conatus
805 3775 854 3828 est
878 3763 1064 3830 Cardinalis
1085 3767 1105 3831 J
1110 3767 1252 3851 csephus
1266 3765 1365 3830 Saena
1387 3761 1419 3824 dr

318 3865 477 3948 Aguirre,
512 3865 568 3948 qui
601 3864 635 3927 in
669 3863 870 3927 Collectione
895 3862 1117 3927 Consiliorum
1142 3865 1325 3950 Hispaniae
1354 3857 1420 3924 T.l

318 3960 427 4045 plures
451 3961 593 4024 instituit
617 3962 874 4024 Dissertationes
906 3961 946 4025 de
972 3960 1171 4026 Collectione
1195 3963 1323 4027 isidori.
1364 3956 1418 4022 Ad-

319 4061 418 4122 mittit
442 4069 567 4138 tamen,
593 4059 783 4122 Decretales
808 4059 879 4124 illas
904 4082 973 4122 csse
998 4059 1252 4146 interpolatas.¹)
1276 4099 1316 4108 -
1340 4057 1418 4120 l'oru·

396 4255 413 4322 ¹)
433 4253 466 4308 V.
486 4254 613 4308 Wouters
633 4253 775 4306 Dissertat.
795 4252 825 4307 Τ.
844 4253 894 4306 ΙΠ.
914 4253 1026 4307 Dissert.
1046 4253 1158 4308 XXVIL
1177 4269 1204 4309 u.
1222 4255 1254 4308 V.
