2922 4832
328 491 379 546 196
552 489 610 542 xx.
630 489 670 542 De
687 493 764 542 stotn
782 487 853 543 Ecol.
872 487 959 542 medio
977 503 1046 542 saec.
1066 487 1214 542 tridecimo.

325 633 493 721 capellano
523 635 634 696 saintet
661 632 793 696 Unoano
817 653 886 694 oum
909 631 1004 695 laede
1029 632 1275 709 advenientium,
1306 635 1355 695 dri
1372 657 1412 694 non

328 739 515 816 spontanea,
540 730 756 816 episcopatem
778 727 876 792 dedit.
884 729 907 810 ¹)

416 828 471 892 44.
519 825 603 892 Cum
628 827 752 891 Romae
777 849 802 890 s.
827 826 994 890 Henricus
1024 827 1238 912 imperatorio
1261 847 1365 893 corono
1382 853 1413 892 or-

327 934 428 990 natus·
466 926 595 1006 fuisset,
640 917 773 990 fratrem
814 945 910 988 snum
944 922 1130 989 Amoldum
1162 925 1412 991 Ravennatem

327 1026 454 1088 ‹aresvit
485 1023 790 1110 archiepiscopum,
824 1023 933 1108 priore
956 1021 1223 1108 archiepiscopo,
1257 1025 1413 1109 quintinus

328 1123 444 1186 merito
479 1122 747 1186 exauctorondus
780 1121 911 1199 fuisset,
948 1119 1123 1184 Aricinum
1159 1121 1194 1186 in
1225 1123 1412 1206 episcopatum

327 1219 495 1285 translato.
542 1218 662 1284 'Redux
692 1221 725 1283 in
758 1217 938 1283 Germania
969 1218 1012 1283 sd
1042 1218 1275 1284 Trevircnsem
1310 1232 1338 1282 ct
1362 1219 1416 1282 llic

329 1339 465 1382 nensem
495 1318 651 1382 ecclesias
675 1325 832 1381 vocantes
855 1317 1057 1396 nominavit,
1085 1338 1128 1380 ne
1152 1316 1293 1382 verbum
1314 1317 1413 1402 quiden

328 1416 432 1481 ullum
448 1416 488 1480 de
506 1414 723 1480 electionibus
738 1415 882 1479 faciente
895 1413 1097 1480 Thietmero.
1136 1415 1327 1488 Nominavit
1346 1427 1370 1478 et
1387 1413 1416 1476 nl

328 1513 484 1578 ecclesias
507 1513 723 1594 Verdcnsem,
749 1510 1035 1576 Constantiensem
1059 1524 1092 1576 et
1112 1514 1319 1599 Pregensem.
1333 1513 1415 1575 -ln

330 1615 420 1676 visns
448 1622 497 1675 est
530 1613 563 1675 in
588 1609 768 1674 Germanic
792 1610 957 1674 Henricus
985 1633 1005 1672 n
1038 1609 1213 1697 Rodulpho
1238 1610 1416 1696 Burgundios

328 1732 415 1795 rege,
441 1710 535 1795 cujus
552 1709 759 1772 effeminatos
784 1729 890 1772 mores
906 1717 939 1771 et
956 1709 1059 1771 vitem
1082 1706 1220 1772 mollitie
1244 1709 1414 1773 diffluentem

328 1809 503 1893 descripsit
519 1807 739 1874 'lliietmsrus.
766 1806 865 1870 Illum
889 1807 936 1870 ait
959 1805 1026 1869 solo
1050 1809 1185 1871 nomine
1208 1829 1318 1892 rogem
1343 1807 1419 1870 fnisse

328 1919 361 1969 et
375 1907 585 1991 episcopatus
597 1907 646 1968 eis
657 1904 797 1986 dedisse,
822 1905 878 1989 qui
894 1925 914 1967 a
930 1903 1139 1988 principibus
1160 1905 1280 1969 aulicis
1294 1903 1414 1988 eligerer

329 2017 390 2069 tur.
440 2005 563 2068 Nomen
595 2014 717 2067 tontum
749 2013 778 2065 et
809 2024 956 2066 coronam
988 2001 1094 2078 lohet,
1127 2013 1157 2064 st
1180 2004 1368 2089 episcopatio
1385 2001 1420 2062 lis

328 2104 386 2166 ‹lnt
417 2103 472 2188 qui
501 2125 522 2164 a
544 2099 742 2187 principibus
765 2101 812 2162 leis
836 2099 1035 2184 clipnotrtr.²)
1084 2099 1187 2164 Vides
1210 2101 1318 2184 igitur,
1343 2100 1416 2162 etism

330 2203 361 2264 in
387 2199 460 2264 aliis
484 2201 593 2283 regnis
617 2199 741 2282 pariter
759 2198 830 2282 jorn
855 2195 1044 2268 involuisse.
1070 2209 1106 2260 ut
1129 2200 1297 2284 principes
1318 2219 1367 2282 pro
1386 2219 1417 2256 nr·

328 2299 426 2362 bitrio
451 2297 492 2361 de
514 2295 761 2383 episcopatibus
778 2295 1001 2381 disponerent.
1033 2295 1067 2358 S.
1086 2295 1252 2361 llenricus
1276 2319 1347 2360 sone
1363 2315 1416 2356 rnin

327 2395 504 2480 prudentie
543 2417 664 2479 magne
703 2395 738 2457 in
769 2395 935 2457 creatione
975 2395 1206 2480 episcoporum
1239 2392 1439 2481 procedebat*

328 2495 453 2579 optimo
476 2493 596 2576 egebat
619 2492 694 2574 fide,
719 2515 759 2555 ac
783 2493 949 2556 censuisse
972 2492 1115 2571 videtur,
1141 2491 1260 2557 melius
1283 2488 1419 2578 provideri
1438 2493 1439 2548 ἶ

328 2591 475 2656 ecclesiis
499 2611 600 2677 quum
627 2593 697 2675 ipse
720 2591 809 2654 viros
835 2588 1046 2674 dignissimos
1068 2591 1241 2674 episcopos
1255 2590 1414 2654 nominaret

328 2711 428 2774 quam
453 2691 478 2752 si
504 2688 658 2774 capitulis
682 2686 883 2774 relinqueret
907 2687 1113 2766 electionem,
1137 2709 1237 2773 saepe
1261 2677 1439 2771 litigiosam*

328 2786 415 2851 lllud
439 2797 548 2851 tamen
575 2795 678 2872 petet,¹
700 2785 763 2850 bec
785 2787 912 2850 ratione
937 2785 1095 2871 pnnlntim
1112 2785 1298 2850 Ecclesiam
1319 2783 1357 2848 sd
1378 2803 1439 2860 scr,

328 2885 429 2950 vilem
453 2887 623 2970 potestatis
646 2883 752 2948 laicae
776 2883 1014 2968 subjectionem
1039 2883 1208 2948 redactam
1232 2883 1340 2946 fuisse.
1438 2879 1439 2928 l

416 2984 471 3047 45.
518 2982 587 3046 Sub
623 2979 867 3046 successoribus
896 3003 919 3046 S.
945 2981 1099 3063 Henrici,
1135 2979 1288 3046 Conrado
1312 2980 1336 3046 l,
1358 2975 1421 3040 llrn·

328 3083 395 3145 rico
413 3081 464 3144 111
488 3091 521 3144 et
534 3081 680 3144 Henrioo
692 3079 738 3144 IV
765 3081 825 3142 iste
848 3101 956 3143 rerum
974 3088 1078 3142 status
1092 3079 1311 3153 continuavit,
1334 3089 1439 3162 quon-³

328 3201 392 3266 que
416 3178 505 3243 houd
530 3178 612 3243 odeo
637 3179 683 3262 pii
709 3187 819 3241 essent
842 3176 889 3240 illi
913 3178 1090 3262 principes,
1116 3198 1203 3252 mox,
1232 3178 1282 3240 uti
1300 3177 1365 3260 jorn
1384 3168 1439 3248 sil-3

328 3278 496 3358 vertimus,
529 3277 675 3340 maximo
699 3275 823 3340 damna
853 3297 894 3338 ex
918 3274 974 3338 illo
997 3277 1155 3340 servitute
1180 3273 1348 3338 Ecclesiae
1374 3283 1439 3358 por}

327 3384 501 3439 venerunt.
549 3373 602 3438 Ad
626 3383 776 3458 temporo
800 3373 937 3437 Heni-ici
963 3373 1011 3437 lV
1035 3374 1202 3458 pertinent
1226 3395 1312 3458 quse
1335 3367 1439 3436 scribit}

327 3476 454 3538 Auctor
468 3473 566 3537 Vitae
594 3496 618 3535 s.
634 3471 785 3536 Ebbonis
802 3473 948 3556 episcopi
974 3471 1238 3556 bambergensis,
1263 3471 1321 3556 qni
1334 3476 1424 3532 auctor

327 3574 362 3636 in
385 3569 461 3635 culs
484 3572 588 3655 ipsius
610 3569 824 3654 Imperatoris
852 3569 998 3635 vivebat.
1045 3571 1115 3634 Hoc
1147 3581 1285 3655 tempore
1307 3563 1423 3631 Eoelrrio

326 3669 459 3732 libe-ram
493 3665 671 3731 electionem
703 3690 767 3732 oon
795 3666 930 3732 babebat
938 3690 949 3746 ,·
987 3668 1043 3732 sed
1073 3691 1140 3732 coos
1162 3664 1296 3752 quilibet
1318 3665 1439 3726 norme

326 3769 411 3832 riom
433 3767 598 3830 universae
631 3766 737 3828 cornis
760 3765 920 3848 inpressos
945 3764 1083 3850 fnisset,
1117 3787 1191 3828 moae
1214 3763 1372 3850 capitorei
1395 3757 1422 3816 o'·

326 3866 435 3929 oitotis
469 3863 558 3928 illics
591 3863 743 3926 oooolom
774 3873 803 3926 ct
834 3865 954 3950 oirpom
985 3863 1185 3949 pastoralem
1214 3861 1262 3926 ad
1290 3859 1423 3948 palatio

400 4093 420 4164 ²)
438 4092 556 4148 Thietnr.
576 4091 606 4148 L.
626 4091 674 4145 VI.
694 4108 716 4147 o.
736 4093 778 4145 53.
797 4095 840 4146 bl.

302 4218 307 4228 ·
398 4179 555 4252 ²)Tbietm.
575 4180 605 4236 L.
626 4181 688 4238 VII.
708 4197 730 4237 c.
749 4183 791 4236 ill.
816 4211 850 4221 —
876 4181 945 4236 Vide
966 4181 1089 4250 exemplo
1106 4181 1190 4234 ellsts
1215 4196 1261 4248 sp.
1281 4173 1419 4236 Thonssin

326 4261 421 4330 Disipl.
442 4261 512 4317 Eccl.
533 4261 563 4316 P.
582 4261 617 4314 11.
638 4260 668 4315 L.
687 4259 722 4316 11.
742 4277 763 4316 c.
782 4261 824 4315 38
