2952 4832
381 476 420 532 ne
440 475 605 529 Pontificatu
624 475 649 528 S.
667 473 793 541 Gregorii
807 473 868 526 l'll.
1148 476 1199 528 397

65 619 182 704 potuit
219 641 352 684 causam
384 619 521 684 Henrici
554 618 603 682 lv
636 619 739 682 tuitus
773 627 829 696 cst,
866 629 966 704 atque
999 617 1201 703 improbavit

65 716 167 780 illam
202 716 406 798 electionem,
442 739 480 780 eo
513 716 602 804 quod
636 718 706 800 ipso
741 715 955 780 dissuadente
989 739 1029 780 ac
1065 726 1199 782 strenua

64 815 272 880 necessitate
302 815 337 880 id
367 813 459 880 haud
489 817 653 900 exigente,
686 813 802 879 eadem
835 824 969 898 peracta
994 824 1073 895 erat,
1097 813 1199 900 quod·

61 935 135 998 qne
153 912 309 976 Pontifex
334 912 397 978 sibi
417 912 585 999 judicium
611 911 652 976 de
668 912 725 976 lite
743 913 829 976 inter
846 911 1030 976 Henricum
1055 923 1088 975 et
1111 913 1199 998 prin-

61 1013 165 1096 cipes
189 1009 346 1074 haerente
370 1020 608 1076 reservaverat.
655 1011 771 1095 ltaque
795 1010 950 1096 quamvis
974 1008 1198 1095 Rudolphum,

60 1110 115 1173 uti
153 1107 322 1172 Henricus
355 1108 552 1194 postulabat,
596 1110 887 1172 excommunicare
921 1118 1098 1188 recusaret,
1136 1130 1198 1171 nee

57 1215 186 1270 tamen
211 1227 285 1270 eum
310 1217 346 1270 ut
369 1227 479 1290 regem
503 1208 652 1292 agnovit.
699 1205 765 1270 Sed
790 1207 940 1270 strictum
960 1206 1111 1292 justitiae
1136 1215 1198 1269 tra-

60 1306 189 1368 mitem
224 1313 348 1384 tsnens,
381 1325 472 1389 spem
506 1303 650 1386 fovebat,
687 1306 855 1368 communi
890 1325 966 1368 cum
990 1302 1198 1390 principibus

56 1399 213 1466 coneilio
244 1400 334 1465 litem
368 1401 480 1466 dirimi
514 1425 697 1488 pacemque
731 1404 859 1466 restitui
893 1423 998 1487 posse,
1037 1409 1139 1488 utque
1163 1400 1197 1464 id

57 1501 166 1564 tieret
191 1518 306 1562 omncs
330 1521 411 1584 quos
434 1509 564 1585 poterat
588 1499 743 1564 adhibuit
768 1511 916 1566 conatus.

161 1649 218 1715 93.
264 1649 402 1714 Romam
441 1652 535 1714 initio
574 1653 695 1715 mensis
720 1651 924 1737 Septembris
960 1671 1113 1715 reversus
1137 1660 1195 1716 est.

55 1769 246 1834 quumque
261 1749 373 1832 Agnes
389 1747 526 1812 Henrici
552 1759 659 1812 mater
682 1749 735 1813 dic
754 1750 811 1813 17⁰
829 1750 1025 1816 Decembris
1049 1749 1196 1833 piissime

56 1845 226 1928 obiisset,
251 1845 404 1910 Pontifex
429 1867 501 1910 earn
527 1845 581 1909 die
605 1847 636 1910 ἶ).
661 1847 813 1911 Januarii
840 1873 869 1914 a.
897 1849 983 1914 tots
1008 1844 1198 1910 solemniter

53 1941 226 2010 condidit
247 1943 419 2029 sepulchro
445 1946 479 2008 in
504 1944 643 2008 ecclesia
668 1969 693 2011 s.
719 1944 929 2014 Petronillae.
965 1985 1007 1995 -
1044 1945 1083 2007 In
1108 1941 1369 2022 Qua-sysemera,

52 2041 260 2126 dragesima
284 2041 362 2105 dein
386 2043 553 2128 copiosam
579 2041 696 2106 habuit
722 2043 897 2128 synodum,
924 2049 958 2110 in
983 2065 1048 2130 qua
1073 2039 1197 2104 auditis

51 2137 241 2224 Rodulphi
266 2148 298 2204 et
311 2139 450 2206 Henrici
465 2139 592 2224 legatis,
617 2141 806 2227 principum
823 2165 957 2208 suorum
973 2140 1197 2207 obedientiam

51 2261 150 2323 erga
176 2237 216 2304 R.
240 2237 435 2302 Pontificem
466 2238 675 2322 testantibus,
710 2244 877 2328 convenit,
902 2252 939 2306 ut
961 2239 1059 2324 legati
1086 2236 1197 2300 idonei

51 2340 89 2402 in
133 2331 356 2400 Germaniam
393 2337 610 2410 mitterentur,
650 2340 705 2424 qui
737 2341 905 2426 principes
943 2350 975 2403 et
1006 2335 1125 2422 probos
1158 2356 1196 2397 ac

1237 2050 1256 2078 ι.
1268 2035 1338 2079 1078.

48 2435 242 2518 religiosos
276 2435 366 2498 viros
400 2437 570 2521 utriusque
604 2438 706 2521 partis
739 2437 912 2520 audirent,
949 2448 1048 2522 utque
1080 2435 1108 2496 ei
1143 2435 1196 2496 cui

49 2539 275 2617 competeret
307 2531 363 2617 jus
399 2535 500 2599 lieret.
558 2533 597 2599 In
634 2534 752 2599 cadem
789 2536 915 2622 synodo
951 2531 1128 2600 anathema
1162 2531 1196 2594 in

50 2626 326 2696 ‘l'lreodoaldum
342 2631 626 2696 Mediolanensem
644 2644 676 2696 et
691 2631 890 2698 Guibertum
907 2625 1196 2698 llavennatensem

48 2727 342 2814 archiepiscopos
368 2731 563 2793 innovatum
589 2740 647 2811 est,
673 2742 704 2794 et
728 2741 867 2818 uterque
891 2731 934 2796 ab
959 2731 1048 2796 ouini
1074 2729 1197 2813 cpisco-

49 2826 135 2913 pali
164 2835 200 2888 et
223 2826 417 2891 sacerdotali
444 2827 554 2892 officio
579 2851 769 2914 suspensus,
795 2829 1073 2894 Cardinalisrcro
1100 2825 1197 2908 Hugo

49 2921 256 3003 Candidus,
276 2926 346 3010 jain
368 2937 418 2989 ter
434 2927 620 3007 damnatus,
646 2925 755 2991 officio
771 2927 965 2992 sacerdotali
991 2937 1022 2989 ct
1039 2923 1198 2988 ecclesiae

48 3023 164 3088 aditu
207 3021 393 3106 prohibitus
427 3023 500 3089 luit.
543 3063 582 3070 -
624 3026 761 3088 Interim
799 3027 830 3088 in
863 3024 1043 3090 Germania
1080 3021 1199 3085 saeviit

48 3135 170 3186 atrox
194 3117 318 3185 bellum
344 3121 443 3186 civile
467 3123 555 3186 inter
577 3121 790 3208 Rudolphum
816 3135 848 3186 ct
863 3124 1047 3188 Henricnm
1073 3141 1198 3184 eomm-

47 3241 133 3306 que
161 3239 329 3304 sequaces.
376 3221 494 3304 Legati
518 3219 690 3286 Pontificis
714 3220 849 3307 quidem
868 3220 1026 3300 Coloniae
1049 3217 1092 3282 ab
1110 3216 1198 3280 Heu-

48 3321 139 3384 rico
166 3314 349 3382 honorifice
373 3319 497 3403 recepti
522 3330 609 3402 sunt,
635 3318 787 3383 sedtum
813 3321 882 3405 ipse
907 3330 977 3382 tum
1004 3314 1198 3401 liudolphus

48 3414 218 3482 comitiis
253 3414 296 3479 ad
329 3437 448 3502 pacem
484 3416 723 3482 restituendam
763 3416 926 3482 habendis
960 3414 1196 3502 impedimenta

50 3523 265 3604 posuerunt.
311 3513 478 3578 Henricus
502 3524 611 3578 antem
640 3511 855 3579 'continuavit
887 3536 1040 3578 exercere
1065 3512 1198 3576 investi·

49 3629 193 3694 turam,
218 3622 250 3674 et
273 3613 456 3677 canonibus
480 3612 639 3696 neglectis
663 3623 821 3678 vacantes
846 3613 940 3678 sedes
964 3613 1196 3676 Trevirsnsem

47 3725 94 3781 et
124 3707 420 3796 Strasburgensem
444 3711 565 3797 quibus
590 3711 705 3794 voluit,
729 3711 831 3776 dedit.
944 3751 948 3758 -

162 3853 218 3918 94.
265 3851 551 3942 subsequentibus
584 3857 681 3920 annis
706 3853 889 3940 Gregorius
912 3853 1023 3917 adhuc
1048 3851 1198 3940 pluribus

51 3959 100 4020 in
127 3949 281 4037 synodis,
314 3954 482 4038 variisque
505 3951 622 4035 legatis
654 3954 772 4033 missis,
806 3973 856 4016 res
881 3951 1083 4014 Germaniae
1112 3971 1198 4014 ccm-

49 4070 197 4142 pcnere
229 4049 366 4134 studuit,
402 4049 460 4114 sed
493 4050 624 4132 frustra,
661 4050 840 4115 obsistente
866 4049 1021 4129 Hearico,
1057 4049 1114 4133 qui
1139 4070 1199 4133 per

49 4171 164 4216 arma
189 4148 281 4212 litem
307 4148 461 4212 dirimere
486 4147 704 4235 praeferebat.
736 4147 848 4228 Quum
866 4169 943 4210 vero
968 4146 1009 4210 de
1033 4146 1104 4231 ejus
1120 4147 1197 4209 faci-

50 4245 211 4316 noribus
225 4248 396 4330 graviores
420 4249 454 4310 in
472 4245 542 4310 dies
558 4245 697 4310 Romam
716 4245 939 4332 perferrentur
958 4245 1197 4324 accusationes,
