2952 4832
284 471 336 522 278
535 471 608 526 XXI.
629 471 669 524 De
687 471 711 524 S.
732 473 864 536 Gregorio
885 471 939 526 VII
956 471 1033 525 Rern.
1055 471 1195 524 Pontifiee

286 613 448 676 beneficia
481 615 745 696 conferebantur,
776 619 877 680 etiarn
909 617 1151 681 incontinentia
1182 615 1262 679 cleri
1294 613 1395 678 eaden

287 711 500 776 vehementer
531 714 799 796 promovebatur.
846 714 1016 778 Intellexit
1048 711 1230 797 Gregorius
1259 711 1334 790 Vll,
1362 712 1394 775 ad
1462 760 1467 773 .

285 809 487 874 eradicanda
520 810 606 874 mala
638 811 819 877 abolendas
852 835 923 876 esse
948 813 1171 877 investiturae.
1220 811 1308 876 Sane
1331 833 1400 896 prat—

285 907 389 970 oculis¹
413 905 559 971 habebat
582 929 653 972 eam
671 911 900 974 investituram
925 913 960 972 in
975 919 1139 992 concreto,
1164 931 1251 994 qnae
1267 909 1309 972 de
1323 909 1398 972 lacto
1463 934 1468 959 ι

286 1005 341 1068 illa
365 1017 471 1069 aetate
502 1005 742 1088 adhibebatur3
774 1007 961 1072 nullatenus
992 1017 1103 1072 antem
1135 1007 1340 1084 intendebat
1372 1023 1398 1068 ut

188 1136 190 1140 ·
286 1105 538 1166 convenientem
563 1105 792 1190 episcoporum
818 1107 852 1169 in
868 1108 1035 1191 principes
1060 1105 1263 1178 fidelitatem,
1289 1104 1342 1168 vel
1363 1105 1398 1168 ol·

286 1202 363 1264 licia
396 1201 437 1264 ob
464 1201 637 1266 l'eudornm
670 1207 908 1288 possessionem
934 1203 998 1268 illis
1022 1206 1269 1278 convenientia,
1304 1203 1398 1287 probi·

175 1303 177 1306 ’
286 1299 412 1362 bitione
443 1302 658 1365 investiturae
683 1303 892 1368 convelleret.
940 1303 1098 1366 Poterant
1128 1323 1166 1364 ea
1190 1301 1347 1386 praestari
1373 1313 1401 1362 et

288 1399 476 1461 conservari
502 1401 572 1461 sine
597 1401 812 1464 investiturae
828 1399 1049 1476 solemnitate3
1076 1400 1175 1484 idque
1196 1401 1297 1462 etiam
1323 1399 1401 1483 pn'u·
1466 1462 1472 1481 ¹

288 1497 378 1580 cipes
408 1499 624 1581 perspexisse,
662 1498 714 1560 vel
745 1519 788 1562 ex
813 1520 850 1561 eo
875 1497 1021 1582 colligas,
1057 1497 1145 1582 quod
1175 1521 1199 1560 s.
1226 1496 1403 1560 Halinardo

289 1596 451 1657 concessit
489 1597 716 1680 episcopatum
751 1596 1010 1680 Lugdunensem
1049 1598 1118 1680 ipse
1153 1595 1319 1658 Henricus
1347 1594 1401 1659 111.

286 1693 519 1756 tenacissimus
537 1694 665 1777 jurium
690 1715 834 1769 suorum,
870 1696 1023 1778 quamvis
1047 1693 1252 1757 Halinardus
1277 1715 1337 1756 uec
1360 1695 1401 1754 iu-

289 1791 480 1853 vestituram
506 1793 667 1876 uecipere,
693 1815 753 1855 uec
776 1790 962 1856 hominium
988 1803 1153 1876 praestare
1178 1790 1287 1855 vellet.

377 1888 429 1951 69.
456 1887 631 1953 Caeterum
657 1890 825 1954 nitebatur
848 1891 1028 1974 Gregorius
1042 1889 1107 1952 Vll
1133 1889 1194 1953 huc
1220 1891 1254 1954 in
1280 1887 1402 1952 reCon·

288 1985 439 2048 ciliornm
459 1985 535 2049 VIIi
553 1999 585 2050 et
600 1989 696 2052 Vllli
721 1989 861 2051 decretis
876 1987 1088 2052 solemnibus.
1122 1985 1283 2066 „Secutus
1296 1997 1400 2050 autem

288 2095 337 2145 ost
367 2085 400 2147 iu
426 2083 498 2165 boc,
524 2087 641 2150 scribit
657 2087 756 2169 Hugo
782 2086 1056 2166 Flaviniaceusis,
1084 2085 1218 2148 Petrum
1244 2083 1400 2168 exempla.

287 2181 365 2244 licet
392 2182 460 2261 jam
494 2205 552 2267 per
581 2185 684 2246 multu
716 2206 878 2248 annorum
913 2182 1078 2247 curricula
1102 2181 1303 2246 damnabilis
1326 2183 1403 2244 baec

288 2281 491 2343 cousuetudo
516 2282 708 2346 inolevisset
730 2293 761 2344 et
787 2283 820 2345 in
845 2304 940 2345 usum
966 2303 1126 2345 conversa
1150 2291 1245 2344 esset.
1279 2280 1406 2342 Dicitur

288 2379 377 2440 enim
415 2379 448 2440 in
481 2381 621 2463 septima
656 2379 837 2444 universali
876 2379 1003 2465 syuodo
1037 2403 1057 2442 a
1090 2379 1120 2440 V
1149 2377 1346 2463 patriarchis
1377 2388 1407 2438 et

289 2472 405 2538 Cs‘CL
431 2477 580 2559 patribus
605 2479 666 2542 sub
693 2479 863 2544 Hadriano
886 2479 980 2563 Papa
1004 2475 1118 2540 habita
1141 2499 1214 2560 cap.
1239 2475 1308 2539 llI:
1342 2477 1407 2535 (bri-

287 2575 339 2634 uis
354 2573 461 2636 electio
479 2576 628 2660 episcopi,
648 2579 830 2663 presbyteri
845 2578 893 2642 uel
910 2577 1040 2640 diacon-i
1064 2599 1085 2636 o
1096 2573 1298 2660 principibus
1312 2573 1408 2656 fectu

288 2673 384 2733 irrito
407 2685 544 2751 moueat,
578 2675 745 2740 secuudum
767 2675 908 2760 reptilem
931 2697 1011 2758 quoe
1035 2673 1130 2735 dicit:
1167 2671 1203 2734 Si
1231 2673 1301 2756 quis
1330 2672 1409 2756 epis-

289 2792 385 2853 copus
408 2771 625 2836 saecularibus
652 2773 865 2859 potestatibus
888 2794 963 2836 usus
988 2771 1149 2832 ‹ecclesiom
1167 2793 1231 2855 per·
1254 2772 1339 2855 ipsos
1362 2768 1411 2830 ob-

290 2868 430 2943 tinuerit,
456 2868 634 2952 deponatur
657 2883 686 2933 et
709 2882 894 2956 seprcpetur,
918 2891 1081 2954 orestesque
1105 2869 1159 2951 qui
1172 2865 1226 2930 illi
1248 2868 1411 2948 commuui-

289 2976 370 3027 cont.
401 3003 438 3012 -
466 2967 548 3030 ltem
574 2971 607 3030 in
633 2969 716 3033 VIII
747 2968 928 3032 universali
954 2966 1089 3051 synodo
1115 2965 1231 3028 habita
1254 2987 1275 3028 a
1298 2965 1326 3026 l'
1353 2965 1411 3028 Pa-

291 3062 443 3126 triarcbis
474 3066 534 3128 sub
567 3067 703 3130 Nicolao
738 3067 753 3129 I
789 3067 964 3130 Pontifice:
1000 3063 1216 3127 lboeiotiones
1241 3062 1288 3125 cel
1309 3083 1411 3126 coam·

290 3161 449 3225 crationes
483 3166 699 3250 ‘priscoporum
735 3166 930 3228 concordares
962 3161 1125 3249 prioribus
1152 3157 1304 3225 Consiliis
1339 3161 1413 3222 tae

291 3270 403 3322 sii-ricta
419 3271 448 3323 et
464 3263 653 3327 uuioersalis
666 3263 813 3346 &suedos
837 3263 984 3325 electione
1009 3271 1038 3323 ct
1061 3259 1183 3322 decreto
1198 3261 1409 3344 epbcoporuu

282 3357 361 3438 ,fieri
383 3361 545 3424 coristituit
569 3372 598 3424 ct
621 3364 744 3442 statuit,
778 3373 871 3446 utque
893 3357 1118 3447 promulpuos't,
1142 3357 1296 3418 usuriucm
1317 3356 1411 3418 luico-

291 3479 360 3518 rum
384 3459 571 3544 principum
601 3473 630 3524 et
663 3472 856 3546 potestatum.
895 3469 988 3522 semet
1029 3455 1149 3540 inferre
1185 3454 1329 3518 elect-iovi
1366 3454 1415 3516 ccl

286 3557 484 3638 provectioni
504 3560 719 3642 patriarchae,
743 3557 792 3622 oel
814 3556 1043 3643 metropolitae.
1068 3563 1123 3616 aiu
1147 3551 1311 3641 cujuslibet
1333 3555 1412 3637 epis-

292 3655 374 3735 copi,
407 3679 443 3720 ue
467 3657 656 3720 inordinata.
678 3659 749 3720 binc
773 3667 802 3720 et
825 3658 1000 3739 iucoupvuo
1025 3653 1085 3734 fiat
1108 3649 1252 3734 confusio
1276 3649 1323 3712 rel
1343 3671 1413 3713 coer-

294 3759 410 3836 tentio,·
438 3757 628 3841 praesertim
658 3779 725 3818 cum
757 3753 878 3819 sullam
909 3755 943 3816 in
968 3749 1085 3815 talibus
1102 3757 1294 3833 potestatem
1314 3769 1414 3833 quevo

293 3857 369 3919 «lctm
396 3856 659 3940 potestativorum
689 3854 844 3916 laicorum
878 3851 990 3914 babere
1019 3847 1201 3922 conueniat,
1232 3845 1288 3908 scd
1306 3848 1416 3930 potius

293 3954 388 4018 silere
413 3964 443 4016 et
466 3952 628 4016 attendere
652 3951 723 4027 sibi,
748 3973 905 4035 usquequo
928 3947 1118 4033 regulariter
1142 3945 1293 4028 suscipiat
1315 3944 1412 4025 flava

295 4053 402 4116 electio
428 4051 540 4136 futuri
563 4050 735 4132 Pontificis.
784 4051 820 4112 Si
850 4051 919 4133 puis
951 4069 1023 4110 uero
1053 4043 1207 4107 laicorum
1230 4040 1273 4104 ud
1294 4064 1413 4104 coacer-

295 4150 427 4213 tuudum
458 4159 487 4211 et
518 4148 750 4235 cooperantium
781 4150 935 4210 inuitatur
969 4144 1007 4207 ab
1039 4139 1179 4215 sulces,
1214 4143 1283 4208 licet
1311 4145 1412 4232 liujus-

296 4249 382 4312 modi
414 4272 481 4312 curu
514 4249 690 4312 reocrcutiu
729 4247 942 4332 obtemperare
983 4244 1213 4308 asciscentibus.
1268 4240 1415 4324 erispuis
