2932 4836
283 461 336 517 328
603 457 689 514 XVH.
727 457 767 512 De
785 457 929 514 schismate
947 457 1090 514 Photiano.

284 605 383 670 batur
407 613 440 668 et
463 603 642 688 oppositio,
675 600 773 666 facile
801 601 845 666 ab
868 600 1060 668 homiuibus
1089 605 1284 689 praesertim
1306 627 1396 690 angu-

285 703 394 766 stioris
423 700 542 764 mentis
570 707 603 764 et
630 697 755 780 cordis,
792 721 831 763 ea
861 721 946 784 quae
974 697 1095 764 ritibus
1123 700 1312 767 domesticis
1338 725 1394 767 non

286 797 546 878 conveniebant,
571 806 608 860 ut
631 797 787 881 profana,
812 796 928 860 illicita
951 805 984 860 et
1007 819 1107 862 exosa
1131 797 1350 885 carpebantur
1368 811 1395 863 et

284 895 555 983 repudiabuntur.

378 994 428 1059 12.
453 993 499 1056 At
521 995 556 1056 ia
578 992 671 1056 rebar
694 991 859 1079 reliqioais
878 991 1038 1080 paulatim
1060 992 1163 1058 mrdto
1184 996 1285 1060 ctiam
1303 995 1398 1080 major

286 1091 473 1158 invaluerat
495 1090 674 1154 diversitos.
723 1090 874 1171 Etenim,
905 1091 1053 1176 exceptis
1083 1090 1308 1156 fundamentis
1329 1093 1394 1176 dog·

285 1201 412 1255 matum
445 1199 478 1253 et
501 1189 744 1254 constitutionis
767 1187 954 1269 Ecclesiae,
990 1189 1025 1252 iu
1050 1187 1204 1254 omnibus
1230 1189 1297 1254 fere
1320 1193 1395 1276 capi·

285 1287 383 1367 tibus,
409 1289 443 1352 in
467 1285 664 1372 legislatione
688 1285 909 1363 ecclesiastica,
935 1287 969 1350 in
993 1286 1178 1372 disciplina,
1203 1289 1237 1351 in
1254 1287 1398 1374 theologia

285 1383 467 1465 tractanda,
492 1405 673 1469 permagna
697 1391 768 1448 orta
792 1392 841 1446 est
864 1382 1162 1452 differentiainter
1176 1383 1399 1450 Occidentales

285 1494 317 1549 et
340 1481 536 1550 Orientales.
582 1481 621 1545 In
656 1480 838 1548 Occidente
868 1481 1067 1546 Pontificum
1091 1481 1298 1565 Decretales,
1330 1504 1396 1546 cou-

287 1583 392 1646 versio
421 1581 570 1664 gentium
598 1580 863 1662 germanicarum
893 1581 1124 1663 septentrionis
1157 1602 1327 1667 moresque
1351 1603 1398 1644 ea-

284 1700 369 1762 rum,
393 1677 512 1761 synodi
535 1676 757 1763 provinciales
780 1675 990 1762 multiplices,
1016 1677 1212 1762 capitularia
1237 1676 1340 1743 Caroli
1354 1678 1398 1742 hl.

284 1775 490 1862 aliorumque
509 1775 709 1860 principum,
734 1773 956 1840 evolutionem
972 1785 1191 1860 opportunam
1211 1776 1297 1861 juris
1311 1797 1396 1840 cano-

285 1875 352 1939 nici
376 1873 612 1960 produxerant,
637 1873 862 1958 institutisque
885 1873 1031 1958 antiquis
1055 1895 1142 1937 nova
1165 1873 1281 1938 addita
1303 1885 1396 1936 erant.

285 1971 392 2036 Aliter
415 1970 513 2056 plane
538 1992 607 2034 sese
631 1969 777 2034 habebat
799 1969 961 2055 legislatio
978 1969 1134 2037 Orientis.
1182 1970 1266 2035 Inde
1287 1993 1308 2034 a
1322 1969 1394 2034 Con·

286 2069 362 2134 cilio
379 2066 640 2134 Chalcedonensi
664 2077 793 2134 tantum
817 2067 868 2133 bis
891 2090 951 2154 per
970 2068 1115 2152 synodos
1139 2067 1182 2154 (a.
1198 2069 1265 2132 692
1281 2078 1312 2132 et
1327 2067 1397 2152 78th

286 2167 370 2232 varii
396 2187 538 2230 canones
570 2164 800 2253 disciplinares
829 2165 953 2230 conditi
983 2166 1093 2247 fuere,
1124 2175 1291 2230 caeterum
1312 2166 1397 2250 legis-

285 2265 364 2330 latio
377 2261 589 2349 Imperatoris
602 2263 844 2332 ecclesiasticae
861 2263 1076 2348 legislationis
1093 2264 1228 2330 tenebat
1238 2263 1394 2330 locum.—

286 2360 476 2447 Disciplina
499 2361 724 2427 ecclesiastica
756 2362 865 2448 quoad
898 2360 1023 2428 clerum
1055 2360 1120 2426 alia
1151 2361 1250 2448 plane
1283 2375 1348 2428 erat
1368 2365 1396 2426 in

288 2458 471 2526 Occidente
495 2481 593 2544 quam
619 2460 654 2523 in
679 2458 831 2540 Oriente,
863 2461 1056 2545 praesertim
1080 2461 1189 2545 quoad
1212 2461 1395 2526 coelibatum

289 2558 355 2624 Sed
386 2558 486 2622 etiam
516 2557 750 2642 indisciplina
777 2559 996 2622 monoclerum
1026 2567 1058 2622 et
1088 2559 1123 2622 in
1152 2561 1320 2624 exercitiis
1341 2560 1398 2644 pie-

127 2669 203 2712 Thwl·
219 2669 270 2720 dos·
290 2657 365 2722 tatis
389 2655 541 2720 laicorum
572 2653 675 2718 multa
699 2653 914 2735 differebant3
948 2655 1032 2718 alius
1054 2665 1125 2720 erat
1142 2655 1320 2742 jejunandi
1341 2676 1397 2718 mo-

157 2731 241 2773 nn*
290 2754 367 2830 dus,
401 2752 467 2817 alia
494 2752 594 2832 festa,
627 2750 719 2816 aliud
743 2750 967 2816 calendarium
993 2751 1265 2818 ecclesiasticum.
1289 2791 1330 2802 -—
1351 2751 1396 2816 Ad

289 2851 474 2935 theologiam
507 2850 716 2936 dogmaticam
750 2849 839 2934 quod
873 2851 1011 2934 attinet,
1047 2852 1082 2914 in
1120 2849 1257 2916 Oriente
1292 2851 1396 2915 inertia

288 2948 447 3034 languida
470 2957 672 3012 successerat
694 2949 850 3012 anteriori
872 2949 1046 3013 activitati.
1084 2947 1281 3012 Latinorum
1296 2948 1397 3011 Patres

288 3066 468 3130 eorumque
501 3065 615 3130 opera,
653 3047 861 3130 quaestiones
894 3047 928 3109 in
953 3045 1134 3110 Occidente
1167 3047 1328 3130 agitatae,
1357 3045 1395 3106 uti

289 3142 364 3208 illae
398 3141 439 3206 de
471 3144 577 3226 gratia
611 3153 644 3206 et
675 3142 995 3228 praedestinatione,
1031 3142 1182 3208 haereses
1215 3153 1345 3208 exortae
1371 3153 1397 3202 et

289 3242 445 3326 rejectae,
474 3241 534 3304 vix
557 3241 593 3304 in
616 3239 751 3305 Oriente
783 3239 1075 3326 cognoscebantur.
1120 3242 1258 3306 Petrum
1281 3259 1398 3326 graeco-

289 3360 363 3402 rum
397 3359 496 3422 cpera
531 3337 664 3422 quidem
690 3337 876 3403 Orieutales
908 3337 1165 3423 persolvebant,
1202 3339 1260 3404 sed
1295 3337 1396 3403 iisdem

291 3435 489 3518 theologiam
514 3435 617 3498 veluti
641 3435 826 3500 absolutam
850 3458 889 3500 ac
913 3435 1011 3520 plane
1036 3436 1289 3503 determinatam
1312 3434 1396 3500 bahe-

291 3533 381 3598 bant.
428 3533 573 3598 Tantum
607 3535 849 3600 coutroversiae
880 3534 921 3598 de
944 3534 1151 3620 Imaginibus
1182 3533 1398 3598 vehementius

290 3631 434 3714 agitatae
457 3630 600 3712 fuerunt,
625 3641 724 3716 atque
746 3643 825 3696 tunc
840 3655 864 3697 s.
881 3631 902 3696 J
905 3652 1028 3697 oannes
1044 3634 1276 3696 Damascenus
1291 3631 1398 3716 optime

292 3727 333 3792 de
365 3726 464 3791 rebus
488 3726 680 3813 theologicis
713 3729 843 3794 meruit.
890 3729 1048 3794 Attamen
1080 3731 1179 3794 etiam
1211 3731 1281 3815 ipse
1303 3727 1396 3814 potius

291 3827 503 3911 antiquorum
549 3827 685 3890 Patrum
709 3826 918 3892 orientalium
951 3826 1135 3892 doctrinam
1166 3837 1243 3912 apte
1266 3823 1394 3910 digessit

291 3945 391 4009 quam
416 3933 454 3985 ut
476 3921 612 3988 ulterius
635 3923 833 4006 theologiam
858 3924 1034 3989 evolveret.
1073 3923 1152 3988 Post
1165 3925 1393 3990 Damascenum

293 4042 389 4102 vero,
421 4043 461 4084 ac
490 4033 564 4105 post
588 4023 761 4086 victoriam
795 4022 835 4086 de
858 4020 1073 4086 Iconoclastis
1096 4031 1293 4106 reportatam
1314 4020 1393 4084 festo·

293 4140 357 4204 que
374 4117 601 4182 Orthodoxiaa
626 4119 803 4204 quotannis
827 4117 1036 4202 celebratam,
1062 4118 1235 4185 conclusae
1256 4117 1393 4183 videban-

292 4225 346 4278 tur
379 4216 512 4279 omuino
555 4214 801 4302 disquisitiones
833 4214 1038 4301 theologicae
1075 4237 1253 4303 omnesque
1287 4231 1394 4280 errores
