3054 4834
414 493 556 548 rinnau
574 495 600 548 s.
621 493 748 562 omer
768 493 830 546 vn.
1154 492 1208 547 sss

97 636 305 701 dubietatem
329 639 558 702 anctoritatem
582 637 660 703 Sedi
686 636 897 722 Apostolicae
921 639 1112 701 convenire.
1141 637 1204 700 Im-

97 736 200 818 primis
227 745 386 820 provocat
414 736 458 800 ad
481 734 673 822 Scripturas
696 746 835 805 textum,
867 757 932 821 qno
956 733 1128 821 plenitudo
1152 756 1207 819 pc·

96 835 210 897 testatis
232 834 271 898 Β.
295 833 391 897 Petro
416 833 620 900 conceditur.
670 835 757 897 Nam
781 845 815 896 ut
837 834 875 896 de
901 832 1008 897 maltis
1024 857 1135 920 pauca
1159 833 1355 944 dinfflfl

94 951 198 1008 mnus,
221 934 291 1016 quis
313 934 434 1015 maeret
457 954 559 995 nocem
582 933 715 995 Domim
738 957 776 994 ac
800 930 981 995 Saloutaria
1003 933 1106 995 nostri
1127 931 1209 996 Jesu
1238 904 1376 1016 “¹2:¹⁸⁸

97 1025 203 1092 Chasa
224 1029 358 1092 dicentis
380 1032 416 1093 in
430 1029 619 1116 anriyelio:
646 1031 675 1092 T
672 1051 693 1092 a
716 1051 749 1093 ss
765 1031 875 1094 Petrus
898 1041 954 1095 etc.
981 1079 1039 1094 ...
1064 1040 1094 1092 et
1112 1029 1207 1114 quiad-

93 1149 207 1210 cumque
239 1127 389 1212 licaveris
418 1151 513 1214 super
544 1140 661 1192 terram
689 1130 750 1190 erit
773 1128 904 1212 liqatum
927 1138 957 1190 st
980 1130 1015 1191 in
1037 1126 1144 1205 coelis,
1179 1139 1209 1190 et

92 1225 292 1311 quodcumque
321 1223 453 1290 soloecis
483 1249 578 1312 super
608 1237 725 1289 terram
748 1227 809 1289 erit
832 1223 967 1290 salutum
990 1236 1020 1290 et
1043 1227 1078 1289 in
1101 1225 1207 1289 coelis.

93 1321 249 1408 tiemonis!
283 1335 355 1388 sunt
386 1325 435 1387 hic
468 1347 554 1408 reyes
584 1325 730 1410 accepti?
762 1335 819 1388 aut
842 1347 905 1387 non
929 1336 1003 1388 sunt
1026 1323 1065 1387 de
1088 1323 1208 1404 onibus,

90 1443 162 1502 ‘suas
180 1420 285 1485 Filius
300 1421 364 1484 Dei
387 1422 477 1485 beato
502 1423 595 1486 Petro
619 1422 797 1486 commisit?
820 1459 863 1470 -
887 1421 976 1486 Dein
999 1431 1208 1505 arguments-

90 1531 138 1579 tur
168 1519 262 1598 inde,
302 1519 390 1604 qnod
426 1520 597 1604 Scriptura
635 1521 815 1596 innitentes
846 1520 961 1583 Patres
997 1529 1030 1582 et
1066 1518 1210 1582 concilia

90 1635 213 1702 semper
228 1617 412 1682 Romanam
437 1617 611 1682 ecclesiam
631 1620 830 1702 agnoverint
853 1627 891 1681 nt
914 1629 1051 1681 matrem
1077 1619 1209 1680 nniver-

90 1712 193 1781 salem.
242 1715 285 1778 Et
318 1717 398 1779 aaut
425 1721 493 1805 ejice
524 1717 710 1779 decimenta
742 1718 776 1778 in
805 1717 1039 1800 confirmatione
1067 1715 1147 1798 fidei
1179 1726 1210 1776 st

89 1811 260 1878 eniditicrie
289 1837 398 1878 sanae
426 1815 602 1900 natisionis,
634 1816 684 1876 ita
714 1817 810 1877 etiam
835 1815 964 1903 judicia
994 1823 1209 1900 accceperant,

89 1910 119 1971 in
140 1911 194 1974 hoc
223 1913 448 1975 consentientes
479 1921 510 1976 st
539 1915 633 1998 quasi
660 1935 722 1976 ano
754 1914 872 1998 spiritu
902 1922 932 1976 et
954 1937 1020 1976 una
1041 1934 1113 1974 uoce
1136 1935 1207 1976 con·

86 2009 260 2090 tardantes,
292 2033 396 2073 omnes
427 2015 563 2098 majores
594 2035 644 2075 res
668 2021 697 2073 et
723 2013 901 2098 praecipua
932 2011 1057 2096 neyotia
1087 2033 1209 2073 necnon

87 2108 220 2170 omnium
252 2105 452 2171 ecclesiarum
479 2108 609 2196 judicia
640 2109 684 2172 ad
720 2131 789 2172 eam
820 2111 914 2194 quasi
944 2109 988 2172 ad
1017 2119 1148 2173 matrem
1179 2119 1212 2171 et

86 2216 176 2288 capnt
200 2205 310 2268 debere
334 2205 460 2288 resen-i,
496 2207 537 2269 ab
561 2231 598 2270 ea
622 2229 777 2292 nusquam
800 2205 972 2295 appellari,
989 2205 1118 2296 judicia
1141 2209 1211 2294 ejsis

86 2305 248 2366 anemine
272 2305 442 2368 retractari
465 2316 521 2368 aut
543 2303 652 2390 refelli
675 2305 786 2369 debere
812 2305 859 2368 aei
876 2326 982 2391 posse.
1007 2341 1043 2352 -
1067 2303 1119 2368 En
1140 2325 1208 2366 non

85 2408 212 2464 tantum
237 2403 415 2464 auctoritas
440 2404 630 2488 magisterii,
656 2403 713 2466 sed
738 2405 838 2467 etiam
862 2405 982 2466 summi
1002 2401 1138 2487 judicis.

171 2597 246 2663 132.
293 2597 370 2662 Jsm
395 2597 570 2662 confirmat
593 2597 750 2662 Pontifex
774 2597 861 2662 hanc
885 2595 1128 2683 plenitudinem
1153 2619 1207 2682 po·

82 2696 210 2758 testatis
245 2716 285 2758 ex
321 2694 419 2760 dietis
455 2707 487 2760 et
520 2697 621 2780 gestis
651 2695 851 2761 Pontificum
880 2693 1015 2775 Gelani,
1055 2693 1136 2760 Julii
1175 2703 1210 2758 et

81 2777 245 2876 Gregorii.
294 2793 412 2874 Quoad
436 2793 525 2857 hunc
550 2793 747 2859 Pontificem
772 2794 904 2858 scribit:
936 2793 1056 2857 Beatm
1089 2816 1208 2879 qaoque

86 2889 258 2976 (r'reyorius
279 2915 374 2980 papa
404 2915 490 2980 reyes
520 2916 541 2955 a
572 2917 631 2956 saa
663 2893 819 2978 dicacitate
853 2893 965 2957 cadere
995 2892 1117 2968 statuit,
1154 2891 1214 2976 qai

81 2987 274 3072 apostolicae
298 2991 384 3054 sedis
407 2991 532 3054 decreta
555 2987 675 3054 violare
694 2992 977 3078 praesumpserint,
1002 2987 1139 3052 scribens
1164 2987 1213 3054 ad

80 3087 246 3168 qscensdam
259 3085 442 3152 Senatarcm
465 3087 609 3152 abbatem
632 3089 680 3152 iis
703 3089 824 3152 serbis:
850 3087 972 3173 Siquis
997 3108 1066 3150 cero
1090 3109 1207 3170 reatin,
1265 3139 1267 3144 .

79 3184 277 3246 sacerdotnm
301 3195 393 3272 atque
416 3186 627 3250 saeculariam
644 3209 857 3274 personarum
880 3187 960 3250 hanc
975 3183 1214 3248 constitutionis

79 3293 208 3344 nostrae
236 3285 392 3368 payinam
422 3307 608 3369 aquescens,
646 3295 756 3348 contra
795 3308 863 3347 eam
896 3283 999 3346 uenire
1030 3282 1210 3358 tentaverit,

76 3381 249 3461 potestatis
271 3381 455 3466 honorisque
479 3383 530 3444 sui
553 3383 708 3467 dianitate
733 3393 851 3460 careat,
874 3403 1018 3467 reamque
1042 3403 1073 3443 se
1098 3379 1208 3441 diuino

70 3479 202 3566 judicic
234 3481 366 3544 assistere
397 3479 435 3543 de
464 3491 653 3566 perpetrata
684 3481 850 3567 iniquitate
874 3488 1058 3564 cogrnoscat,¹
1090 3487 1120 3540 et
1142 3476 1216 3540 nisi

78 3598 116 3639 ea
140 3599 224 3661 quae
247 3575 286 3639 ab
311 3575 367 3640 illo
392 3589 463 3642 sunt
486 3577 567 3642 male
592 3577 712 3658 ablata,
737 3579 919 3656 restituerit,
943 3575 993 3640 oei
1015 3575 1115 3661 diana
1132 3595 1208 3660 pos·

79 3675 219 3738 nitentia
248 3673 359 3738 illicite
395 3686 467 3738 acta
497 3675 665 3762 defleverit,
704 3701 724 3742 a
756 3676 972 3740 sacratissimo
1006 3696 1134 3760 corpore
1169 3695 1209 3735 ac

77 3774 235 3858 sanquine
263 3774 396 3838 Domini
425 3775 645 3860 Redemptoris
687 3777 788 3838 nostri
819 3773 900 3838 Jesu
927 3770 1045 3839 Christi
1083 3771 1215 3835 alienus

76 3869 136 3945 fiat
162 3881 254 3955 atque
279 3872 312 3934 in
329 3883 456 3936 aeterno
481 3874 625 3936 scamina
649 3873 814 3936 districtae
837 3871 955 3936 ultioni
977 3869 1146 3959 subjaceat.
1163 3905 1206 3916 -

81 3966 209 4041 Quodsi
245 3967 354 4032 beatas
381 3970 562 4056 Greymias,
601 3969 710 4034 doctor
750 3972 855 4056 atique
890 3968 1082 4043 mitissimus,
1120 3990 1215 4052 reyes·

76 4069 135 4152 qai
159 4077 282 4131 statrsta
303 4091 363 4132 sua
386 4091 481 4154 super
503 4091 598 4131 unum
621 4068 848 4131 xenodochium
871 4067 997 4143 uiolari,
1028 4089 1092 4129 non
1115 4064 1214 4127 modo-

78 4165 211 4251 dsponi,
247 4165 302 4230 sed
325 4168 421 4230 suam
444 4166 710 4230 &communicari
733 4177 825 4252 atquc
849 4168 883 4230 in
908 4175 1035 4230 astense
1059 4164 1209 4228 examine

76 4263 236 4328 damnari
249 4263 394 4342 deerant,
411 4266 490 4350 qais,
514 4285 572 4328 nos
589 4264 762 4328 Heariaim
773 4285 838 4328 nan
849 4263 949 4327 solum
961 4263 1215 4348 apostolicorum.
