2952 4832
313 483 369 536 250
548 483 622 536 XXI.
641 483 682 538 De
700 483 726 538 S.
746 482 894 551 Gregorius
913 481 968 534 VII
985 481 1062 536 Rom.
1081 479 1221 536 Pontinos.

315 636 413 706 creto,
439 625 589 711 pluribus
612 624 752 712 probare
776 625 895 704 studet,
920 646 985 688 non
1001 627 1147 709 potuisse
1168 623 1325 690 eumdem
1336 625 1409 688 Nico·

313 723 403 788 laum
428 724 590 809 ejusmodi
613 725 741 788 sancire
765 723 944 803 decretum,
979 745 1037 808 per
1060 722 1150 808 quod
1172 722 1368 788 relaberetur
1385 724 1408 786 in
1469 757 1470 762 κ

314 842 432 884 manus
455 823 642 906 principum
655 824 711 908 jus
728 843 827 907 super
849 819 1043 885 electionem
1061 823 1133 886 sive
1149 821 1409 886 confirmationem

313 917 536 984 Romanorum
549 920 759 1002 Pontificum,
784 941 859 983 cum
879 929 946 982 tam
971 920 1006 983 in
1023 918 1185 1000 orientali,
1208 920 1361 1005 quomin
1373 939 1409 980 oc·

314 1016 470 1080 cidentali
495 1016 655 1099 Ecclesia,
680 1019 783 1082 sacris
799 1015 1022 1081 Conciliorum
1047 1016 1189 1081 decretis
1213 1016 1249 1082 id
1272 1037 1339 1082 non
1358 1036 1411 1080 oste

313 1135 506 1180 concessum
537 1114 865 1204 laicisprincipibus
888 1117 949 1178 nec
973 1115 1008 1178 in
1032 1113 1216 1180 minoribus
1239 1113 1410 1200 episcopati-

312 1210 389 1296 bus,
418 1213 496 1297 jura
530 1235 615 1298 quae
646 1215 726 1277 citu-t
756 1211 873 1296 (Cone.
897 1235 966 1276 oec.
991 1211 1084 1276 VIII.
1116 1233 1189 1276 ean.
1215 1213 1269 1277 12.
1294 1211 1348 1297 22)
1371 1209 1410 1274 ad·

313 1309 511 1394 moneant¹).

143 1424 301 1491 Qu·
402 1408 455 1472 40.
487 1409 553 1475 Sed
568 1409 611 1474 ad
624 1410 741 1473 seriem
758 1418 934 1472 eventuum
953 1408 1137 1474 redeamus.
1165 1408 1279 1472 Mense
1297 1405 1412 1473 Octobri

146 1494 294 1546 mm·
313 1509 393 1572 anni
419 1506 504 1573 1062
528 1507 698 1590 Augustae
717 1505 968 1570 Vindelicorum
992 1503 1222 1592 (Augsburgi)‚
1248 1513 1412 1570 conventus

312 1603 446 1670 habitus
455 1615 513 1686 est,
527 1607 562 1670 in
572 1601 954 1690 qqunnoOoloniensis
967 1602 1236 1688 archiepiscopus
1248 1605 1411 1668 orationem

313 1701 430 1766 habuit
443 1705 478 1768 in
490 1705 638 1768 favorem
654 1701 839 1766 Alexandri
856 1701 888 1766 II
914 1700 1073 1786 multique
1098 1701 1245 1787 episcopi
1270 1711 1348 1766 vota
1366 1721 1411 1762 sua

312 1801 346 1863 in
371 1822 446 1864 eum
460 1800 680 1882 contulerunt,
706 1801 787 1886 quin
800 1810 911 1864 tamen
926 1801 1150 1864 controversia
1166 1799 1308 1864 definita
1325 1799 1413 1864 fuerit
1469 1803 1470 1888 l

312 1896 410 1962 Anno
421 1910 574 1985 nepotem
583 1897 915 1962 suumBurchardum
925 1897 1143 1982 (Bucconem)
1152 1893 1413 1983 episcopumHal·

311 1995 571 2061 berstadiensem
596 1999 629 2060 in
653 1996 784 2060 Italiam
809 1997 898 2060 misit
921 1995 1057 2059 adrem
1081 1995 1355 2074 examinandam,
1384 1995 1413 2056 ie

312 2116 375 2180 que
408 2117 443 2158 se
466 2094 658 2159 Alexandro
682 2095 794 2158 favere
818 2094 896 2158 satis
920 2092 1107 2179 ostendit2).
1153 2092 1348 2158 Alexander
1366 2091 1414 2154 Re

311 2214 400 2255 mam
423 2214 575 2256 reversus
599 2214 711 2258 mense
736 2190 844 2277 Aprili
873 2192 953 2256 anni
981 2191 1065 2256 1063
1089 2190 1303 2256 anathemate
1327 2189 1415 2256 Cada-

308 2289 399 2354 Ioum
422 2292 597 2376 percussit,
621 2291 761 2354 Parmae
776 2311 854 2354 vero
879 2288 935 2352 hic
949 2290 984 2353 in
998 2287 1228 2354 Alexandrum
1252 2289 1414 2354 anathem

309 2389 545 2472 pronuntiavit.
594 2390 705 2474 Atque
728 2387 896 2474 aliquanto
920 2397 1067 2471 tempore
1090 2386 1235 2452 schisma
1259 2389 1416 2452 continua·

307 2495 380 2549 tum
404 2495 461 2550 est.
496 2485 660 2551 Cadalous
683 2488 771 2551 enim
789 2486 913 2549 Itomae
937 2494 970 2548 et
992 2486 1028 2548 in
1047 2484 1145 2549 Italia
1176 2485 1355 2550 factionem
1377 2507 1416 2548 sa·

306 2585 350 2648 tis
374 2594 540 2670 potentem
565 2583 725 2666 habebat3
754 2586 788 2648 in
813 2581 994 2648 Germania
1026 2604 1104 2647 vero
1139 2582 1219 2648 dum
1243 2583 1344 2649 Anno
1367 2581 1417 2646 Co·

306 2682 464 2747 leniensis
487 2682 678 2748 Alexandro
702 2683 839 2765 faveret,
870 2691 1026 2746 econtra
1049 2681 1252 2747 Adalbertus
1274 2681 1416 2746 Bremen·
1467 2693 1468 2708 ³

307 2782 352 2845 sis
379 2781 656 2867 archiepiscopus,
688 2782 744 2866 qui
779 2781 902 2866 pariter
929 2781 965 2844 in
997 2779 1263 2844 administrando
1284 2779 1418 2864 Imperio

308 2901 504 2964 permagnus
527 2891 636 2966 partes
660 2877 815 2959 habebat,
840 2877 884 2942 ad
905 2887 1016 2963 partes
1040 2879 1149 2963 potius
1173 2875 1311 2942 Cadaloi
1336 2875 1416 2941 incli-

308 2974 418 3041 nabat.
454 2977 612 3041 Attamen
636 2998 722 3041 anno
749 2976 845 3057 1064,
869 2985 1017 3061 tempore
1033 2975 1247 3058 Pentecostis,
1272 2975 1417 3040 Mantuae

307 3086 477 3159 praesente
490 3074 681 3139 Alexandro
705 3085 738 3138 et
754 3073 896 3140 Annene
920 3073 1067 3158 synodus
1090 3071 1206 3138 habita
1230 3083 1289 3154 est,
1313 3075 1416 3157 inqua

306 3171 498 3238 Alexander
521 3173 554 3236 II
587 3182 623 3236 ut
654 3171 821 3255 legitimus
848 3170 1004 3236 Pontifex
1033 3172 1166 3254 agnitus
1198 3181 1231 3234 et
1262 3169 1417 3236 Cadalons

305 3270 447 3355 rejectus
471 3272 544 3335 fuit.
590 3271 701 3356 Hujus
725 3269 846 3353 synodi
872 3268 1048 3334 celebratio
1072 3268 1115 3333 ab
1139 3267 1268 3354 aliquot
1288 3267 1417 3332 auctori-

305 3366 368 3432 bus
392 3368 577 3452 exhibetur,
601 3391 641 3432 ac
665 3371 692 3432 si
710 3368 808 3453 jussu
823 3366 976 3432 Annonis
999 3367 1096 3448 facta,
1122 3376 1154 3430 et
1177 3390 1197 3430 a
1221 3365 1347 3452 synodo
1371 3387 1417 3426 ve-

303 3464 365 3529 luti
389 3489 409 3529 a
430 3489 584 3552 suprema
599 3466 794 3530 auctoritate
818 3487 918 3528 eausa
932 3463 1117 3528 Alexandri
1141 3473 1174 3527 et
1189 3463 1325 3529 Cadaloi
1349 3485 1416 3526 exs-

305 3565 431 3626 minata
455 3574 487 3626 et
510 3563 675 3650 dirempta
699 3565 749 3628 sit.
789 3561 856 3627 Sed
880 3563 1053 3626 manifeste
1069 3561 1263 3626 Alexander
1285 3561 1315 3626 II
1340 3559 1416 3624 nihil

297 3661 369 3746 juri
401 3683 459 3726 suo
492 3663 598 3744 cessit,
633 3683 695 3726 nec
717 3661 836 3745 synodi
860 3662 1043 3724 sententiae
1067 3682 1160 3724 suam
1192 3681 1323 3724 eausam
1347 3657 1415 3722 sub·

304 3759 403 3840 misit,
436 3781 476 3822 ac
500 3761 527 3822 si
551 3759 593 3822 ab
618 3761 680 3824 iste
704 3759 832 3844 synodo
856 3768 1017 3844 tanquam
1046 3780 1067 3822 a
1085 3758 1203 3844 judice
1233 3759 1345 3822 eadem
1368 3777 1416 3818 su·

303 3877 418 3942 prema
456 3859 650 3922 auctoritate
690 3856 820 3922 definiri
858 3865 977 3942 posset.
1024 3855 1169 3920 Tantum
1200 3859 1290 3942 pacis
1318 3876 1414 3917 eausa

301 3955 430 4037 annuit,
456 3964 492 4018 ut
505 3956 540 4019 in
557 3956 618 4020 isto
644 3953 783 4020 concilio
800 3955 994 4035 Mantuano,
1018 3952 1241 4040 explicatione
1256 3953 1417 4038 proposita

380 4177 400 4242 ¹)
419 4173 474 4229 os.
492 4175 593 4230 Boron.
612 4177 646 4228 ad
666 4191 689 4228 a
712 4173 788 4239 1059,
808 4179 837 4228 et
854 4173 1059 4242 Hergenrtther
1076 4173 1111 4229 Κ.
1131 4173 1173 4236 G,
1193 4173 1214 4228 1.
1233 4173 1258 4226 S.
1270 4170 1327 4223 624.

376 4263 399 4328 ²)
418 4263 474 4318 Otr.
495 4263 614 4328 (ltrttrer¹
633 4263 671 4316 II.
690 4265 733 4320 18.
