2922 4832
288 488 341 544 166
520 488 580 544 ΧΧ.
598 487 639 541 De
657 493 734 541 statu
752 486 822 544 Eccl.
841 487 928 542 medio
946 503 1014 543 saec.
1033 489 1183 544 undecimo.

288 633 367 696 vino
393 630 576 717 prohibitas
608 653 678 696 esse
709 652 806 695 nemo
830 639 959 716 poterat
982 632 1146 717 ignorare.
1196 631 1262 698 Sed
1284 656 1325 698 ex
1346 633 1395 698 Rs·

288 730 393 794 therio
419 729 601 814 colligitur,
632 730 765 814 nuptias
796 737 829 792 et
858 727 1014 814 conjugia
1044 732 1177 817 proprie
1202 729 1291 796 dicta
1313 741 1395 817 atquc

288 830 387 892 etiam
412 827 547 913 publica
571 826 707 892 clericos
730 827 855 891 iniisse.
900 825 952 890 Ita
976 849 1004 892 e.
1029 850 1060 912 g.
1091 853 1189 916 usqne
1213 829 1258 894 ad
1281 841 1394 916 nuptnn

284 927 446 1012 pubiicum
479 925 561 990 dicit
591 947 667 990 suos
691 925 828 990 clericos
853 923 1037 990 canonibus
1059 925 1260 1009 adversos,¹)
1284 935 1315 990 et
1336 950 1396 990 con-

289 1024 356 1090 cilii
381 1023 647 1088 Ravennatensis
670 1023 714 1109 (a.
740 1022 816 1104 867)
848 1022 1017 1087 decretum
1049 1023 1131 1088 dicit
1155 1025 1338 1110 lepationem
1359 1027 1396 1110 ip·

287 1123 356 1186 sius
385 1122 495 1208 Papae
528 1122 566 1186 de
597 1120 751 1186 umoribus
781 1120 1021 1204 dimittentur)
1077 1121 1252 1188 Adulteria
1292 1125 1395 1209 passim

289 1219 434 1305 appellat
468 1218 524 1282 illa
558 1219 713 1304 conjugia
736 1219 929 1300 Rathcrius,
964 1229 1127 1306 quatenus
1158 1232 1273 1287 contra
1305 1220 1395 1306 legem

290 1327 393 1383 erant.
441 1317 642 1382 Adulterium
661 1317 844 1404 publicum,
882 1318 938 1397 ait,
964 1318 1038 1381 dum
1060 1318 1188 1406 illcpale
1212 1322 1318 1406 utique
1339 1341 1395 1382 cort·

281 1419 407 1506 jupium
440 1417 527 1496 sit,·³)
562 1415 690 1480 adulter
723 1417 805 1479 enirn
835 1415 926 1479 nobis
950 1425 1015 1494 eut,
1049 1417 1104 1500 qui
1133 1427 1245 1480 corrtro
1278 1439 1398 1480 canones

288 1515 421 1578 uxorius
449 1511 536 1600 est.⁴)
584 1512 759 1577 Caeterum
794 1535 873 1578 vero
918 1535 1039 1576 uxores
1074 1513 1285 1578 habebantur
1326 1533 1396 1600 quae

289 1633 364 1676 cum
390 1611 517 1675 clericis
542 1610 779 1676 cohabitabant
803 1612 975 1690 mulieres,
1010 1612 1110 1698 idque
1134 1613 1194 1676 etsi
1228 1609 1397 1676 canonibus

288 1721 373 1774 esset
397 1709 627 1792 interdictum,
662 1722 693 1772 et
726 1708 778 1772 icoc
802 1709 894 1773 nulla
927 1710 1044 1774 ultoris
1067 1710 1222 1774 ministris
1249 1705 1397 1793 induissent

288 1807 477 1898 conjupiu,⁵)
502 1830 599 1872 omne
620 1817 732 1871 tamen
757 1807 919 1892 ejusmodi
935 1809 1149 1874 interdictum
1173 1805 1397 1871 consuetudine

199 1925 201 1932 ’
288 1905 500 1990 abrogatum,
534 1915 566 1968 et
599 1914 737 1970 eatenus
760 1905 843 1970 haec
872 1905 1028 1992 conjugia
1051 1905 1150 1970 licere
1175 1905 1396 1970 credebantur:

288 2007 390 2069 etita
414 2002 634 2068 credebantur
658 2002 768 2084 licere,
793 2013 830 2068 ut
845 2003 971 2090 absque
995 2002 1063 2068 ulla
1079 2003 1256 2068 formidine
1280 2001 1397 2090 publice

288 2104 388 2166 etiam
412 2124 432 2165 a
457 2099 586 2166 clericis
610 2103 782 2167 inirentur.

126 2215 243 2326 οἷωῑίξῦ
379 2219 429 2285 17.
478 2217 735 2284 Observandum
759 2239 837 2282 vero
863 2227 921 2298 est,
953 2215 1036 2282 haec
1060 2219 1216 2305 conjugis
1239 2240 1259 2282 a
1284 2215 1397 2280 clericis

145 2296 190 2327 Μ
232 2297 273 2327 ω’
288 2315 404 2380 saltem
428 2315 593 2401 plerisque
627 2317 709 2380 inita
743 2315 850 2380 videri
875 2325 951 2380 ante
976 2316 1109 2380 ordines
1133 2338 1260 2398 sacros,
1292 2318 1336 2379 ita
1362 2324 1397 2374 ta·

288 2436 375 2496 men,
400 2423 437 2478 ut
461 2415 517 2500 qui
543 2416 590 2478 sic
614 2414 787 2477 duxissent
811 2435 930 2478 uxores
954 2436 1021 2478 non
1050 2413 1254 2478 dimitterent
1278 2413 1397 2488 clerum,

288 2512 347 2578 sed
371 2512 476 2599 (more
489 2511 724 2594 Orientalium)
749 2515 782 2576 in
799 2511 853 2576 illo
869 2521 1111 2596 permanerent,
1137 2523 1169 2577 et
1183 2513 1226 2578 ab
1251 2511 1397 2576 uxoribus

288 2631 500 2696 nequaquam
533 2612 676 2696 separati
700 2610 743 2674 ad
768 2632 878 2674 sacros
902 2611 1002 2674 etiam
1027 2611 1159 2675 ordines
1182 2629 1397 2696 promoveren-

287 2718 351 2775 tur.
398 2707 511 2793 Hujus
543 2709 590 2772 rei
622 2710 802 2794 praecipua
835 2708 993 2773 videntur
1030 2709 1156 2772 indicia
1193 2710 1228 2772 in
1263 2705 1396 2772 Ratherii

288 2805 446 2892 opusculo
478 2806 517 2870 de
551 2818 652 2893 nuptu
683 2807 808 2872 illicito.
855 2807 987 2892 Nuptus
1010 2806 1159 2889 illicitus,
1193 2807 1288 2892 cujus
1312 2824 1397 2868 causa

287 2905 352 2970 hoc
376 2903 572 2990 opusculum
606 2907 755 2990 scripsit,
790 2905 882 2968 fuere
915 2906 1052 2990 nuptiae
1082 2905 1255 2990 cujusdam
1289 2901 1396 2967 clerici.

288 3025 387 3091 quem
412 3011 505 3088 pater
529 3003 616 3088 ejus,
650 3005 729 3066 item
760 3002 915 3084 clericus,
952 3025 1026 3066 cum
1058 3002 1127 3066 filia
1160 3002 1271 3066 clerici
1302 2999 1397 3064 matri·

288 3102 399 3166 monio
418 3101 588 3185 junxerat.
634 3100 738 3165 Aliud
762 3123 893 3187 quoque
914 3101 1048 3166 alterius
1072 3101 1183 3166 clerici
1208 3101 1395 3185 conjugium.

287 3209 381 3286 patre
404 3208 602 3284 procurante
627 3201 757 3282 initum,
782 3199 909 3264 ibidem
933 3208 1103 3264 memorat.
1150 3199 1221 3262 Hos
1245 3203 1396 3263 autemst

287 3297 370 3362 alios
405 3297 528 3362 similes
560 3297 696 3364 clericos
730 3299 876 3384 conjugii
910 3319 1011 3362 causa
1035 3319 1100 3360 non
1131 3299 1275 3361 evasisse
1297 3295 1394 3358 laicos.

288 3395 346 3460 sed
371 3397 405 3460 in
431 3394 516 3460 clero
548 3397 744 3482 perstitisse,
778 3398 923 3460 innuunt
953 3397 1078 3459 monita
1100 3395 1249 3460 Ratherii
1271 3393 1314 3457 ad
1342 3411 1395 3454 eos.

291 3493 368 3562 Cum
391 3517 495 3559 omnes
518 3495 672 3574 noverint,
697 3493 821 3574 scribit,
845 3495 922 3580 quic
946 3495 1047 3557 omnis
1061 3496 1116 3580 qui
1133 3503 1264 3579 praeter
1281 3509 1394 3555 imorem

287 3591 460 3676 lepitimam
495 3594 572 3674 coit,
619 3604 675 3656 unt
703 3593 956 3678 fornicationem
994 3601 1051 3655 ant
1092 3591 1282 3656 adulterium
1310 3588 1394 3674 fucit,

281 3690 450 3778 presbyter
480 3713 551 3754 vero
586 3702 643 3755 ont
673 3691 826 3754 diaconus
858 3712 984 3754 uxorem
1020 3690 1189 3774 lepitimurn
1220 3711 1281 3753 nun
1303 3685 1395 3774 possit

286 3788 409 3867 babere,
434 3789 464 3852 si
477 3787 584 3872 filium
608 3789 647 3852 de
670 3791 744 3876 ipro
758 3787 990 3872 fornicatione,
1014 3787 1064 3850 uel
1077 3787 1163 3873 quod
1179 3790 1273 3875 pejsu
1295 3793 1346 3858 eat,
1363 3780 1393 3843 dc
1451 3791 1452 3808 ³

297 3968 502 3978 ““’““““““““·“
1453 3957 1454 4004 l

365 4039 384 4104 ¹)
404 4036 486 4091 Serm.
506 4037 539 4092 de
557 4035 645 4090 Maria
664 4043 692 4089 et
710 4035 827 4100 Martha,
847 4051 872 4090 n.
891 4037 917 4090 4.
1453 4005 1454 4084 l

362 4116 384 4185 ²)
403 4117 491 4184 Epist.
510 4117 544 4170 ad
562 4117 720 4171 Nannonem
740 4132 766 4172 u.
786 4117 810 4172 2.

362 4195 383 4252 ⁸t
402 4197 594 4265 Apologetium
613 4213 639 4251 n.
660 4199 684 4253 7,
902 4195 924 4266 ⁴)
943 4195 1084 4250 Discordia
1102 4211 1129 4252 n.
1149 4196 1173 4250 1.

361 4276 383 4346 ⁶)
402 4277 528 4332 itinerar.
548 4292 573 4329 u.
596 4279 637 4333 lo.
