3032 4844
444 500 569 556 Erentus
587 505 648 573 post¹
665 499 819 555 Concilium
1158 503 1192 559 61
1261 565 1263 569 ,

97 645 122 707 in
133 642 331 728 proponendo
346 642 505 708 doctrine
522 641 563 708 de
586 641 676 706 cultu
693 664 860 708 sacrarum
880 643 1063 728 imaginum
1079 644 1197 708 Patres

94 741 175 804 menti
196 751 301 806 essem
314 740 496 806 Pontificio
510 743 715 822 sententiam,
732 739 961 825 praesentibus
973 743 1043 828 ejus
1065 741 1192 826 legatis,

94 860 138 922 per
159 861 188 902 se
209 837 347 924 pstebst
380 860 562 904 cousensus
594 838 793 924 spostolicae
816 835 911 904 Sedis
940 838 1129 922 basium,
1153 861 1195 904 sc

92 937 155 1000 forte
182 936 257 1002 inde
289 947 342 1002 est
378 936 470 1023 quod
503 937 537 1002 in
571 935 708 1022 epistole
740 935 868 1002 'seresii
900 959 1056 1022 expresse
1078 938 1195 1022 petitio

90 1033 325 1099 mnfirmstionis
358 1055 429 1102 non
463 1035 660 1100 continetur.
707 1033 812 1098 Juxta
841 1033 1113 1100 consuetudinem
1149 1044 1195 1098 ts·

90 1153 148 1195 nen
167 1132 321 1198 Pontifex
348 1131 492 1218 epistole
517 1131 593 1197 dsts
607 1131 831 1218 respondisset
854 1143 887 1196 et
910 1130 1193 1198 confirmationem

90 1228 206 1294 Consilii
240 1231 275 1294 in
298 1230 426 1296 litteris
459 1231 528 1294 suis
551 1231 774 1316 expressisset,
799 1231 863 1296 nisi
887 1229 1049 1315 quaedem
1074 1251 1150 1294 eum
1172 1254 1194 1295 a

89 1325 201 1392 solemni
224 1349 389 1414 responso
408 1329 632 1392 retinuissent
678 1327 764 1392 Acts
792 1327 948 1394 videlicet
962 1325 1102 1394 Consilii
1126 1350 1193 1392 sus-

88 1425 157 1508 cepit
176 1437 206 1488 et
229 1428 264 1490 in
289 1425 437 1492 lntinsm
460 1424 609 1509 linguam
642 1425 726 1488 verti
750 1425 839 1508 iecit,
863 1435 961 1510 etque
985 1427 1085 1492 etism
1109 1424 1192 1492 Con·

88 1519 180 1586 cilium
209 1523 323 1609 quoad
359 1545 400 1588 es
424 1543 511 1608 quse
543 1520 584 1586 de
608 1521 697 1586 cultu
729 1523 913 1607 imaginum
946 1533 1068 1590 ststnts
1090 1535 1195 1598 ‚erant

88 1633 173 1684 istum
196 1619 327 1704 hebuit,
357 1620 417 1686 sed
440 1619 601 1684 abstinuit
623 1642 644 1683 a
667 1619 804 1686 solemni
830 1619 1089 1702 confirmatione.

159 1719 206 1782 12.
229 1719 316 1784 Rem
330 1720 405 1806 ipse
414 1717 571 1782 Pontifex
580 1719 718 1802 exponit
731 1719 766 1782 in
781 1716 928 1803 epistole,
941 1739 1040 1803 quom
1052 1728 1127 1804 post
1137 1717 1193 1782 hs-

87 1813 170 1880 bitem
191 1839 212 1880 s
235 1816 364 1882 Carolo
388 1817 434 1882 M.
460 1815 504 1902 (e.
530 1813 608 1901 794)
632 1815 799 1898 synodum
814 1814 1132 1894 Frsnoofurtensem¹
1149 1815 1192 1880 sd

89 1912 220 1980 Cerolum
244 1915 357 1980 dedit.
407 1912 484 1978 Cum
501 1914 742 1999 praedecessore
775 1923 880 1978 nostro
906 1925 1013 1978 sancto
1041 1913 1192 1998 &reporto
1216 1939 1359 1982 cosumus

87 2033 167 2097 popa,
188 2013 318 2096 scribit,
347 2012 488 2078 eumdem
510 2033 633 2076 sennam
647 2011 730 2096 fidei
753 2021 899 2092 terrentes,
923 2013 1080 2076 emisimus
1096 2033 1192 2096 prae·
1226 2001 1337 2044 mm·

22 2112 23 2138 ¹
89 2107 219 2176 denna.
267 2111 334 2176 Illi
365 2133 450 2190 vero,
482 2121 517 2174 nt
539 2110 630 2175 nobis
659 2111 748 2174 missi
778 2110 880 2174 nostri
912 2155 919 2174 .
953 2157 961 2174 .
994 2109 1100 2174 .uisa
1122 2131 1194 2174 roae

89 2203 234 2288 diseunt,
269 2211 386 2274 statim
416 2218 543 2274 nostras
575 2207 769 2295 apostolicas
798 2203 1016 2292 amplectentes
1052 2207 1194 2294 syllabas

91 2297 245 2370 mnium
255 2308 342 2391 fieri
347 2311 523 2396 jusserunt.
548 2355 556 2369 .
579 2355 587 2372 .
604 2306 646 2369 Et
669 2307 713 2370 sic
727 2303 888 2391 Synodnm
910 2305 1005 2370 istam
1028 2305 1195 2370 scoriadam

89 2413 207 2466 tuarum
229 2406 473 2470 ordinationem
486 2404 654 2490 fecerant,
683 2413 713 2468 et
743 2405 778 2466 in
808 2403 947 2489 pristino
976 2412 1062 2468 statu
1083 2423 1194 2482 sacras

89 2507 111 2558 ct
130 2505 324 2570 emerendae
356 2503 511 2589 imagines
543 2511 717 2566 creuerant.
766 2501 809 2566 Et
840 2501 920 2566 acac
944 2500 981 2582 de
1004 2497 1194 2586 inspiciens

89 2601 173 2660 soni
196 2599 351 2686 Greqorii
374 2623 498 2664 sensusne
520 2609 551 2664 et
573 2609 715 2664 nostram
744 2599 962 2664 continebatur
984 2598 1108 2684 (textus
1131 2595 1194 2662 hoc

90 2687 143 2757 loco
165 2711 342 2785 corruptus
366 2695 439 2783 est),
464 2699 512 2762 ita
535 2697 645 2784 stipsi
662 2697 697 2760 in
713 2694 957 2783 eademSynodo
982 2694 1197 2780 definitionem

90 2791 205 2874 ¹·oufessi
226 2807 314 2874 sunt,
347 2797 396 2860 ln's
422 2795 559 2860 oscelam
583 2805 613 2858 et
644 2793 857 2858 honorabilem
881 2793 1103 2858 salutationem
1124 2791 1193 2856 red·

90 2885 189 2971 didere,
213 2917 416 2980 mquaqaam
438 2893 606 2958 secandum
620 2893 721 2977 fldem
748 2904 890 2958 nostram
911 2913 1016 2956 seram
1039 2889 1197 2954 culturam

90 3007 151 3066 ques
172 2990 258 3056 decet
283 2991 348 3058 soli
374 2992 503 3056 divinae
535 3003 680 3056 naturae.
706 3038 714 3053 .
740 3039 747 3054 .
773 2991 814 3054 Et
836 2990 907 3054 ideo
932 2991 1036 3076 ipsam
1060 2989 1194 3074 meseepi·

93 3085 333 3174 satyrorum
356 3112 433 3154 nam
454 3091 484 3152 si
506 3113 576 3154 cam
599 3091 726 3154 minime
742 3089 963 3174 recepissemus
986 3097 1015 3152 et
1040 3086 1083 3150 ad
1106 3107 1197 3150 strum

90 3185 239 3264 pristinum
262 3189 414 3252 vomitum
427 3186 712 3273 fuissentreversi,
727 3188 796 3271 qais
814 3209 877 3271 pro
902 3195 946 3250 tot
969 3185 1102 3250 millium
1125 3185 1197 3248 ani-

94 3303 193 3348 uorum
215 3288 465 3352 christianarum
487 3286 618 3350 interita
640 3284 750 3350 tatuit
781 3284 912 3348 reddere
944 3284 1099 3348 rationem
1122 3292 1195 3346 ante

94 3381 210 3448 letrils'le
235 3383 432 3450 tremendum
460 3385 563 3448 diuini
577 3384 701 3472 judicis
734 3405 876 3461 mantea,
899 3382 964 3446 nisi
989 3381 1059 3444 Nos
1082 3377 1197 3444 solam-

95 3479 175 3546 fflotlr.
198 3532 205 3548 .
231 3535 238 3548 .
265 3485 338 3548 Nos
360 3505 433 3546 aero
457 3482 557 3548 aanor
574 3504 637 3568 pro
654 3481 763 3546 eadem
775 3479 903 3567 Synodo
926 3478 1047 3544 nullam
1069 3499 1198 3564 respon·

97 3597 147 3640 *tto
166 3579 311 3646 lacem
335 3581 436 3646 eidem
458 3581 649 3666 Imperatori
669 3579 876 3658 reddidimus,
901 3586 1067 3650 metuentes
1090 3598 1128 3640 ne
1152 3575 1197 3640 ad

97 3697 179 3740 rorum
199 3689 431 3746 reverterentur
453 3701 597 3742 errorem.
622 3677 752 3742 Dudum
775 3679 889 3762 pompe
913 3673 1038 3759 qnando
1063 3695 1115 3738 eos
1134 3695 1198 3759 pro

99 3777 174 3838 uer-ir
196 3777 390 3866 imapinibns
421 3778 572 3842 erectione
603 3775 766 3860 adlsortati
789 3796 906 3852 sumas,
930 3769 1029 3834 simili
1051 3769 1142 3834 modo
1166 3780 1197 3834 et

98 3867 263 3940 iedioecesi
279 3887 348 3940 tam
363 3875 675 3961 archiepiscoporum,
688 3894 781 3958 quam
793 3883 823 3935 et
837 3871 1052 3956 episcoporum
1068 3877 1195 3934 sanctae

101 3969 244 4040 ruminae
283 3983 315 4038 et
354 3970 545 4058 apostolicae
577 3973 741 4035 Romanae
784 3968 930 4034 ecclesiae
974 3975 1197 4030 commonentes

101 4073 284 4146 mmmmm
309 4071 473 4134 restituere
497 4069 596 4134 eidem
616 4078 746 4134 sanatae
763 4079 793 4132 et
816 4065 1008 4153 apostolieae
1032 4065 1201 4128 Romanae

104 4163 230 4250 telense,
247 4191 333 4256 quae
349 4177 419 4230 tarra
430 4191 498 4230 cam
504 4166 713 4253 patrimoniis
722 4167 840 4230 nostris
850 4162 1054 4242 abstulerant,
1070 4159 1198 4248 qnando

103 4280 187 4330 isseras
206 4268 365 4352 imapines
388 4265 609 4352 deposuerant,
627 4276 655 4329 et
678 4285 734 4326 roeo
756 4284 939 4347 responsum
961 4257 1122 4346 quodlibet
1145 4279 1200 4321 erc-
