3002 4836
439 505 628 562 Controversia
646 507 676 562 io
695 505 794 562 Gallis.
1143 507 1178 562 79

81 673 177 716 corum
198 650 431 736 Imperatorem
461 649 560 715 scribi
589 649 779 737 cupiebant,
813 651 847 714 in
885 673 950 736 qua
978 651 1064 716 hanc
1088 655 1178 716 resti-

82 748 203 814 tuendae
225 749 260 812 in
282 748 431 813 ecclesiis
454 746 600 814 Orientis
632 749 724 834 pacis
753 749 845 812 viam
868 761 1119 836 proposuerunt.
1143 762 1178 815 ut

81 851 126 933 pai
143 848 250 924 miset,
269 869 333 932 pro
354 847 414 932 pia
435 848 585 910 memoria
598 844 648 910 eel
668 870 751 910 saue
774 847 920 911 doctriua
942 847 978 910 ia
1001 847 1079 912 locis
1100 873 1177 912 eom-

74 943 244 1034 panton,
267 943 384 1030 adaque
407 941 474 1008 ullo
497 941 610 1008 illicito
626 941 722 1022 calta,
734 945 839 1030 pictos
861 944 910 1009 vel
923 945 1021 1028 fictus
1042 945 1180 1011 debeant

81 1045 220 1130 inopinos,
242 1043 298 1130 pai
329 1051 435 1106 autem
465 1041 587 1119 uoluat,
623 1041 738 1128 aisque
766 1039 831 1106 uilo
854 1042 969 1107 illicito
993 1054 1178 1130 contempta,

80 1139 171 1206 taliter
197 1139 345 1204 habeam
375 1138 426 1204 ael
453 1138 579 1203 totitas
599 1140 753 1224 imagines
775 1138 958 1205 aallooenus
981 1141 1178 1228 rpmmat¹).

79 1277 113 1286 —
141 1239 178 1304 In
206 1239 309 1304 variis
342 1237 441 1324 hujus
472 1241 655 1302 conventis
685 1236 766 1324 (non
796 1237 860 1302 fuit
892 1238 1052 1324 synodus)
1085 1241 1178 1320 actis,
1265 1285 1273 1297 .

80 1335 231 1402 Praesules
246 1346 279 1400 et
304 1337 369 1400 viri
393 1334 514 1399 eruditi
531 1336 635 1399 nimia
649 1335 795 1422 quadam
810 1338 861 1400 sui
884 1336 1008 1401 fiducia
1031 1358 1082 1400 res
1098 1346 1180 1402 trac-

78 1447 144 1516 tant,
158 1447 189 1500 et
211 1425 367 1520 quamvis
391 1433 577 1517 magnificis
600 1431 713 1498 verbis
736 1435 968 1499 auctoritatem
982 1434 1078 1500 Sedis
1093 1434 1180 1522 Apo·

77 1531 193 1598 stolicae
217 1530 467 1610 commendent,
491 1533 613 1616 passim
646 1533 756 1596 minus
780 1541 968 1598 reverenter
990 1531 1179 1618 loquuntur,

77 1629 143 1694 dum
165 1653 195 1694 v.
217 1653 249 1715 g.
274 1629 404 1709 dicunt,
430 1628 637 1694 Hadrianum
668 1630 838 1716 scripsisse
862 1653 941 1716 qaae
962 1627 1073 1708 uoluit,
1096 1632 1182 1695 houd

76 1751 136 1792 sero
156 1753 231 1816 puae
254 1726 407 1810 demas).

151 1829 200 1892 92.
223 1825 421 1891 Ludorieus
451 1823 634 1910 Imperator
665 1845 704 1888 ea
737 1845 821 1909 quae
846 1825 974 1888 censuit
997 1831 1180 1910 opportune
1198 1847 1286 1898 ιοιιιιο
1301 1846 1344 1888 se

76 1946 111 1988 ex
130 1925 218 1990 Actis
241 1923 310 1989 iliis
333 1923 466 2009 excerpi
491 1943 585 2007 posse
619 1921 662 1986 sd
686 1923 913 2007 quaestionem
936 1920 1180 2002 elucidandam,
1201 1920 1255 1950 Μ
1270 1907 1342 1949 ''¹⁵³'‘

77 2045 125 2105 per
144 2023 325 2090 Ieremiam
348 2019 572 2086 Senonensem
600 2031 633 2084 et
656 2020 777 2084 Jonsm
802 2019 1075 2084 Aurelianensem
1099 2021 1181 2104 epis-

76 2143 162 2206 copos
183 2122 326 2186 Romam
351 2119 450 2198 misit,
475 2127 511 2182 ut
524 2118 694 2184 Romanus
708 2118 863 2182 Pontifex
881 2117 1049 2204 judicium
1072 2116 1180 2181 ferret.

76 2219 171 2306 Atque
201 2223 235 2284 in
267 2217 408 2303 epistola
440 2239 460 2280 a
490 2216 664 2281 Ludovico
697 2227 729 2280 et
761 2214 919 2281 Lothario
950 2216 1021 2301 ejus
1048 2214 1116 2280 tilio
1139 2214 1182 2279 ad

76 2317 250 2402 Eugenium
276 2316 396 2394 missa,
429 2314 549 2378 diserte
573 2315 751 2378 auotoritas
775 2313 808 2378 S.
833 2313 928 2380 Sedis
951 2313 1060 2400 quoad
1084 2314 1184 2398 magi-

77 2417 195 2481 sterium
229 2414 404 2480 doctrinae
436 2411 687 2496 agnoscebatur,
712 2421 743 2476 et
768 2433 841 2475 eum
867 2419 995 2476 tantum
1019 2409 1183 2476 assereba-

74 2523 118 2576 tur
139 2513 236 2578 finem
261 2533 335 2576 esse
350 2532 464 2576 eorum
481 2533 567 2596 quae
583 2521 657 2573 acta
672 2510 812 2594 fuerent,
838 2519 874 2573 ut
896 2510 1059 2575 auxilium
1083 2509 1184 2597 quod·

75 2609 138 2676 dom
168 2617 395 2697 praestaretur
417 2607 583 2672 Pontifici.
634 2605 755 2680 Quoue
787 2605 898 2693 (sotis)
917 2607 1084 2694 perlectis,
1108 2609 1184 2672 scri-

76 2705 154 2790 bunt,
186 2733 225 2774 eo
259 2717 383 2772 vestae
407 2704 582 2771 Sanctitati
613 2705 745 2788 lepeada
769 2717 861 2792 atque
890 2707 1106 2771 examinanda
1124 2730 1186 2792 per

74 2804 179 2892 legatos
201 2817 330 2872 nostros
352 2805 525 2868 Jeremiam
553 2815 583 2867 et
605 2803 725 2867 Jouam
752 2805 913 2890 episcopos
944 2805 1065 2867 mittere
1096 2828 1185 2869 cura-

75 2905 169 2970 ciums.
219 2902 309 2979 Qeros
330 2923 396 2965 noa
418 2901 456 2966 od
485 2902 540 2966 doe
574 2900 618 2964 od
639 2911 762 2966 vestae
785 2901 950 2966 divnitatis
967 2904 1186 2989 praesentiam

77 3003 218 3083 ιιίιίπιιιι,
251 3013 289 3066 ut
312 2999 421 3084 aliquo
453 2997 537 3062 velut
558 2998 735 3083 magisterii
757 2997 861 3084 officio
877 2998 1105 3086 fungerentur,
1130 3012 1187 3065 aut

75 3097 195 3164 doeeadi
215 3099 328 3186 pratia
351 3097 464 3162 directi
481 3107 696 3184 putarentur,
720 3099 797 3181 quia
820 3099 900 3162 aaut
914 3101 987 3185 jem
1011 3121 1186 3162 commemo·

76 3198 131 3258 ras?
150 3219 256 3262 samus
278 3218 337 3260 nos
360 3194 516 3258 debitores
538 3195 684 3273 existere,
708 3206 744 3258 ut
766 3195 837 3259 duic
856 3193 888 3260 S.
907 3194 984 3259 sedi
1005 3199 1041 3260 ia
1063 3196 1185 3282 quibus-

76 3317 188 3380 camque
205 3294 346 3381 negotiis
366 3292 523 3357 rusilium
533 3291 627 3378 ferre
642 3291 852 3379 debeamur’).
870 3331 913 3341 —-
930 3293 1103 3373 Quaenam
1126 3293 1187 3358 Ro-

79 3411 140 3455 mae
172 3395 206 3458 in
240 3395 304 3457 isto
335 3391 466 3474 negotio
499 3398 592 3476 gesta
615 3391 696 3473 sint,
721 3391 901 3475 ignoratur.
945 3390 986 3456 Id
1010 3401 1121 3457 tamen
1145 3415 1186 3456 ex

142 3579 165 3649 ¹)
181 3577 272 3633 lensi
292 3576 310 3632 L
329 3591 351 3632 u
370 3591 397 3644 p.
414 3577 476 3632 463.

140 3657 161 3726 ¹)
178 3655 297 3720 Dixeris,
316 3654 458 3710 Prsesnles
487 3653 639 3708 Gallicanos
667 3653 742 3709 illius
765 3655 875 3721 aetaIIs,
894 3671 976 3723 quum
993 3673 1041 3727 per
1059 3656 1186 3726 Pipinum

78 3741 104 3787 et
118 3735 239 3792 Curcmm
269 3737 305 3791 n.
333 3735 368 3789 sd
392 3740 500 3790 tantm
517 3734 633 3803 gloriam
660 3733 728 3788 illud
754 3749 868 3804 regnum
892 3736 1067 3805 pervenisset,
1087 3736 1189 3804 aliquid

80 3813 177 3872 humani
193 3832 290 3887 masos
308 3831 375 3881 esse,
394 3820 528 3882 mstsnm
546 3813 744 3883 sliqumtisper
761 3815 851 3870 animo
869 3815 1031 3873 efferrentur
1049 3824 1078 3872 et
1096 3816 1189 3872 existi-

81 3905 180 3964 uerat,
207 3899 293 3952 etism
319 3895 349 3950 in
377 3895 456 3950 rebus
484 3894 643 3964 theologicis
669 3910 699 3949 se
716 3895 856 3951 admodum
881 3897 1017 3963 excellere,
1036 3897 1077 3952 its
1095 3903 1128 3952 ut
1145 3896 1189 3952 vel

81 3975 157 4042 imum
172 3978 324 4034 Bommnm
341 3975 502 4032 Pontificem
519 3973 630 4044 ejusque
647 3974 788 4046 theologos
814 3977 948 4034 iustruere
966 3985 1082 4046 possent
1119 3977 1189 4032 Pon-

82 4054 156 4112 tIioes
172 4065 266 4114 sutem
283 4055 401 4112 Romani
419 4054 546 4126 prudenti
564 4055 751 4111 moderatione
777 4071 844 4127 erga
863 4057 946 4113 bonos
964 4059 1037 4114 viros
1055 4058 1098 4113 usi
1116 4064 1188 4113 suut.

81 4132 174 4191 Similis
199 4136 368 4192 acciderunt
382 4136 488 4192 saeculo
506 4135 592 4202 XVII,
621 4151 703 4203 quum
729 4135 779 4191 sub
797 4137 934 4193 Lodovioo
952 4138 1019 4192 XIV
1046 4137 1138 4193 Gallis
1155 4139 1190 4191 ad

84 4227 196 4285 magnam
213 4217 360 4288 potestatis
378 4217 494 4287 glottam
512 4227 541 4270 et
559 4216 752 4272 auctoritatem
770 4223 866 4272 evecta
884 4225 963 4275 esset.

146 4295 609 4366 numerosissimam.
