2898 4836
386 457 501 513 Joannis
520 457 574 512 XII
593 457 780 514 Pontificatns.
1101 462 1136 516 8³

112 603 160 666 82.
184 599 350 666 Convenit
372 610 483 666 sutem
507 602 542 666 iu
565 625 600 666 re
624 623 690 666 non
714 603 794 667 estis
814 601 968 688 eliquata,
993 613 1030 668 ut
1053 626 1137 690 quae

39 703 66 764 in
92 699 159 764 aliis
189 698 406 785 scriptoribus
438 700 656 764 inveniuntur
684 698 830 764 breviter
853 712 1037 784 tangamus.
1077 703 1138 766 Rs·

38 797 142 862 therins
165 797 409 862 Veronensis
401 819 435 862 1n
466 817 525 862 sno
558 817 657 883 opere
689 797 727 862 de
760 794 944 885 Contempta
974 822 1137 878 cononum,
1171 803 1283 848 Misit·

37 895 110 981 qnod
130 897 265 961 ineunte
291 890 379 960 anno
411 895 476 960 864
499 895 647 980 scripsit,
680 894 803 981 pluries
832 895 875 960 ad
907 896 1048 963 Josnnis
1070 865 1197 962 ΧΠῩοῚΓ
1198 867 1290 909 omme.

37 993 138 1057 malam
161 993 284 1058 sarnam
299 1003 444 1078 segesta
467 992 595 1058 alludit.
601 995 626 1074 ¹)
665 993 789 1059 Scribit
811 1016 844 1058 n.
869 995 906 1058 6:
934 991 1031 1082 Coepi
1052 996 1140 1060 intro

35 1103 136 1154 saneta
169 1091 275 1154 cordis
307 1092 435 1173 comari,
468 1093 497 1154 si
521 1090 658 1177 forte
643 1093 784 1156 inuenire
816 1091 952 1156 ualerem
982 1093 1140 1180 pomerolis

34 1190 101 1252 eunde
122 1191 286 1276 mutiperit
308 1211 462 1254 commum
492 1190 550 1254 iste
580 1189 733 1254 divinitus
755 1188 1029 1277 promalpotorum
1058 1191 1139 1256 adeo

33 1285 97 1350 eolis
118 1289 187 1352 istis
208 1287 246 1374 (i.
271 1309 299 1352 e.
322 1288 417 1352 terris
441 1288 511 1352 istis
536 1285 674 1366 Italicis)
698 1297 903 1373 contempnas,
930 1291 1139 1354 trinominem

33 1385 157 1449 invenire
175 1408 281 1450 eornm
303 1383 427 1449 valeam
451 1393 627 1449 curatorem
650 1407 671 1448 o
694 1383 845 1450 mitissimo
868 1386 973 1470 utique
993 1384 1138 1450 ecclesiae

32 1503 110 1568 reque
134 1483 178 1547 nd
198 1485 519 1570 praestantissimum,
549 1506 570 1546 a
585 1481 768 1548 emiticaimo
789 1505 884 1568 usqae
908 1483 952 1547 ad
974 1482 1063 1548 illum
1086 1487 1140 1570 qui

31 1581 269 1666 sapientissimus
302 1579 431 1667 affectat
452 1581 570 1658 uocari,
604 1603 625 1642 a
655 1578 737 1644 laico
772 1601 867 1666 usque
895 1580 938 1644 cd
961 1581 1140 1664 Pontificem

31 1677 448 1765 1'probnefas.')summum.
480 1677 637 1742 Pontifex
667 1699 815 1742 summus
842 1688 922 1742 tunc
947 1689 1017 1742 erat
1039 1680 1138 1744 Ioan-

30 1795 77 1838 nes
104 1776 183 1854 XII,
212 1777 268 1862 qui
291 1775 411 1840 Sedem
439 1775 665 1861 Apostolieam
693 1775 797 1863 ejecto
826 1775 938 1840 Leone
969 1776 1053 1840 VIII
1083 1779 1138 1841 ite·

30 1893 90 1937 rum
104 1873 309 1938 ascenderat.
340 1874 393 1939 De
417 1875 487 1960 ipso
507 1873 578 1937 sine
601 1872 702 1936 dubio
724 1871 938 1957 intelligenda
961 1885 1037 1938 sunt
1053 1896 1138 1960 quae

27 1967 115 2035 habet
125 1995 159 2038 n.
173 1973 224 2037 12.
248 1972 405 2057 Loquens
420 1971 461 2036 de
475 1970 708 2056 prohibitione,
724 1993 767 2036 ne
781 1970 905 2056 bigami
921 1971 1139 2037 admittantur

26 2067 61 2130 sd
73 2069 207 2152 clerum,
228 2071 351 2155 pergit:
376 2069 414 2134 Si
427 2091 491 2134 aon
510 2069 636 2154 bipomi,
653 2067 791 2154 qualiter
804 2069 1001 2156 multipami?
1023 2072 1054 2134 si
1074 2093 1139 2136 noa

26 2166 63 2229 od
82 2167 215 2246 cleram,
239 2167 391 2254 quomodo
408 2167 452 2232 ad
475 2165 704 2232 sacerdot-iam?
734 2167 818 2230 Pone
843 2177 948 2230 tomen
974 2167 1140 2252 quemlibet

25 2285 118 2328 eorum
125 2265 220 2352 sorte
236 2265 391 2352 bipamum
415 2275 487 2329 ante
502 2265 701 2342 clericatum,
717 2265 808 2349 sorte
832 2267 866 2328 im
881 2265 1030 2330 clericatu
1044 2269 1137 2332 eaesti

25 2363 88 2426 tisse
111 2361 282 2442 lascivum
304 2363 378 2427 inde
395 2373 471 2450 post
492 2362 701 2426 sacerdotium
716 2362 932 2440 multinubum,
949 2361 1137 2450 bellicosum,

21 2467 190 2551 perjuram,
213 2460 386 2540 venatibus,
404 2461 560 2546 scorpiis,
579 2459 679 2538 aleae,
698 2459 748 2522 vei
762 2459 940 2524 ebriositati
958 2460 1137 2540 obsonium,

23 2563 121 2646 repeti
134 2558 276 2648 quelibet
292 2561 452 2624 occasione
469 2557 514 2622 ad
528 2557 779 2643 Apostolieotum
793 2558 957 2622 Romanae
976 2557 1065 2624 itlius
1085 2557 1137 2624 Se·

22 2657 82 2721 dis.
95 2709 122 2722 ..
146 2659 210 2722 Iste
219 2659 316 2744 ipimr
331 2659 360 2722 ei
368 2658 403 2720 in
418 2655 717 2741 ispalitatepuble'oo
728 2704 736 2718 .
748 2703 756 2718 .
769 2703 777 2718 .
785 2653 1028 2741 satisfeceritis
1037 2657 1137 2744 Apoe

22 2755 109 2821 tolica
133 2755 217 2820 Sede
233 2753 363 2834 locatus,
388 2754 470 2840 qaod
493 2755 598 2838 cique
612 2753 775 2838 patienter
797 2763 832 2816 ct
841 2753 987 2838 plurima
1005 2757 1137 2841 permit·

23 2865 77 2916 tere
109 2854 196 2918 calet
219 2851 409 2937 lonpanimis
436 2853 538 2916 Deus:
570 2873 659 2936 quem
690 2851 718 2916 si
742 2873 795 2934 epo
824 2851 933 2916 adiero
965 2851 1060 2918 ueluti
1089 2854 1136 2916 in·

17 2956 158 3040 jur-ioum
183 2950 226 3014 ad
241 2951 330 3040 juris
353 2952 547 3028 ministrnm,
572 2959 602 3012 et
625 2947 680 3012 ilie
703 2949 792 3012 niues
814 2951 953 3038 injurias
975 2951 1137 3015 uindicare

20 3151 68 3232 pai
89 3172 138 3212 me
165 3157 229 3210 tom
251 3145 402 3231 saerilepe
425 3146 604 3235 injuriavit,
635 3145 690 3208 sed
712 3166 776 3208 non
799 3144 879 3209 adeo
902 3148 1018 3211 miste
1041 3147 1137 3234 (Pon-

21 3247 110 3328 tifex)
135 3245 255 3324 Deum,
289 3254 319 3310 et
343 3243 449 3308 omnio
464 3247 545 3330 jara
575 3253 638 3306 tum
662 3243 773 3306 diuina
796 3265 889 3328 queam
911 3245 1058 3323 bumana,
1077 3294 1083 3309 .
1103 3295 1135 3310 ..

20 3355 48 3406 ut
71 3345 243 3422 dimisero,
258 3343 287 3406 si
302 3342 363 3404 mei
374 3362 472 3405 causa
488 3339 612 3426 aliquid
626 3341 656 3404 ei
678 3340 790 3404 durius
805 3338 915 3404 saltem
928 3342 1136 3421 mandaverit,

19 3465 115 3506 nonne
139 3440 228 3505 illico
252 3439 308 3504 ille
325 3440 447 3525 poterit
470 3440 500 3503 ei
517 3437 704 3502 rescribere:
731 3435 817 3510 Quid
840 3450 945 3502 autem
966 3441 1054 3504 uides
1068 3441 1137 3526 fes-

19 3551 117 3604 meam
141 3541 178 3602 in
201 3536 289 3602 oculo
305 3537 428 3623 fratris
452 3537 513 3616 tui,
544 3535 663 3600 trabem
687 3546 789 3600 uatem
812 3560 890 3622 quae
914 3540 947 3602 in
972 3538 1060 3604 oculo
1085 3549 1136 3604 tuo

19 3649 147 3704 estnon
172 3635 371 3701 conuenae?
393 3671 437 3682 -·
461 3632 614 3698 Ostendit
637 3632 699 3714 his,
724 3643 948 3720 contemptum
973 3657 1136 3701 canonum

20 3736 182 3822 imprimis
206 3733 284 3798 inde
307 3733 493 3818 provenire,
518 3730 607 3820 quod
623 3731 778 3795 Pontifex
803 3753 945 3796 canones
960 3733 1050 3798 haud
1074 3756 1136 3797 ser-

21 3855 110 3914 vans,
136 3855 199 3898 nec
222 3831 303 3896 elios
319 3831 499 3895 efficaciter
515 3851 648 3896 monere
672 3831 785 3914 possit.
821 3829 914 3910 Quae
939 3852 1016 3894 vero
1033 3831 1137 3918 hypo-

18 3931 136 3996 thetice
158 3932 261 4016 ponit,
285 3928 459 3994 manifeste
475 3928 640 3995 Joannem
656 3927 724 3992 XII
748 3929 940 4012 spectant.²)
972 3929 1022 3994 Ita
1036 3931 1136 3994 etiam

29 4047 60 4052 .-
70 4045 271 4149 Μαι
288 4080 421 4146 Ratherii‚
439 4097 465 4148 p.
484 4079 545 4146 338,
564 4079 688 4133 Veronae
709 4077 785 4132 1765.

86 4161 110 4230 ²)
129 4161 251 4218 Josnnes
269 4159 324 4214 XII
348 4160 377 4216 iu
401 4161 521 4214 favorem
545 4158 670 4214 Retherii
695 4157 896 4224 intervenerat,
924 4159 1034 4230 ejusque
1060 4175 1136 4229 prse-

19 4251 92 4312 cepto
109 4259 140 4298 se
161 4242 318 4296 restitutum
336 4257 394 4296 esse
412 4241 441 4296 in
463 4241 525 4296 sede
543 4239 692 4294 Veronensi
712 4237 815 4292 indicat
834 4239 980 4296 Rstherins
1005 4241 1032 4294 in
1052 4242 1136 4308 Opus·

994 4351 1029 4403 6*
