2904 4834
310 489 366 543 384
627 487 715 542 XVII.
753 487 793 542 De
812 487 956 543 schismate
975 485 1116 542 Photiano.

309 631 425 696 cilium
458 631 708 696 oecumenicum
733 641 1004 717 congregaretur,
1040 632 1241 717 quaomnia
1274 629 1410 695 ecelesiae

311 730 450 794 vulnera
474 731 584 794 sanari
607 738 751 814 possent.
798 729 940 814 Magnae
968 738 1001 792 et
1024 727 1148 793 multae
1170 729 1314 814 profecto
1335 739 1411 792 erant

309 829 345 892 iu
370 826 565 892 ordinandis
589 824 874 912 Constantinopoli
906 825 1004 890 rebus
1034 825 1265 892 ecclesiasticis
1295 824 1410 891 difficul-

308 934 411 1006 tates,
437 934 469 988 et
492 946 557 1010 qua
580 925 707 989 ratione
731 923 898 1009 agendum
922 931 1007 988 esset
1031 945 1106 988 cum
1131 925 1294 1010 episcopis
1315 933 1345 988 et
1364 921 1410 986 cle·

308 1024 388 1087 ricis
419 1021 603 1087 Photianae
631 1023 733 1108 partis
757 1032 789 1088 et
812 1021 956 1086 schisma
987 1023 1118 1107 penitus
1142 1020 1411 1108 exstinguendum,
1440 1039 1441 1050 ²

309 1119 452 1184 arduum
489 1130 559 1184 erat
595 1119 749 1202 delinire3
790 1141 852 1184 nec
880 1121 950 1184 sine
980 1118 1120 1185 aliarum
1152 1118 1360 1184 ecclesiarum
1382 1140 1412 1181 sc

311 1219 456 1282 maxime
479 1217 620 1281 Romani
644 1215 817 1281 Pontificis
840 1235 1004 1282 concursu
1034 1219 1146 1282 omnis
1175 1217 1308 1304 disponi
1337 1238 1412 1302 posse
1440 1277 1441 1296 1

309 1313 522 1381 videbantur.
569 1315 624 1379 Ad
655 1336 725 1379 rem
757 1315 955 1382 Anastasius
987 1315 1023 1379 in
1055 1315 1163 1380 Praef.
1198 1313 1300 1380 Oeno.
1331 1313 1412 1377 VIII:

318 1413 430 1476 Verum
453 1414 529 1500 quia
551 1423 581 1475 et
603 1415 747 1498 lquatius
772 1413 914 1476 thronum
944 1434 1002 1500 qao
1023 1412 1305 1501 praejudicialiter
1324 1411 1415 1496 ficara
1440 1437 1441 1487 q

309 1509 462 1597 expulsas
485 1511 599 1597 absquo
622 1512 741 1574 iterata
758 1511 898 1597 potioris
920 1508 1023 1589 Sedis,
1046 1511 1083 1574 id
1106 1521 1152 1575 est
1173 1512 1308 1596 primae,
1331 1519 1414 1573 aruw-
1440 1519 1441 1586 l

308 1611 407 1672 ritate
430 1632 493 1673 aaa
516 1609 653 1695 recipere
673 1617 902 1696 proposuerat,
937 1619 966 1672 et
989 1609 1166 1694 Imperator
1190 1617 1312 1672 tautam
1339 1607 1415 1693 (prol
1440 1609 1441 1672 l

309 1707 440 1794 aefasl)
469 1705 632 1791 elabique
656 1707 833 1792 dirpersum
856 1729 877 1770 a
904 1701 1022 1770 Christi
1044 1706 1187 1770 Ecclesia
1211 1703 1415 1791 (scandaluml
1440 1707 1441 1776 l

309 1803 454 1889 peaerali
488 1803 652 1892 sataqelat
688 1803 853 1868 eradicare
890 1806 1062 1883 scatentia,
1102 1806 1202 1868 visum
1230 1815 1275 1868 cst
1302 1805 1417 1886 utrique,

312 1903 445 1966 Hereum
473 1911 502 1964 et
530 1903 574 1966 ad
601 1904 665 1965 tria
688 1902 894 1988 patriarchia
909 1902 985 1987 fore
1009 1901 1192 1966 mittendam
1220 1901 1370 1976 Orientis,
1395 1908 1417 1960 et

311 2023 333 2062 a
357 2001 460 2063 Roma
483 1999 606 2084 quidem
630 2000 757 2063 decreta
780 1998 1027 2085 dispeusator-ia,
1058 2010 1086 2062 et
1109 2001 1190 2062 sicut
1212 2009 1306 2062 eraru
1328 1997 1417 2082 adpo·

310 2119 381 2160 runs
412 2119 636 2182 causarumque
665 2097 886 2174 discretiones,
921 2098 968 2160 itu
1001 2107 1030 2160 et
1057 2118 1234 2182 poenarum
1266 2096 1418 2183 qssalitates

304 2194 573 2284 judicandarum,
606 2216 725 2258 aecuoa
756 2205 786 2257 et
804 2216 960 2280 personas
983 2195 1048 2257 eice
1063 2193 1236 2280 fauqsates
1260 2189 1418 2280 apostolice

307 2291 553 2376 postulandum,
585 2316 606 2355 a
630 2293 749 2356 tironis
773 2301 876 2356 autern
900 2289 1108 2356 orientalibus
1131 2313 1299 2356 carnencas
1325 2285 1418 2352 nils'lo·

312 2389 416 2452 miuus
444 2399 473 2453 et
489 2412 648 2476 personas
671 2388 887 2476 emendans)
934 2389 1071 2454 Direeta
1100 2390 1201 2475 igitur
1224 2399 1275 2454 est
1298 2377 1441 2452 Roman¹

181 2499 269 2550 namn
313 2484 356 2550 ab
381 2487 582 2574 Imperatore
607 2495 640 2552 et
663 2485 852 2573 patriarcha
874 2487 994 2572 legatio
1026 2510 1101 2551 cum
1124 2486 1242 2551 litteris
1265 2485 1376 2552 Basilii
1396 2495 1419 2542 et

140 2560 445 2668 mmmlgnatii,
470 2593 511 2668 et,
537 2587 622 2649 sicut
646 2587 799 2650 innuerat
813 2584 978 2666 Nicolaus,
1004 2585 1152 2671 adjuncti
1177 2594 1255 2648 sunt
1270 2586 1367 2648 etiam
1389 2601 1420 2643 cs

312 2693 405 2768 parte
428 2681 537 2747 Photii
563 2684 626 2747 viri
651 2681 734 2765 duo,
766 2683 822 2770 qui
851 2683 922 2769 ejus
953 2705 1086 2747 caueam
1111 2683 1234 2746 Romae
1259 2679 1420 2746 defendere

312 2789 453 2866 possent.
500 2779 592 2844 Missi
618 2791 710 2862 sunt,
743 2781 784 2844 ab
809 2780 1011 2867 Imperatore
1035 2780 1178 2845 Basilius
1198 2781 1340 2846 Pinaeas
1362 2801 1419 2864 sps·

310 2876 448 2960 thuriae,
477 2878 518 2942 ab
542 2877 672 2964 Ignatio
697 2877 844 2942 loannes
868 2877 978 2964 Sylaei
1004 2880 1039 2943 in
1062 2877 1251 2963 Pamphilia
1275 2887 1441 2963 metropol

311 2975 370 3040 lita
393 2986 425 3039 et
444 2975 560 3040 Petrus
582 2975 722 3040 Troadis
747 2977 935 3062 episcopus3
960 2999 1001 3040 ex
1024 2976 1167 3040 factione
1191 2985 1303 3040 autem
1328 2963 1441 3046 Pleni}

311 3073 428 3138 Petrus
452 3073 659 3160 metropolita
683 3073 857 3138 Sardensis
881 3083 913 3138 et
931 3074 1119 3139 Methodius
1143 3074 1336 3139 monachus.
1368 3071 1419 3138 sed
1440 3051 1441 3142 l

310 3169 428 3235 Petrus
452 3171 625 3237 Sardensis
649 3171 821 3256 naufragio
846 3172 932 3236 facto
958 3173 990 3236 in
1016 3173 1133 3237 itinere
1158 3171 1258 3258 obiit,
1282 3159 1441 3256 solusque?

311 3291 354 3333 ex
384 3279 476 3354 parte
506 3268 616 3333 Photii
648 3267 837 3333 MethodIus
864 3269 1003 3333 Romam
1037 3272 1204 3356 pervenit,
1239 3271 1295 3357 qui
1325 3267 1420 3334 Phoci

311 3389 431 3431 causae
464 3369 597 3454 iniquae
637 3365 762 3430 ibidem
794 3389 911 3452 parum
944 3367 1108 3454 profuiti)
1154 3365 1298 3432 Basilius
1330 3371 1420 3452 Impe-

1440 3487 1441 3530 l

386 3613 406 3683 ¹)
425 3613 516 3668 stbe
535 3613 612 3668 VIH.
633 3612 693 3667 966.

384 3701 459 3769 ²)In
492 3703 552 3756 Vita
572 3701 717 3754 Hadriani
741 3701 855 3756 dicitur:
888 3703 955 3770 „Sed
980 3703 1073 3758 divino
1103 3703 1205 3772 jndicio
1229 3704 1421 3760 disertissima

311 3787 417 3849 partem
436 3779 528 3835 Photii
553 3780 667 3849 pelagus
686 3781 803 3844 sorbuit.
831 3787 859 3836 et
878 3781 1103 3851 simplicissimam
1121 3789 1226 3852 partem
1244 3785 1350 3855 Ignoti
1373 3799 1420 3836 cna
1440 3777 1441 3814 l

312 3861 404 3930 legato
429 3860 563 3929 Imperiali
588 3859 691 3914 solvam
716 3861 847 3915 serravit.
891 3861 1041 3930 Nullusque
1069 3879 1102 3917 ex
1127 3863 1256 3932 neophyti
1279 3871 1356 3933 parte
1378 3861 1441 3926 n'ui¹

311 3941 499 4006 monachales,
525 3939 678 3994 Methodius
702 3941 822 4007 nomine,
847 3943 919 3997 solus
948 3943 1043 3998 evasit
1081 3944 1133 4011 Qui
1157 3945 1324 4012 posunodum
1349 3935 1441 4009 ncqurl

312 4021 439 4078 Phetium
463 4036 511 4089 pro
536 4021 612 4088 cnjus
637 4027 862 4089 ponteseram,
889 4039 975 4090 neque
994 4023 1134 4093 Ignotium
1159 4030 1254 4080 contra
1271 4039 1361 4091 quem
1383 4021 1419 4074 sel

311 4117 397 4168 neque
421 4100 584 4156 universalis
603 4100 738 4156 Ecclesiae
763 4100 797 4154 ad
822 4117 902 4168 quam
927 4111 1053 4168 smeret,
1076 4104 1140 4172 iura
1164 4105 1324 4174 suscipiens,
1350 4101 1421 4156 tertio

311 4187 468 4314 {onffids'
489 4181 571 4236 tertio
590 4179 719 4250 perfidIse
736 4181 889 4247 denotatus,
908 4184 990 4276 semel
1003 4184 1257 4249 anathematizatus,
1275 4183 1418 4238 suase:
1440 4191 1441 4252 l
