2922 4832
311 493 363 546 192
544 496 605 551 XX.
624 497 664 550 De
684 501 760 550 stetu
779 496 851 550 Ecol.
871 497 959 551 medio
977 513 1045 553 1111
1064 499 1213 555 undecimo.

400 638 453 702 39.
500 638 736 724 Dependentia
767 639 824 704 illa
855 641 1032 706 creationis
1064 644 1293 729 episcoporum
1316 645 1354 710 ab
1373 671 1410 711 sr-

310 733 409 799 bitrio
433 738 641 823 principum,
675 739 854 824 praccipue
884 737 1080 803 firmabatur
1111 741 1278 806 mediante
1300 745 1410 808 saeculo

311 832 486 899 undecimo
510 836 773 900 Invenitur-arum
794 838 860 900 ritu
885 847 918 900 et
941 859 1018 920 usu,
1051 840 1104 902 eui
1129 842 1229 904 etiam
1249 841 1411 927 jungeban-

150 952 294 998 uvautuas
310 939 364 994 tur
387 931 527 996 hominii
552 943 585 997 et
608 934 776 998 fidelitatis
800 945 1024 1018 sacramenta,
1056 958 1141 1022 quae
1173 940 1319 1025 episcopi
1341 943 1410 1026 priu-
1451 1003 1452 1008 ,

185 1025 253 1076 ⁰³³⁰·
310 1028 440 1115 cipibus
463 1031 685 1120 praestabant.
710 1046 757 1080 -“
777 1033 926 1097 Primum
957 1032 1104 1098 breviter
1127 1058 1412 1116 commemoremus,

309 1129 398 1194 unde
421 1129 643 1194 Investiturae
667 1131 870 1195 consuetudo
902 1141 1018 1196 oxortu
1042 1133 1094 1197 sit.
1140 1133 1307 1199 Videlicet
1328 1159 1411 1224 quum
1451 1189 1452 1226 ,

309 1229 454 1312 episcopi
489 1237 522 1291 et
552 1227 690 1292 abbates
719 1228 754 1293 in
785 1227 966 1294 Germania
1003 1234 1197 1314 praesertim
1232 1243 1357 1319 praeter
1382 1259 1414 1298 ea
1451 1279 1452 1292 ,

308 1326 406 1408 bona,
431 1347 515 1412 quae
540 1336 633 1390 erant
659 1327 781 1392 allodia
804 1349 862 1391 seu
893 1330 1077 1412 proprietas
1108 1331 1256 1415 perfecta
1280 1332 1412 1396 eeclesia·
1451 1375 1452 1416 ,

309 1447 381 1489 rum
407 1433 438 1488 et
468 1426 758 1506 monasteriorum,
792 1427 893 1490 etiarn
926 1424 1069 1510 plurima
1104 1428 1311 1512 possiderent
1342 1431 1414 1495 bona

309 1547 394 1610 quae
418 1533 512 1587 eraut
534 1522 635 1586 feuda
658 1525 751 1607 regni
777 1523 971 1609 imperiive,
1004 1526 1142 1609 praedia
1166 1528 1302 1613 quidem
1324 1541 1354 1592 et
1373 1530 1413 1592 sil·
1451 1515 1452 1576 l

309 1645 378 1705 vas,
404 1621 546 1703 castella,
571 1621 678 1704 urbes,
704 1623 880 1686 comitatus
894 1631 994 1708 atque
1009 1622 1169 1690 ducatus:
1193 1649 1335 1712 aequum
1349 1639 1413 1695 1111

308 1731 345 1786 nt
368 1743 444 1784 eum
469 1719 516 1785 illi
541 1721 576 1784 in
600 1722 640 1784 iis
663 1720 744 1784 locis
768 1721 932 1784 dominari
958 1723 1161 1807 inciperent,
1193 1724 1413 1810 Imperatorem
1451 1775 1452 1778 η

308 1818 362 1884 vel
385 1821 571 1904 principem
595 1818 741 1902 adirent,
775 1827 875 1904 atque
905 1817 948 1881 ab
973 1840 1012 1882 eo
1037 1819 1221 1885 dominium
1246 1823 1279 1886 in
1305 1845 1358 1886 eas
1378 1847 1414 1886 re·

307 1921 421 2003 311111
467 1919 691 2002 impetrarent.
759 1916 825 1982 Sed
868 1915 958 1980 bunc
1000 1919 1035 1980 in
1084 1919 1184 1982 linem
1246 1921 1415 1985 invaluerat
1451 1973 1452 1994 ,

308 2015 511 2080 consuetudo
535 2013 768 2098 investiturae,
794 2036 878 2100 quae
901 2015 997 2078 initio
1022 2016 1168 2102 quidem,
1194 2021 1347 2104 quamvis
1367 2020 1415 2083 Ec·
1451 1999 1452 2024 ¹

308 2115 427 2178 elesiae
455 2114 629 2198 principiis
660 2134 727 2178 non
760 2123 846 2177 esset
876 2113 1054 2178 conformis
1087 2125 1120 2178 et
1149 2117 1289 2201 periculi
1324 2119 1415 2204 plenu,
1451 2127 1452 2130 ’

307 2225 418 2277 tamen
442 2211 573 2276 tolerari
598 2220 745 2296 poterat,
782 2233 885 2296 quum
917 2210 1041 2276 abusus
1073 2223 1106 2276 et
1134 2214 1336 2280 detrimenta
1356 2239 1416 2302 pru·
1451 2243 1452 2276 ;

308 2312 421 2376 dentis
445 2310 634 2396 praesulum
668 2319 701 2373 ct
733 2310 922 2394 principum
956 2310 1078 2394 pietate
1110 2325 1320 2378 caverentur.
1363 2313 1416 2380 Sed
1451 2305 1452 2396 l

308 2409 449 2473 decursu
472 2410 632 2494 temporis
656 2429 814 2492 arrogans
830 2417 863 2470 et
885 2406 1026 2492 illegalis
1043 2408 1225 2474 dominatio
1241 2413 1415 2498 principun
1451 2433 1452 2488 i

307 2507 423 2572 eisdem
448 2508 593 2571 maxime
617 2506 757 2588 firmata,
783 2515 815 2570 et
838 2504 1062 2590 dependentia
1085 2505 1303 2574 ecclesiarum
1318 2519 1351 2574 et
1365 2531 1417 2573 nio·
1451 2507 1452 2594 1

307 2608 525 2671 nasteriorum
549 2604 591 2669 ab
616 2604 747 2669 illorum
771 2603 907 2669 arbitrio
933 2603 1143 2668 corroborata
1167 2617 1226 2672 est.
1451 2597 1452 2620 l

395 2721 448 2786 40.
496 2719 621 2784 Vasalli
652 2718 728 2784 laici
753 2727 789 2782 ut
812 2741 946 2783 suorum
970 2719 1143 2784 feudorum
1170 2721 1418 2788 (1111111111-

251 2821 257 2834 '
306 2821 486 2906 quirerent,
519 2817 668 2882 solebant
699 2817 867 2902 genuflexi
896 2839 1007 2880 coram
1036 2819 1186 2903 principe
1211 2820 1418 2906 manibusque

305 2919 529 2982 111111111111
562 2915 650 2980 illius
682 2914 853 2996 manibus,
888 2915 1081 2999 homagium
1114 2938 1170 2980 seu
1202 2918 1418 3003 juramentum

304 3015 474 3080 fidelitatis
497 3014 682 3079 vasallitiae
705 3023 883 3099 praestare,
913 3036 953 3077 ac
978 3013 1055 3078 dein
1080 3013 1263 3099 symbolice
1289 3039 1348 3103 per
1368 3028 1416 3078 tra·
1451 3005 1452 3094 l

305 3114 465 3179 ditionem
490 3112 604 3177 vexilli
636 3111 805 3197 verbaque
839 3112 1074 3177 convenientia
1107 3113 1198 3178 feudi
1224 3116 1417 3199 possessione
1451 3097 1452 3160 l

306 3213 469 3278 investiri.
515 3211 601 3276 Inde
631 3212 787 3295 provenit
818 3210 1042 3288 consuetudo,
1075 3222 1112 3274 ut
1145 3213 1246 3276 etiam
1286 3213 1417 3298 episcopi
1451 3191 1452 3250 l

305 3320 484 3396 antequam
510 3319 786 3374 consecrarentur
808 3309 850 3372 ad
875 3311 1060 3394 principem
1085 3309 1295 3392 accederent,
1328 3326 1362 3374 ut
1383 3313 1417 3372 in·

305 3410 500 3473 vestituram
526 3410 725 3494 acciperent.
765 3407 944 3493 Quumque
968 3406 1081 3471 vexilli
1106 3406 1215 3472 bellici
1242 3407 1416 3494 symbolum

305 3509 416 3571 minus
440 3509 643 3570 conveniens
674 3505 846 3570 videretur
877 3527 936 3590 pro
961 3507 1042 3569 viris
1067 3505 1317 3592 ecclesiasticis,
1342 3509 1417 3572 inva-

302 3604 365 3668 luit
387 3627 475 3686 usus,
501 3615 537 3668 ut
560 3607 722 3690 praestito
747 3603 901 3688 homagio
931 3604 1127 3668 investitura
1151 3604 1244 3669 fieret
1281 3628 1341 3692 per
1369 3617 1416 3666 111-

304 3703 464 3768 ditionem
489 3702 605 3766 annuli
631 3713 663 3766 et
686 3701 797 3766 baculi
814 3701 997 3787 pastoralis,
1022 3701 1153 3788 adjecta
1176 3703 1323 3770 formula
1346 3723 1415 3789 quae

302 3801 355 3865 his
379 3803 482 3886 signis
506 3800 738 3886 respondebat.
785 3801 850 3864 Per
873 3822 907 3864 se
931 3800 1066 3886 quidem
1092 3821 1167 3865 curn
1193 3801 1357 3887 ejusmodi
1379 3803 1414 3862 in-

302 3902 462 3964 vestitura
486 3899 656 3974 electionis
680 3897 826 3978 libcrtas,
859 3920 916 3962 sen
940 3897 1111 3962 Ecclesiae
1129 3900 1208 3985 jura
1233 3901 1269 3964 in
1296 3901 1414 3964 creatio-

301 4019 378 4064 nem
402 3999 632 4083 episeoporum
657 3999 835 4061 consistere
863 4005 1033 4082 poterant,
1068 4007 1166 4085 atque
1199 4001 1327 4084 passim
1350 3999 1414 4060 satis

300 4118 339 4162 ea
364 4107 494 4160 servata
517 4107 603 4177 sunt,
628 4094 760 4181 quando
786 4093 901 4158 electio
926 4093 1031 4158 libera
1049 4097 1284 4160 investituram
1300 4117 1414 4182 praecr-

301 4194 406 4260 cebat.
454 4193 520 4260 Sed
544 4193 712 4257 mediante
737 4191 867 4256 saeculo
885 4191 1064 4258 undecimo
1088 4195 1259 4280 principes
1284 4194 1412 4258 maxims

300 4292 399 4379 hujus
423 4293 639 4356 investiturae
674 4312 737 4376 ope
761 4292 992 4354 auctoritatem
1017 4313 1110 4357 suam
1134 4303 1166 4357 et
1188 4293 1364 4358 arbitrium
1385 4295 1410 4352 in
