3002 4836
459 517 649 574 Controversia
666 519 695 574 iu
713 519 811 576 Gallia.
1161 521 1192 574 71

101 659 252 726 Meum
272 664 340 727 Deo
361 661 519 749 placitam
540 662 758 728 indubitanter
781 662 876 727 libere
896 661 1126 749 profitemufl).
1152 701 1195 710 -

100 756 208 822 Essem
230 759 297 824 fere
322 761 448 826 ratione
473 761 506 825 in
528 760 640 826 Libris
657 760 819 826 Carolinis
833 761 873 825 L.
890 759 935 826 11.
951 783 978 824 c.
996 760 1195 826 statuitur:

102 855 234 940 imaus
255 879 349 923 saue.
363 907 390 922 ..
416 858 483 923 aB.
512 857 665 945 Gregorio
689 860 854 924 Romanae
880 856 968 922 urbis
992 857 1143 923 Antistite
1168 870 1197 922 et

101 952 439 1042 manupretiosum
461 968 491 1021 et
505 955 632 1044 frangi.
656 1005 664 1021 .
686 957 790 1021 ,Ecce
813 977 872 1042 qrto
897 957 1077 1044 magisterio
1102 980 1197 1042 quoue

99 1047 456 1119 maurenascae·
478 1054 641 1139 Pouts'flcis
673 1055 794 1134 imbuti,
827 1055 979 1138 imagines
1002 1056 1035 1118 iu
1060 1055 1197 1119 ecdsuis

98 1143 190 1210 babere
211 1173 273 1214 uon
296 1155 471 1232 renuimus,
503 1153 559 1217 sed
582 1176 690 1217 earum
713 1153 933 1216 adorationem
949 1175 1084 1238 proruta
1108 1151 1196 1217 abdi·

97 1247 223 1330 corsua).

171 1343 221 1410 83.
242 1345 332 1412 Galli
365 1349 405 1412 3ο
438 1349 518 1414 dum
541 1349 697 1435 rejiciunt
724 1347 850 1414 cultum
874 1368 1064 1434 supremum
1088 1357 1120 1414 et
1143 1349 1195 1413 ab·

95 1437 214 1506 aluum
237 1465 405 1512 sacrarum
428 1449 612 1533 imaginum
636 1459 673 1512 ut
696 1449 856 1533 ineptum,
881 1446 1025 1532 dumque
1049 1454 1197 1512 staurunt

95 1537 241 1624 imng'nes
264 1545 390 1608 servari
407 1544 450 1609 ob
473 1547 666 1611 memoriam
684 1555 716 1609 ot
739 1565 886 1608 amorem
898 1543 1106 1626 Sanctorum,
1130 1566 1196 1609 non

93 1634 258 1704 advenum
281 1641 325 1705 ad
349 1643 472 1707 cultum
498 1642 590 1708 illum
607 1643 811 1724 inferiorem,
827 1642 1036 1728 analogicum
1060 1651 1093 1706 et
1114 1643 1196 1706 rela-

94 1734 186 1814 tieuu,
209 1739 266 1822 qui
291 1738 382 1804 licite
406 1741 608 1826 imaginibus
621 1749 816 1828 praestatur.
864 1740 974 1826 Atque
998 1761 1100 1826 quum
1124 1763 1197 1826 sup-

92 1844 204 1914 ponent
224 1857 245 1898 a
269 1833 420 1903 Concilio
443 1839 592 1904 Nicaeno
625 1838 750 1904 cultum
781 1837 968 1902 absolutum
992 1847 1024 1902 et
1046 1839 1198 1924 supersti-

91 1929 197 1996 tiosum
221 1933 426 2018 imaginibus
449 1959 519 2001 esse
536 1937 715 2018 decretum,
739 1937 863 2022 passim
877 1937 924 2001 itu
946 1936 1134 2023 loquuntur,
1159 1959 1198 2001 ac

91 2029 112 2090 si
132 2027 213 2094 alius
235 2030 348 2097 cultus
371 2055 435 2098 uon
460 2034 647 2113 haberetur,
667 2045 699 2098 et
722 2033 861 2121 proinde
885 2034 992 2099 cultus
1016 2035 1198 2120 imaginum

90 2128 260 2194 universim
296 2151 364 2194 non
387 2135 589 2198 conveniret.
635 2131 823 2200 Ostendunt
853 2143 964 2196 tamen
989 2133 1077 2213 satis,
1103 2153 1198 2196 vene-

90 2227 239 2290 rationem
264 2227 413 2314 aliquam
437 2231 603 2295 relatiuam
617 2253 676 2318 per
690 2253 725 2296 se
747 2230 838 2295 haud
861 2230 1012 2296 illicitum
1036 2251 1116 2312 esse,
1141 2229 1198 2294 sed

88 2343 152 2387 eam
174 2325 359 2391 traducunt
381 2339 418 2392 ut
440 2329 657 2414 periculosum
674 2339 707 2394 et
730 2327 952 2393 multitudiuis
976 2327 1128 2393 indoctae
1152 2327 1198 2390 in-

88 2420 221 2488 tellectui
253 2425 529 2493 inaccessibilem.
575 2428 670 2492 Putet
701 2449 753 2491 res
784 2449 826 2491 ex
859 2427 899 2491 iis
927 2447 1012 2513 quae
1034 2423 1200 2490 habentur

88 2519 117 2584 in
135 2519 312 2604 Carolinis,
336 2523 375 2589 L.
400 2524 462 2589 III.
486 2548 514 2590 c.
541 2526 599 2590 16:
644 2525 730 2589 Dum
751 2525 833 2590 utlaii
864 2548 922 2590 uos
950 2545 1134 2611 spernamus
1164 2525 1199 2588 iu

87 2619 272 2706 imaginibus
298 2633 430 2707 praetur
465 2624 741 2701 adorationem,
775 2625 890 2710 quppe
920 2624 974 2709 qui
1001 2623 1035 2686 iu
1059 2620 1199 2687 basilicis

87 2711 267 2782 &actorum
294 2721 445 2806 imagines
477 2743 540 2786 acu
570 2721 614 2785 ad
637 2721 852 2800 adoraudum,
875 2721 932 2784 sed
955 2721 999 2784 ad
1020 2721 1200 2785 numeriam

85 2837 179 2879 rentur
200 2829 363 2904 gestarum
385 2829 415 2882 et
437 2829 630 2882 vestustatem
651 2819 815 2904 parietum
836 2819 948 2883 babere
966 2818 1200 2905 permittimus5

85 2910 131 2976 illi
149 2938 221 2979 ocra
240 2939 350 3003 paene
373 2938 492 2980 omnem
515 2939 591 2980 suae
614 2916 814 2981 credulitatis
845 2939 931 3003 spem
952 2918 989 2981 iu
1011 2915 1199 3000 imaginibsu

85 3009 238 3092 colluunt,
264 3025 373 3092 restat,
396 3025 432 3078 ut
453 3037 510 3078 uae
527 3013 659 3078 Sauctos
682 3016 717 3078 iu
740 3038 846 3078 corum
859 3014 1052 3102 corporibus,
1077 3013 1125 3078 cel
1141 3037 1200 3101 po·

86 3112 141 3174 tius
162 3111 314 3198 reliquiis
335 3135 391 3176 seu
413 3114 508 3176 etiam
531 3114 721 3178 uestimentis
743 3135 941 3191 ueneremur,
971 3110 1021 3177 illi
1049 3134 1121 3176 uero
1140 3135 1200 3197 pa·
1316 3130 1320 3138 '

86 3263 162 3274 ----·
196 3269 265 3275 -.—

151 3347 170 3393 11
187 3343 286 3398 labbe
304 3343 364 3398 Vli
384 3343 431 3399 ool.
453 3345 513 3400 960.

150 3423 171 3492 ί)
190 3424 364 3478 Prorocmur
390 3424 418 3478 in
445 3429 561 3491 utroque
584 3429 662 3478 textu
688 3423 722 3478 sd
749 3422 890 3492 epistolam
913 3421 939 3479 S.
966 3421 1092 3493 Gregorii
1110 3423 1146 3479 ii.
1166 3422 1200 3477 ad

83 3501 204 3558 Severum
222 3503 364 3559 Mutiliae
382 3503 543 3572 episcopua
580 3502 679 3558 Scribit
696 3503 782 3558 eidem
799 3501 944 3558 Pontifex:
965 3501 1082 3570 „Indica
1100 3502 1200 3558 dudum

83 3581 113 3634 ui
130 3598 178 3638 nos
195 3583 364 3652 porsennae,
384 3584 453 3652 quod
470 3584 631 3640 fraternitas
654 3589 748 3638 vestra
765 3582 892 3652 quodam
910 3582 1060 3652 imaginum
1078 3583 1201 3638 adorata

83 3675 120 3716 res
137 3662 284 3732 upieienu
308 3663 415 3718 eudem
440 3663 571 3719 ecclesiae
598 3663 731 3733 imagines
749 3661 886 3732 confregit
904 3667 987 3733 etque
1004 3661 1126 3731 proiecit
1163 3663 1201 3718 Et

83 3741 183 3807 quous
202 3743 294 3799 zelum
313 3759 369 3809 vos,
387 3759 423 3798 ne
440 3743 504 3812 quid
523 3743 708 3798 manufactum
727 3742 834 3797 adorari
851 3741 945 3810 possit,
963 3741 1089 3798 habuisse
1107 3741 1200 3797 lunda·

83 3835 147 3888 nus,
174 3824 224 3880 sed
252 3823 382 3892 frangere
408 3823 514 3879 easdem
533 3823 666 3893 imagines
693 3838 746 3878 non
766 3822 890 3877 debuisse
904 3821 1062 3892 judicemus.
1098 3821 1201 3883 ideirco

82 3903 149 3958 enirn
167 3905 280 3972 uiscus
296 3903 325 3958 iu
344 3903 463 3958 mdesiis
481 3903 636 3968 adhibetur,
658 3910 691 3958 ut
709 3903 744 3968 ni,
764 3903 810 3970 qui
829 3903 937 3958 litteras
954 3902 1086 3968 rudunt,
1104 3903 1201 3958 saitem

83 3981 107 4034 in
133 3983 288 4052 metibus
315 3984 412 4054 legant
438 3999 507 4052 qnae
531 3985 622 4053 legere
648 3985 677 4040 iu
695 3982 829 4038 mdioibus
847 3997 900 4036 uon
919 3982 1019 4036 raleut
1056 3982 1116 4038 'I'ua
1135 3998 1201 4052 ergo

84 4061 242 4119 mumius
261 4074 291 4119 et
308 4064 370 4118 illas
388 4079 497 4119 servsre
515 4071 545 4118 et
563 4064 597 4118 ab
610 4079 702 4119 earum
722 4063 837 4116 adoratu
855 4061 981 4130 populum
998 4062 1140 4130 probibere
1157 4063 1202 4117 de·

84 4141 150 4210 bnit;
169 4155 308 4212 austenm
327 4151 356 4199 et
375 4145 528 4200 litterarum
556 4144 640 4199 nescii
666 4143 805 4208 habereut,
824 4142 895 4196 unde
913 4142 1053 4196 scientiam
1071 4141 1201 4198 historiae

84 4223 248 4294 colligerent,
261 4231 292 4278 et
309 4225 423 4293 populus
441 4225 469 4280 in
489 4225 611 4294 picturae
623 4224 782 4280 adoratione
800 4221 1066 4290 minimepecoaret“
1096 4222 1125 4277 L.
1136 4221 1199 4278 vn.

84 4319 121 4372 ep.
144 4307 201 4358 111.
226 4333 255 4346 -·
276 4305 308 4359 ln
328 4305 383 4360 isto
401 4306 517 4374 epistola
534 4305 568 4359 de
585 4307 775 4374 arpersts'ts'csu
798 4302 956 4358 adoratione
973 4301 1123 4372 imaginum
1141 4302 1200 4370 agi·
