3032 4844
296 469 331 524 38
645 473 685 527 De
702 473 807 528 haeresi
826 475 1062 530 Iconoclastarnm.

297 613 465 678 Ecclesiae
491 615 659 679 Romanae
691 617 725 680 in
757 617 911 682 Calabria
943 628 976 682 et
999 618 1112 684 Sicilia
1145 622 1208 684 sita
1231 621 1430 707 imperator·

298 713 331 776 in
356 712 471 775 fiscum
507 711 644 797 redegit.
690 714 864 778 Praeterea
891 724 960 778 tum
985 715 1132 780 Siciliam
1157 728 1190 780 ct
1213 716 1422 798 Calabriam,

298 821 364 873 tum
381 810 918 895 dioeceseslllyricianasRomano
933 813 1140 898 patriarchae
1149 823 1228 878 tunc
1240 818 1428 898 tyrannice

297 907 470 988 subtraxit,
496 919 527 970 et
552 907 684 974 CPtano
708 909 868 990 attribuit,
902 922 1001 996 atque
1030 912 1075 974 ita
1098 911 1245 976 futurum
1269 912 1426 979 schisma

297 1008 516 1092 praeparavit.
541 1007 736 1074 Provincias
757 1010 845 1072 enim
862 1008 934 1072 illas
949 1008 1165 1092 Illyricianos,
1191 1029 1272 1094 quas
1285 1009 1423 1074 dudum

291 1104 362 1189 jam
396 1104 602 1189 patriarchae
628 1103 752 1171 OPtani
780 1107 999 1192 appetebant,
1028 1106 1091 1170 hac
1118 1106 1245 1170 ratione
1268 1129 1328 1193 per
1350 1109 1423 1172 Im-

297 1212 479 1286 peratorem
504 1201 705 1267 haereticum
729 1203 1029 1291 acquisiverunt¹),
1059 1225 1121 1268 neo
1144 1213 1258 1290 postea
1281 1205 1426 1272 easdem

297 1297 461 1362 dimittere
478 1299 654 1364 voluerunt
673 1305 772 1366 etiam
788 1301 994 1389 patriarchae
1017 1301 1202 1368 orthodoxi.
1231 1339 1274 1350 -
1303 1301 1424 1369 Conti-

294 1398 412 1460 nnavit
435 1397 502 1460 Leo
527 1397 660 1463 [saurus
687 1399 811 1465 bellum
839 1410 953 1464 contra
985 1420 1094 1463 sacras
1120 1401 1280 1484 imagines
1308 1423 1425 1488 usqne

292 1495 335 1559 ad
359 1505 496 1559 mortem
520 1518 605 1581 qnae
628 1519 657 1562 a.
681 1499 744 1562 t41
769 1499 900 1564 accidit.

124 1609 283 1654 nemeaea
381 1593 434 1656 42.
459 1593 593 1678 Imperii
617 1605 650 1657 et
673 1597 852 1680 impietatis
875 1594 1050 1659 haeredem
1075 1593 1193 1660 habuit
1214 1595 1283 1661 Leo
1307 1596 1421 1662 filium

142 1683 263 1723 'mm'
300 1689 538 1754 Constantinam
568 1691 895 1779 V(Copronymnm).
924 1693 957 1757 Is
981 1715 1046 1757 non
1071 1695 1180 1758 minus
1203 1715 1303 1780 qnam
1319 1705 1424 1779 pater

296 1809 405 1851 sacras
429 1789 591 1872 imagines
614 1791 741 1872 oderat,
766 1812 882 1854 vertam
906 1791 1021 1876 primis
1042 1790 1175 1876 Imperii
1198 1793 1296 1856 annis
1319 1813 1421 1856 oocu-

293 1897 390 1970 patus
423 1887 485 1950 fuit
517 1886 712 1952 debellando
737 1887 938 1970 Artabasdo,
972 1891 1028 1974 qui
1053 1909 1073 1952 a
1097 1887 1208 1952 multis
1230 1888 1422 1974 Imperator

292 2022 501 2031 -u--m-

295 2095 442 2164 gobardoe,
466 2103 498 2152 ut
516 2099 648 2154 Ravenna
665 2115 745 2166 qnam
772 2107 970 2170 occupaverant
988 2100 1162 2165 liberaretur,
1185 2101 1329 2168 scriptores
1347 2115 1420 2156 raro

296 2183 375 2232 aestu
394 2178 508 2244 quodam
527 2179 652 2247 abreptos
679 2180 712 2234 ob
739 2180 836 2236 Leonis
864 2180 1043 2248 impietatem,
1061 2195 1175 2250 pravum
1192 2181 1270 2236 iilum
1288 2181 1368 2236 linem
1388 2182 1417 2238 ei

296 2257 477 2325 adscripsisse.
496 2289 530 2300 «-
550 2259 600 2316 Sed
618 2261 773 2329 conjectura
790 2262 857 2316 haec
874 2267 917 2318 est
933 2261 1014 2318 nimis
1032 2261 1184 2317 arbitraria

294 2416 426 2473 dioeceses
446 2418 575 2474 Graeciae
602 2426 721 2489 urgeret,
747 2421 791 2475 vel
819 2421 871 2490 ipsi
897 2420 1062 2476 schismatici
1087 2419 1183 2475 Graeci
1209 2420 1416 2489 usurpationem

291 2496 365 2557 illam
375 2497 494 2552 CPtanis
512 2500 715 2568 exprobrarunt
737 2499 935 2568 ,uest-adire,
954 2499 1150 2568 aitPitzIpios,
1169 2499 1300 2570 L’Eyliae
1316 2501 1415 2553 mirra.

293 2579 322 2634 P.
342 2578 364 2634 I.
383 2595 409 2646 p.
430 2582 471 2645 1⁶2,
491 2580 834 2636 commel’Arohimandrite
848 2581 1042 2646 Pharmacides,
1053 2580 1205 2649 proiessenr
1222 2579 1255 2634 de
1273 2579 1417 2648 theologie

292 2658 499 2714 sl'universite
523 2660 679 2727 d'Athenes,
708 2661 750 2716 dit
773 2666 828 2716 tres
844 2651 1057 2730 juridiqbement
1082 2661 1148 2714 dans
1173 2661 1199 2714 Io
1218 2663 1329 2728 repense
1347 2659 1415 2726 qu'il

291 2755 308 2792 a
326 2737 395 2794 faite
413 2755 449 2794 au
467 2740 558 2809 cler-ga
576 2742 609 2796 de
628 2742 850 2812 Constantinople
879 2757 926 2796 sur
944 2741 972 2796 la
990 2739 1137 2810 pretendue
1152 2739 1311 2807 juridiction
1331 2739 1364 2794 de
1383 2756 1417 2796 ce

292 2819 380 2888 elergd
398 2837 445 2876 sur
463 2820 500 2874 les
520 2821 636 2876 dioceses
654 2823 689 2878 du
708 2838 836 2890 royaume
854 2821 887 2876 de
905 2822 933 2875 la
945 2821 1041 2886 Grece,
1060 2835 1098 2873 un
1117 2835 1256 2886 empereur
1274 2818 1418 2886 teretique

292 2899 436 2954 retrancha
459 2917 502 2956 ces
524 2903 641 2956 dioceses
665 2899 726 2956 d'un
745 2903 818 2972 Pape
837 2901 982 2956 orthodoxe
1007 2915 1074 2968 pour
1099 2900 1136 2953 les
1156 2899 1257 2953 donner
1275 2901 1292 2952 a
1310 2913 1346 2953 un
1365 2913 1417 2966 pa-

294 2980 411 3036 triarche
429 2981 567 3048 teretique
586 2997 685 3036 comme
703 2983 743 3036 lui
762 2981 970 3052 (Pharmacides,
990 2980 1150 3042 Antitamaa,
1164 2979 1285 3034 Athenas
1306 2979 1415 3049 1850))ι

295 3057 474 3116 Recolendum
492 3069 542 3128 est,
561 3061 698 3129 Illyricum
717 3061 801 3116 inisse
827 3076 909 3116 unam
933 3074 949 3114 e
967 3063 1083 3130 quatuor
1100 3059 1207 3128 magnis
1225 3057 1415 3126 praefecturis,

295 3139 323 3194 in
342 3156 409 3208 quas
420 3141 615 3196 Constantinus
633 3141 774 3210 imperium
792 3142 900 3196 divisit:
919 3140 1029 3204 Oriens,
1047 3137 1193 3205 Illyricum,
1203 3139 1294 3206 Italia,
1312 3138 1415 3196 Gallia

291 3220 357 3275 Inde
376 3237 393 3274 a
410 3221 559 3278 Theodosio
577 3221 716 3290 Illyricum
742 3222 858 3292 Imperio
886 3218 1012 3275 orientali
1031 3217 1166 3287 adjectum
1185 3227 1234 3276 est.
1272 3219 1417 3274 Dioeceses

291 3299 463 3369 Illyricianae
482 3308 573 3358 autem
592 3303 626 3356 ad
644 3301 843 3370 patriacharum
862 3303 1011 3356 Romanum
1030 3295 1216 3368 pertinebant,
1235 3298 1416 3365 vicariusque

293 3381 321 3437 in
341 3381 406 3450 ipsis
425 3399 442 3435 a
460 3383 580 3436 Romano
599 3381 730 3436 Pontifice
753 3382 909 3450 plerumque
933 3380 1071 3448 episcopus
1088 3376 1333 3432 Thessalonicensis
1352 3391 1416 3431 oon-

290 3461 462 3516 stitnebatur
503 3461 626 3516 Studium
654 3477 718 3516 vero
744 3462 960 3530 patriarcharum
987 3459 1159 3513 GPtanornm
1185 3457 1363 3526 jamdudum
1381 3473 1417 3512 eo

293 3541 434 3608 tendebat,
453 3547 485 3596 nt
504 3541 642 3610 Illyricum
660 3557 724 3596 suae
749 3541 932 3612 jurisdictioni
956 3539 1128 3610 subjicerent.
1165 3537 1335 3596 monetam
1353 3552 1414 3592 esse

291 3621 434 3689 putabant,
447 3629 479 3677 ut
497 3622 560 3678 illae
578 3621 732 3690 provinciae
750 3623 785 3676 ad
801 3621 945 3692 Imperium
956 3618 1087 3674 orientale
1105 3617 1273 3686 pertinentes
1290 3617 1416 3672 Romano

292 3701 491 3768 patriarchatui
509 3703 658 3759 subessent.
677 3732 710 3742 —
730 3702 861 3772 Singulae
878 3699 1033 3770 provinciae
1052 3702 1226 3752 recensentur
1244 3698 1272 3752 in
1296 3697 1416 3764 epistola

290 3781 395 3836 Nicolai
414 3779 429 3836 1
447 3779 481 3834 ad
499 3781 656 3837 Michaelem
674 3781 884 3852 Imperatorem,
912 3795 965 3848 qna
983 3777 1103 3848 postulat
1120 3781 1153 3830 ut
1170 3777 1278 3832 eaedem
1295 3775 1416 3844 patriar-

291 3861 383 3916 chatui
402 3861 523 3917 Romam
540 3862 733 3920 restituantur.
772 3863 938 3930 „Aanunm
964 3873 1071 3923 morem,
1099 3855 1201 3922 scribit,
1221 3871 1300 3923 quern
1317 3861 1415 3910 nostra

292 3941 404 3997 eeclesia
422 3941 524 4009 babuit,
543 3942 644 3997 vestris
657 3942 822 4011 temporibus
832 3947 986 3996 restaurare
996 3936 1154 4008 dignemini,
1173 3949 1307 4004 quaecum
1326 3936 1414 3992 vicem

290 4036 339 4090 per
358 4023 478 4091 Ept'rant
496 4028 604 4076 alerem
623 4023 793 4092 Epirumqae
811 4039 916 4085 matare,
937 4026 1017 4087 ‹rtqne
1037 4017 1188 4088 Illyricam,
1208 4017 1410 4070 Macedoniam,

294 4102 471 4168 Thessaliam,
491 4103 624 4156 Achaiam
630 4142 638 4168 ,
657 4103 777 4156 Dacr‘am
802 4103 962 4169 Ripeaam,
981 4099 1152 4164 Deciumque
1169 4095 1411 4150 Mediterraneum.

290 4181 433 4246 Moesiam,
454 4181 639 4246 Dardaniam,
659 4181 822 4258 praevalia,
847 4179 878 4234 B.
898 4179 979 4232 Petro
998 4175 1186 4244 Apostolorum
1210 4174 1327 4243 principi
1351 4190 1413 4228 con·

291 4261 426 4315 tradicere
443 4259 534 4316 nullus
552 4263 731 4328 praesumat.“
750 4259 783 4314 V.
802 4259 881 4328 Pagi,
899 4257 1002 4314 critica
1020 4255 1129 4310 Baronii
1149 4255 1183 4310 ad
1202 4271 1226 4308 a.
1247 4255 1302 4310 730
1320 4271 1347 4310 n.
1368 4257 1412 4311 11.
