2962 4840
319 503 372 557 106
575 503 648 557 XIV.
668 503 710 558 Ds
726 503 801 558 civili
819 504 852 560 R.
870 503 1010 560 Pontifieis
1028 503 1198 574 principatu'

320 645 463 730 Imperio
497 645 647 733 subjecte
679 649 777 712 annia
811 649 872 714 751
906 659 938 712 et
964 649 1238 736 lbioccupavit,
1263 661 1361 738 atque
1385 653 1441 717 do-

321 744 536 808 minationem
567 743 780 830 Imperatoris
813 743 933 812 Graeci
967 747 1002 810 in
1035 747 1101 814 illis
1130 747 1280 834 partibus
1307 751 1441 835 penitus

320 842 490 906 exstinxit.
536 841 619 906 Inde
652 841 694 908 ab
725 865 812 910 anno
848 842 911 908 752
946 844 1049 927 igitur
1077 845 1117 910 de
1131 846 1225 933 facto
1249 846 1442 912 omnimoda

323 937 583 1024 independentia
606 939 745 1006 Romani
763 940 933 1006 Pontifiois
956 963 996 1006 ac
1019 942 1244 1007 Rornanorum
1268 942 1311 1008 ab
1336 943 1443 1030 Impe-

320 1046 426 1102 ratore
458 1036 605 1102 Orientis
638 1039 773 1104 exstitit.
831 1039 928 1104 Unde
961 1040 1061 1104 etiam
1091 1041 1299 1126 principatus
1332 1040 1444 1106 civilis

320 1135 543 1199 Romanorum
557 1135 758 1201 Pontificum
782 1137 824 1200 ab
849 1136 912 1202 hoc
936 1157 1027 1202 anno
1046 1139 1181 1205 omnino
1205 1138 1372 1225 perfectus
1395 1161 1442 1203 re-

320 1235 429 1318 putari
460 1242 586 1318 potest3
626 1233 719 1298 brevi
744 1245 818 1319 post
849 1235 1009 1300 firmatus»
1030 1245 1062 1299 et
1090 1235 1267 1322 ampliatus
1301 1245 1361 1300 est.
1400 1273 1443 1283 —

320 1329 425 1394 Arma
448 1353 508 1395 sna
532 1331 609 1396 dein
625 1331 822 1418 Aistulphus
835 1335 936 1398 vertit
959 1334 1003 1398 ad
1026 1332 1286 1418 expugnandum
1311 1355 1445 1420 quoque

151 1447 272 1499 sapsam
284 1445 310 1486 11.
320 1426 477 1492 ducatum
493 1429 690 1495 Romanum.
713 1429 902 1516 Stephanus
911 1429 946 1495 II
955 1431 1120 1513 Pontifex,
1133 1429 1165 1498 S.
1177 1430 1358 1498 Zachariae
1373 1453 1447 1495 suc·

197 1508 222 1550 ¹³·
239 1508 263 1550 P·
321 1547 441 1608 cessar,
458 1526 621 1611 legatione
636 1549 675 1590 ac
691 1528 884 1593 muneribus
899 1549 1016 1613 regem·
1029 1527 1159 1614 placare
1175 1529 1326 1610 tentavit,
1343 1537 1446 1615 atquc

320 1625 420 1688 etiam
440 1624 592 1704 obtinuit,
613 1637 650 1689 ut
663 1647 730 1711 pax
753 1627 787 1689 in
809 1626 1030 1713 quadraginta
1056 1647 1160 1691 annos
1181 1626 1446 1694 concluderetur.

321 1720 386 1786 Sed
403 1743 480 1786 mox
499 1723 632 1786 foedera
653 1732 751 1809 rupta
768 1734 854 1790 sunt.
891 1725 1060 1790 Proteroas
1079 1724 1357 1808 [manebat-domm
1374 1749 1448 1804 rea,

320 1819 435 1883 scribit
449 1819 645 1886 Anastasius
653 1821 691 1908 ¹),
709 1823 834 1908 antiqui
858 1823 956 1887 bostis
973 1825 1104 1886 insensate
1123 1823 1272 1899 vermina,
1291 1824 1450 1908 ipeafoe-

169 1965 172 1972 .
228 1971 236 1985 .
321 1917 400 1982 dere
413 1921 509 2004 pacis
527 1930 600 2004 post
615 1943 718 2005 paene
738 1931 873 2006 quantor
884 1943 1003 1986 menses
1021 1922 1057 1984 in
1067 1920 1208 2009 perjurii
1220 1921 1364 1985 incidens
1377 1947 1450 1985 rea·

321 2027 385 2079 nem
393 2016 542 2102 dissaepit.
565 2017 847 2107 Maltasjamfato
859 2020 1055 2083 sanctissimo
1068 2019 1136 2082 niro
1147 2017 1196 2082 oei
1207 2028 1314 2082 cuncto
1320 2019 1452 2104 populo

309 2115 464 2178 -Romono
481 2117 626 2199 inponens
641 2115 855 2194 contumelias,
869 2119 978 2181 varim
987 2115 1156 2182 illiminas
1170 2115 1337 2200 diripiebat.
1390 2115 1452 2182 Cn·

317 2212 411 2296 piens
424 2215 549 2298 qnippe,
559 2214 627 2278 Deo
642 2213 704 2277 sibi
717 2215 892 2292 contrario,
906 2224 1050 2278 cenetam
1063 2214 1348 2299 bancproeinoiam
1357 2214 1452 2279 inca·

321 2309 404 2388 dere,
417 2331 580 2374 onerosam
590 2310 740 2375 tributam
748 2313 840 2400 bayas
853 2313 1018 2377 Ronsanae
1027 2310 1115 2376 serbis
1125 2311 1377 2376 inhabitantibus
1388 2313 1451 2376 ad-

320 2407 423 2470 bibere
442 2407 610 2474 nitebatur.
635 2409 697 2472 Per
711 2411 947 2496 rsnnmqnodqae
962 2408 1081 2474 scilicet
1096 2419 1191 2496 capnt
1208 2408 1348 2494 neptim
1372 2413 1454 2474 aseri

321 2504 441 2568 solidos
464 2529 567 2570 annae
591 2507 714 2592 inferre
730 2508 898 2572 initiabat.¹
933 2509 975 2571 et
999 2530 1074 2572 snae
1091 2507 1314 2595 jurisdictioni
1336 2509 1452 2570 civita·

322 2613 382 2665 tem
405 2603 484 2666 bane
507 2605 685 2669 Romanam
708 2605 757 2670 vel
780 2605 978 2696 nebjacentia
1001 2606 1030 2670 ei
1053 2615 1163 2668 contra
1186 2603 1317 2668 subdere
1341 2605 1453 2689 indiq-

321 2711 436 2764 nanter
450 2702 618 2766 asserebat.
663 2701 775 2766 Variis
790 2702 1011 2786 legationibus
1027 2701 1215 2787 Stephanus
1229 2700 1452 2786 Aisbrlphum

322 2797 501 2863 demulcire
525 2799 665 2882 studuit,
681 2801 738 2866 sed
754 2823 829 2865 cum
846 2810 1037 2886 contemptu
1051 2822 1090 2864 ac
1114 2797 1213 2864 minis
1235 2820 1296 2862 rex
1317 2797 1454 2882 legatos

322 2895 456 2961 dimisit.

410 2994 463 3059 30.
487 2993 642 3059 Pontifex
667 2996 767 3080 igitur·
799 2997 834 3060 in
857 2994 910 3060 bis
933 2996 1095 3080 angustiis
1118 2996 1254 3081 positus,
1277 2993 1454 3079 abImpe-

320 3103 428 3156 ratore
452 3094 612 3157 instanter
636 3092 799 3158 auxilium
823 3093 1014 3180 postulavit.
1054 3094 1141 3156 Tenc
1160 3092 1334 3179 praefatas
1357 3115 1455 3155 sanc-

322 3192 460 3254 tissimas
492 3193 551 3269 cir,
585 3193 632 3256 ait
659 3191 866 3273 Anastasius,
900 3193 1007 3278 apnito
1041 3190 1173 3276 malipni
1194 3191 1277 3274 repis
1300 3189 1454 3267 coneilio,

321 3289 407 3352 misit
428 3290 463 3354 in
486 3291 605 3374 repiam
627 3287 732 3352 nrbem
754 3288 1061 3376 Constantinopolim
1085 3311 1156 3353 snos
1179 3290 1291 3352 missos
1313 3297 1346 3351 et
1371 3309 1455 3374 apo·

321 3385 447 3451 reticos
470 3387 584 3473 apiatas
585 3435 728 3464 .....
759 3389 934 3474 deprecans
957 3385 1156 3474 imperialem
1178 3385 1390 3464 clementiam,
1417 3397 1456 3449 at

313 3489 416 3575 jacta
447 3484 530 3570 qaod
560 3487 591 3549 ei
619 3487 747 3572 saepias
776 3487 962 3572 scripserat,
987 3509 1054 3550 cnm
1082 3485 1221 3549 exercita
1244 3485 1288 3548 ad
1311 3484 1458 3547 mendas

320 3584 377 3647 bas
400 3581 515 3646 Italiae
534 3593 647 3668 partes
669 3583 772 3647 modis
795 3584 937 3648 omnibns
952 3585 1124 3661 adveniret,
1148 3593 1178 3646 et
1201 3581 1239 3646 de
1262 3582 1459 3668 iniquitatis

311 3678 381 3764 filii
403 3679 555 3744 morsibus
576 3682 752 3744 Romanam
775 3681 854 3745 banc
877 3681 983 3745 urbem
1005 3681 1055 3745 vel
1077 3691 1219 3744 cunctam
1233 3679 1351 3744 ltaliae
1369 3701 1458 3766 prc-

320 3777 458 3840 vinciam
482 3775 639 3842 liberaret.
685 3777 882 3843 Nullatenus
906 3777 1044 3864 proinde
1068 3777 1257 3863 Stephanus
1281 3778 1377 3842 nisus
1402 3791 1458 3840 eat

321 3896 360 3938 eo
384 3874 547 3939 deducere
571 3897 632 3956 res,
658 3885 694 3939 nt
716 3875 900 3962 Imperator
923 3875 1107 3940 dominium
1132 3895 1229 3940 suurn
1252 3877 1288 3940 in
1311 3874 1456 3940 Italiam

321 3975 453 4058 penitus
483 3973 652 4059 perderet,
677 3974 743 4037 imo
768 3973 910 4039 utillud
940 3983 1088 4038 tueretur
1109 3983 1208 4059 atque
1232 3973 1385 4036 firmaret
1410 3971 1458 4036 ab

322 4091 359 4134 eo
383 4073 488 4157 petiit.
536 4071 600 4136 Sed
626 4069 862 4136 Constantinus
884 4070 1125 4158 Copronymus,
1149 4071 1235 4135 bello
1260 4081 1380 4137 contra
1406 4095 1459 4135 sa-

323 4213 519 4222 a—---.-.

398 4275 421 4342 ¹)
440 4273 507 4328 Vita
524 4274 622 4328 Pontii
646 4275 694 4329 snb
713 4275 848 4343 Stephano
867 4276 900 4330 Π.
