3002 4836
295 417 331 468 64
651 417 692 472 De
709 415 814 474 haeresi
833 416 1069 474 Iconoclastarum.

296 557 439 624 triorche
454 559 590 624 Tarsisc
605 558 739 636 declara
756 583 820 646 que
835 581 921 624 ceux
944 561 1002 646 qui
1017 561 1205 626 resistaient
1220 563 1241 626 b
1260 560 1292 626 la
1309 563 1423 626 verite

230 709 236 720 .
297 658 487 742 pourraient
510 679 544 722 se
560 659 730 744 presentet
752 667 785 722 et
800 657 871 724 dire
884 658 972 724 leurs
995 659 1131 724 raisons.
1154 697 1197 708 -
1221 657 1288 724 Sed
1313 659 1416 724 nulla·

295 767 406 838 tenus,
440 755 529 842 quod
548 756 633 842 uquis
663 777 706 820 ex
729 756 826 824 modo
859 755 1018 842 loquendi
1047 758 1192 836 auctoris
1225 758 1423 824 existimare

295 861 414 938 posset,
439 853 503 944 ‚hic
535 855 645 938 agitur
668 853 710 920 de
732 853 884 920 libertate
915 853 1129 920 discussionis
1151 877 1192 920 ac
1215 857 1243 920 si
1267 857 1424 940 quaestio

295 951 336 1016 de
368 950 457 1016 cultu
490 952 673 1035 imaginum
706 954 740 1017 in
772 954 918 1039 ancipite
949 951 1061 1018 adbuc
1084 962 1284 1030 versaretur,
1309 953 1423 1018 donee

296 1047 482 1117 Concilium
518 1045 776 1116 controversiam
805 1050 999 1116 diremisset.
1046 1049 1167 1134 Agitur
1198 1073 1235 1116 eo
1267 1051 1341 1116 loeo
1375 1051 1423 1116 de

295 1148 458 1234 episcopis
482 1149 538 1234 qui
562 1170 650 1214 anno
669 1148 887 1235 praecedente
911 1171 946 1214 se
954 1149 1140 1234 junxerant
1162 1147 1333 1229 militibus,
1358 1149 1419 1233 qui

295 1243 550 1312 celebrationem
565 1245 692 1330 Synodi
717 1246 947 1332 impedierant.
971 1246 1032 1312 Isti
1052 1235 1100 1312 ‘ad
1122 1267 1313 1311 consessum
1338 1267 1418 1312 non·

295 1342 373 1408 dum
398 1354 493 1410 erant
516 1344 670 1425 admissi,
696 1344 917 1431 Tarasiusque
946 1346 981 1410 in
1012 1345 1077 1410 fine
1109 1343 1317 1410 allocutionis
1351 1365 1420 1429 qua

295 1441 467 1525 Synodum
491 1444 630 1528 aperuit,
655 1442 746 1526 dicit,
770 1465 826 1508 eos
850 1442 921 1530 (qui
946 1442 1077 1508 veritati
1107 1438 1301 1527 restiterint)
1325 1462 1419 1506 aece-

295 1537 372 1604 dere
402 1562 507 1626 posse,
532 1542 558 1604 si
583 1539 720 1624 Synodo
752 1541 860 1607 visum
892 1541 1000 1622 fuerit,
1033 1549 1133 1626 atque
1156 1539 1302 1626 proferre
1330 1559 1421 1624 qnae

296 1636 339 1701 ad
363 1636 588 1706 defensionem
622 1639 732 1704 dicere
766 1638 911 1725 velint1).
957 1637 1045 1704 Dein
1078 1660 1120 1702 ex
1144 1638 1308 1702 sententia
1332 1636 1417 1702 Con-

297 1733 364 1800 cilii
388 1734 524 1802 admissi
549 1735 669 1821 singuli
695 1759 815 1821 magna
846 1759 923 1802 cum
945 1735 1163 1802 submissione
1187 1736 1320 1800 veniam
1345 1757 1421 1821 pre·

297 1835 362 1898 cati
378 1843 455 1900 sunt
470 1834 643 1900 anterioris
658 1836 962 1921 praevaricationis,
975 1833 1075 1902 fidem
1090 1832 1288 1900 catholicam
1305 1831 1416 1919 quoad

297 1933 458 2017 imagines
481 1932 628 2018 professi,
653 1941 686 1996 et
709 1933 770 1998 sub
794 1933 982 1998 conditione
1015 1931 1238 2018 poenitentiae
1261 1930 1305 1996 ad
1330 1951 1418 1996 com·

296 2031 487 2094 munionem
510 2029 657 2096 admissi.

139 2159 174 2202 nr.
192 2157 269 2202 amr„
385 2129 437 2194 63.
464 2129 573 2210 „Pour
612 2131 747 2196 vaincre
789 2129 836 2194 les
865 2129 1033 2194 dernieres
1070 2129 1279 2208 resistences,
1308 2129 1420 2212 pergit

295 2235 428 2309 auctor,
461 2225 492 2290 le
517 2224 652 2292 Concile
685 2249 719 2290 se
742 2249 883 2312 proposa
913 2248 1040 2292 comme
1071 2248 1128 2292 son
1153 2225 1214 2290 but
1240 2224 1417 2311 principat

295 2322 336 2388 de
377 2332 541 2390 constater
571 2324 836 2410 juridiquement
868 2335 900 2390 et
938 2322 1208 2390 solennellement
1246 2329 1332 2386 cette
1371 2322 1414 2385 foi

295 2420 336 2484 de
361 2419 495 2506 l'Eglire
520 2423 576 2507 qui
601 2444 635 2486 se
659 2423 861 2488 manifestarit
885 2421 984 2486 d’une
1008 2423 1155 2488 manibre
1179 2420 1257 2507 dejd
1280 2421 1308 2484 si
1332 2419 1414 2484 ecla-

294 2527 401 2602 tante,
427 2529 459 2584 et
482 2518 560 2586 bien
584 2521 765 2602 suffisante,
800 2544 877 2586 sans
908 2521 1018 2601 doute,
1051 2521 1077 2586 si
1100 2519 1148 2584 les
1172 2519 1414 2584 circonstanecs

294 2618 430 2682 avaient
453 2617 508 2682 ete
532 2619 639 2684 moins
663 2617 827 2684 difficiles.
874 2619 923 2684 La
946 2618 1041 2682 lettre
1062 2615 1232 2704 imperiale
1254 2614 1309 2680 lue
1333 2614 1413 2680 dans

293 2715 325 2779 la
349 2717 509 2802 premiere
540 2718 664 2781 session
698 2715 743 2780 du
768 2715 903 2782 Concile
936 2737 979 2782 ne
1009 2715 1107 2780 laisse
1136 2735 1246 2780 aucun
1270 2712 1413 2778 doutea
1452 2773 1453 2778 ,

152 2869 155 2878 ,
278 2823 346 2886 ,εει
362 2812 475 2898 egat-d.
522 2812 595 2879 lllle
619 2837 771 2882 annonce
795 2801 929 2900 quales
952 2812 1063 2878 lettres
1087 2812 1239 2897 duPape
1263 2819 1296 2874 et
1319 2808 1412 2874 celles
1451 2863 1452 2875 .

196 2929 200 2946 ¹
293 2909 352 2976 des
376 2911 579 2996 patriarches
596 2923 707 2978 seront
722 2913 992 2998 communiquees
1009 2935 1052 2976 au
1068 2907 1213 2991 Concile,
1234 2907 1302 2991 ofin
1325 2909 1411 2993 qu’oa
1450 2949 1451 2969 i

293 3010 457 3074 ennaea
474 3034 542 3096 par
565 3010 640 3075 elles
668 3009 696 3074 le
718 3012 791 3076 croi
814 3011 978 3074 acutiorem
1006 3009 1044 3074 dc
1076 3005 1214 3094 l'Eplira
1238 3003 1412 3091 ratbolipua
1449 3023 1450 3065 1

293 3105 372 3192 (Per
396 3109 482 3193 ipsas
506 3110 721 3194 cognoscetis,
746 3107 852 3194 qualis
876 3109 918 3172 sit
940 3105 1111 3172 Ecclesiae
1135 3101 1322 3168 catholicae
1344 3123 1408 3166 seu·
1448 3107 1449 3159 1

292 3205 372 3290 sus).
425 3204 488 3270 Ces
524 3206 638 3272 lettres
675 3205 861 3293 cependant
892 3226 933 3269 ne
965 3204 1076 3270 iurent
1111 3225 1172 3289 pas
1209 3221 1323 3282 recusa
1354 3220 1411 3284 par
1447 3193 1448 3255 1

292 3301 324 3366 le
348 3303 474 3369 concile
499 3327 575 3370 sans
598 3328 643 3370 un
667 3323 807 3370 examen
824 3302 1006 3390 juridique.
1053 3301 1152 3370 Salon
1175 3301 1223 3366 les
1246 3301 1407 3389 exemplos
1444 3273 1447 3351 1

294 3399 353 3464 des
377 3401 521 3466 conciles
537 3403 752 3483 anterienres,
769 3401 792 3466 il
808 3403 891 3466 etait
903 3401 1085 3466 necessaire
1110 3399 1268 3464 d'etablir
1291 3423 1350 3488 par
1361 3407 1407 3463 est

294 3520 435 3564 examen
457 3521 520 3586 que
541 3503 573 3564 la
588 3500 633 3566 soi
649 3499 691 3564 de
706 3499 841 3585 l'llglise
865 3500 947 3564 etait
966 3497 1156 3564 fidblement
1172 3499 1317 3584 exposce
1330 3497 1405 3562 dans

293 3619 347 3660 ces
370 3595 491 3662 lettres.
538 3598 586 3661 Le
610 3597 763 3683 premier,
793 3597 825 3662 le
857 3597 932 3682 plus
956 3594 1149 3675 venerable,
1172 3595 1203 3660 le
1227 3595 1303 3681 plus
1324 3605 1404 3660 auto·

295 3695 361 3758 rise
377 3693 418 3758 de
435 3717 489 3758 ces
506 3693 699 3760 documenta
723 3697 803 3762 etait
819 3694 850 3760 la
864 3694 957 3758 lettre
981 3697 1089 3758 meme
1113 3692 1158 3758 du
1172 3715 1258 3780 pape
1275 3692 1403 3758 Adricn.

368 3883 387 3952 ¹)
407 3879 451 3948 „si
470 3879 613 3935 certificati
622 3879 752 3936 fuerimus
770 3878 840 3946 quod
857 3875 988 3946 placabile
1005 3877 1043 3933 sit
1060 3878 1089 3932 in
1108 3884 1255 3948 conspectu
1268 3877 1331 3944 Dei,
1349 3891 1400 3930 con·

291 3961 406 4016 veniant
418 3958 464 4028 qui
482 3961 633 4030 praeterito
654 3976 725 4015 anno
744 3959 869 4014 restitere
882 3957 1004 4015 variati.
1032 3958 1139 4026 Siquis
1158 3963 1201 4014 est
1218 3956 1246 4013 in
1265 3955 1317 4012 illis
1325 3969 1400 4011 seruo

291 4039 334 4096 vel
345 4039 567 4096 contradictionis
587 4041 630 4096 vel
648 4039 731 4096 ctiam
751 4037 967 4094 ratiocinationis
980 4037 1147 4108 (ἀντιλογίας
1165 4037 1181 4104 ἢ
1199 4057 1229 4106 ys
1249 4037 1401 4106 ἀπολογίας).

292 4121 393 4176 dicant.
429 4119 476 4175 Ite
504 4137 620 4189 namque
647 4119 733 4176 omnis
759 4117 925 4175 examinatio
952 4119 1086 4188 (ἐξέτασις,
1115 4117 1234 4175 criminis
1262 4113 1399 4184 nomios.

291 4201 439 4258 manifesta
457 4200 550 4270 flet.“¹
