2932 4836
321 507 363 561 De
380 507 567 562 Decretalibus
585 505 869 562 PseudoIsidorianis.
1107 509 1168 564 ‘285

54 653 208 736 speciatim
240 651 337 737 plura
359 649 475 732 habet,
510 650 632 737 quibus
655 652 796 715 nimium
820 651 1002 737 amplificat
1025 651 1159 716 Pontifi-

53 771 116 813 cum
138 750 361 814 Romanorum
392 751 583 834 potentiam.
629 750 741 835 Atque
773 749 857 814 haee
890 771 966 814 cum
991 749 1031 816 cl.
1056 748 1093 816 Ο.
1119 750 1162 815 de

52 847 151 910 Smedt
179 847 223 911 ad
254 857 397 932 quatuor
420 849 531 932 capita
561 846 719 911 reducere
749 845 873 912 licebit.
923 848 959 910 1⁰
982 847 1070 913 Illud
1101 849 1160 912 fre·

52 955 175 1030 quanter
197 955 294 1028 urget
315 945 536 1031 principium,
563 943 711 1028 ,nullum
736 943 930 1026 concilium,
964 947 1065 1010 etiam
1088 967 1160 1031 pro·

51 1043 196 1124 vinciale,
228 1041 388 1106 celebrari
412 1063 508 1127 posse
540 1042 666 1129 absque
698 1063 862 1107 consensu
885 1042 1026 1106 Romani
1049 1044 1165 1109 Ponte.

50 1141 137 1206 licis.“
154 1179 198 1189 —
213 1141 254 1204 2⁰
268 1138 402 1221 Statuit,
427 1147 543 1204 contra
557 1161 701 1206 cauoms
717 1139 940 1223 Sardicenses,
968 1143 1166 1226 ,episcopos

49 1238 84 1302 ad
104 1239 289 1303 &manum
313 1237 509 1302 Pontificem
541 1237 707 1325 appellare
731 1259 854 1324 posse,¹
880 1259 947 1303 non
970 1238 1076 1304 solum
1100 1239 1159 1304 ubi

48 1337 204 1421 asynodo
228 1334 427 1423 provinciali
451 1337 574 1421 injuste
597 1357 631 1399 se
655 1336 892 1401 condemnatos
911 1337 1159 1417 contenderent,

49 1434 95 1498 sed
122 1445 153 1498 et
179 1444 260 1500 ante
282 1455 380 1499 omne
404 1433 593 1518 hujusmodi
618 1433 736 1519 synodi
763 1433 947 1519 judicium,
980 1437 1006 1499 si
1025 1435 1160 1520 judices

49 1533 116 1618 ipsis
137 1533 251 1598 infesti
275 1531 330 1596 vel
353 1533 498 1616 suspecti
530 1539 648 1596 essent.
696 1531 768 1597 lmo
792 1531 1069 1619 quandocumque
1092 1535 1158 1618 epi·

48 1631 125 1716 scopi
146 1639 347 1696 accusentur
368 1629 510 1716 alicujus
529 1630 687 1712 criminis,
712 1629 801 1716 quod
818 1641 1038 1715 consequatur
1051 1653 1160 1716 poena

48 1726 266 1813 depositionis,
300 1727 427 1812 synodo
458 1726 655 1813 provinciali
689 1736 875 1812 competere
907 1735 1036 1791 tantum
1060 1728 1158 1793 infor-

49 1828 214 1890 mationem
239 1847 369 1909 causae,
394 1835 427 1889 et
448 1825 642 1890 relationem
661 1825 843 1910 juridicam
867 1825 1063 1890 mittendam
1087 1847 1159 1891 esse

47 1921 81 1985 sd
101 1923 289 1988 Romanum
304 1922 510 2006 Pontificem,
535 1925 592 2009 qui
617 1921 705 1988 solus
722 1923 779 2009 jus
803 1920 926 1988 habeat
948 1923 1157 1990 definitivam

48 2024 231 2086 seutentiam
255 2020 415 2087 ferendi.“
463 2021 696 2106 Depositiones
719 2023 808 2084 enim
832 2021 1063 2106 episcoporum
1086 2043 1161 2088 esse

47 2139 82 2180 ex
106 2121 210 2185 masis
238 2119 415 2208 majoribus
445 2119 632 2183 deferendis
660 2118 704 2183 ad
736 2127 883 2182 sanctam
913 2116 1043 2185 Sedem.
1090 2118 1157 2185 Sed

46 2218 133 2280 etiam
155 2217 426 2303 presbyterorum
450 2215 688 2303 appellationes
718 2215 761 2280 ad
786 2215 906 2280 Sedens
929 2217 1155 2302 Apostolioam

47 2313 132 2398 dirigi
164 2325 198 2380 et
227 2315 272 2380 ab
302 2337 342 2380 ea
372 2316 495 2400 suscipi
532 2337 645 2401 posse3
678 2335 782 2400 quum
811 2317 950 2400 antiqua
979 2314 1157 2400 disciplina

47 2433 149 2478 causas
182 2412 262 2478 cleri
296 2412 433 2478 sumundi
472 2413 598 2478 ordinis
630 2414 794 2498 episcopis
830 2421 863 2476 et
895 2412 1159 2499 metropolitanis

45 2509 213 2596 adjudicet.
230 2549 273 2558 —
288 2512 327 2576 3⁰
342 2509 474 2592 Statuit,
502 2511 669 2595 „Romano
685 2509 849 2593 Pontifici,
871 2520 985 2595 utpote
1000 2510 1156 2577 omnibus

46 2611 196 2696 episcopis
216 2609 389 2695 superiori,
413 2608 540 2673 nullum
556 2629 625 2672 esse
644 2607 794 2693 judicem
810 2618 940 2693 praeter
954 2610 1096 2674 Deum.“
1111 2647 1158 2658 --

45 2706 77 2766 4⁰
89 2707 224 2792 Arserit,
251 2707 443 2794 „episcopos
465 2715 600 2771 vocatos
624 2727 694 2770 esse
718 2707 752 2770 in
775 2715 904 2791 partem
923 2705 1155 2771 sollicitudinis

46 2803 173 2870 Romani
189 2805 372 2884 Pontificis,
395 2804 485 2869 unde
506 2815 706 2890 sequeretur,
731 2825 787 2868 eos
801 2806 933 2868 nonnisi
957 2813 994 2868 ut
1012 2805 1157 2869 vicarios

46 2902 136 2985 ipsius
159 2902 331 2968 habendos
354 2925 442 2984 esse,
475 2901 564 2988 quod
589 2912 637 2966 est
668 2911 781 2968 contra
805 2902 956 2966 divinam
979 2902 1153 2966 institutio-

45 3021 110 3064 nem
133 3001 259 3065 ordinis
282 2999 543 3087 episcopalis.“¹)
558 3037 603 3048 -·
622 3001 723 3066 Hisce
744 3002 845 3084 igitur
858 3001 1051 3086 praesertim
1066 3003 1153 3086 prin-

46 3097 129 3181 cipiis
152 3101 187 3162 in
211 3098 422 3184 disciplinam
445 3098 654 3181 introductis,
678 3107 814 3164 censent
837 3119 911 3162 eam
932 3119 994 3184 per
1011 3098 1154 3163 Pseudo-

46 3194 151 3260 lsidori
168 3196 359 3261 Decrotsles
381 3196 596 3262 vehementer
619 3198 828 3262 immutatam
851 3196 962 3278 fuisse,
987 3205 1086 3282 atque
1109 3197 1153 3262 ab

45 3295 172 3380 antiqua
193 3293 369 3380 disciplina
392 3295 538 3358 maxime
562 3294 703 3359 differre.

125 3417 176 3482 74.
208 3417 285 3485 Jam
315 3415 397 3482 haec
421 3417 589 3504 aliquanto
619 3419 805 3482 accuratius
829 3417 1072 3504 expendemus,
1106 3421 1153 3484 ita

46 3515 170 3598 quidem
201 3526 237 3580 ut
268 3526 339 3580 tum
371 3517 537 3603 principia
570 3515 611 3581 de
634 3517 779 3602 primatu
811 3537 851 3579 ac
884 3515 924 3580 de
956 3519 1152 3582 auctoritate

49 3611 255 3679 Romanorum
279 3613 478 3679 Pontificum
504 3616 698 3704 innuamus,
732 3624 802 3677 tum
826 3613 1081 3699 applicationem
1100 3617 1152 3702 ju-

48 3710 121 3774 rium
144 3733 201 3796 per
223 3712 453 3778 antecedentia
477 3712 609 3776 saecula
633 3712 888 3777 consideremus.
912 3751 956 3761 —
984 3713 1152 3799 Imprimis
1172 3705 1319 3776 amu

48 3824 145 3873 alutem
170 3810 407 3876 advertendum
431 3821 496 3895 est,
528 3807 691 3896 quaedam
716 3831 757 3873 ex
781 3811 822 3872 iis
846 3831 931 3894 quae
954 3809 1044 3874 hisce
1068 3831 1151 3874 asse-

49 3915 163 3988 runtur,
186 3910 233 3972 uti
258 3930 299 3972 ex
317 3908 466 3973 dicendis
483 3908 663 3992 colligetur,
690 3931 759 3972 esse
775 3917 974 3993 exaggerata
994 3918 1026 3972 et
1042 3909 1151 3972 minus

49 4021 114 4066 vere
129 4005 259 4089 prolata.
298 4007 375 4071 Alia
391 4016 501 4070 autem
519 4015 670 4092 spectant
684 4005 923 4092 dispositiones,
941 4026 1026 4091 quae
1041 4005 1151 4092 quoad

49 4189 243 4204 ‘'m——

114 4287 132 4351 'l
150 4285 183 4342 V.
200 4288 227 4342 O.
245 4291 285 4345 De
302 4289 396 4344 Smedt
412 4289 429 4345 l.
450 4305 471 4345 c.
491 4305 517 4358 p.
537 4291 598 4346 18⁷.
