2922 4832
299 478 351 530 134
564 475 638 534 XIX.
658 474 864 530 Corrtroversise
882 480 912 530 et
931 473 1039 543 Imperii
1057 475 1168 530 indoles.

299 620 375 684 dern
400 619 599 684 certitudine
622 641 690 683 rem
721 617 859 682 delinire
884 638 950 684 non
973 629 1127 704 praestat,
1152 641 1253 706 quum
1276 640 1313 682 eo
1334 632 1401 682 tem-

297 739 376 802 pore
395 717 466 802 jam
491 716 720 782 vehementius
735 718 958 780 controversia
974 715 1016 780 de
1037 715 1148 780 valore
1172 715 1398 782 ordinationum

300 815 546 898 illegitimarum
568 815 808 898 agitataesset.
829 849 866 860 -
886 812 1060 893 Quomodo
1077 812 1187 878 adhuc
1203 825 1262 898 par
1283 812 1403 898 aliquod

298 923 428 997 tempus
452 912 623 976 fluctuatio
647 910 812 996 quaedam
842 920 913 974 tum
937 912 969 974 in
994 909 1136 990 theoria,
1169 921 1239 974 tum
1263 912 1298 975 iu
1320 913 1400 994 praxi

298 1033 333 1074 se
352 1009 550 1090 manifestet,
575 1008 681 1072 donec
698 1007 776 1074 inde
792 1031 812 1070 a
835 1007 965 1074 saeculo
982 1007 1069 1072 XIII
1083 1006 1252 1072 Ecclesiae
1268 1007 1402 1072 doctrina

299 1107 387 1173 clare
420 1107 640 1186 illucesceret,
675 1107 825 1190 superius
860 1105 1016 1171 diximus.
1071 1105 1181 1191 Atque
1217 1127 1259 1170 ex
1296 1105 1404 1188 regulis

298 1204 406 1270 allatis
429 1204 569 1290 aliisque
586 1202 770 1286 theologiae
794 1204 967 1288 principiis
983 1202 1096 1288 liquet,
1120 1226 1165 1267 ex
1188 1203 1240 1266 his
1264 1201 1405 1268 omnihus

300 1302 383 1367 nihil
417 1302 525 1386 colligi
561 1323 655 1386 posse
688 1311 802 1366 contra
832 1299 1102 1366 infallibilitatem
1127 1301 1194 1366 Ru.
1218 1301 1405 1366 Pontificum

299 1404 334 1465 in
359 1400 437 1464 fidei
461 1400 611 1470 decretis.
638 1398 690 1462 vel
715 1408 829 1464 contra
849 1400 1063 1462 inerrantiam
1078 1399 1259 1464 Ecclesiae.

129 1511 226 1582 ΜΨ
250 1509 290 1550 da·
389 1499 442 1564 35.
489 1496 630 1564 Juvabit
661 1508 825 1582 postremo
855 1497 1150 1578 animadvertere,¹
1168 1497 1352 1562 doctrinam
1373 1495 1406 1558 d·-

191 1571 227 1611 δι’·
300 1595 412 1660 valore
435 1596 691 1676 ordinationum,
717 1596 764 1658 uti
789 1617 832 1658 ex
855 1594 952 1660 dictis
976 1604 1075 1680 patet,
1108 1595 1151 1661 ad
1176 1617 1232 1659 aas
1255 1596 1406 1679 pertinere

301 1697 467 1778 veritates,
492 1693 534 1758 dc
558 1693 678 1778 quibus
702 1691 812 1778 aliquo
837 1703 984 1777 tempore
1008 1695 1095 1758 inter
1119 1695 1206 1778 ipsos
1231 1691 1409 1758 Catholicos

193 1805 202 1814 ”
302 1793 525 1858 controversia
549 1789 692 1874 vigebat.
733 1789 823 1854 Talis
847 1799 957 1854 autem
976 1791 1128 1856 doctrina
1150 1801 1258 1876 potest
1283 1788 1409 1854 etsolet.

301 1892 349 1954 uti
369 1890 440 1974 jam
464 1913 489 1954 s.
505 1889 712 1972 Augustinus
735 1888 889 1968 advertit,
915 1891 949 1952 im
974 1887 1095 1974 triplici
1111 1888 1204 1952 velut
1226 1890 1335 1954 stadio
1351 1909 1408 1949 rer-

301 1990 377 2053 sari.
423 1987 574 2050 Primum
598 1986 741 2052 stadium
766 1997 830 2068 est,
864 1986 995 2072 quando
1028 1985 1118 2050 nulla
1148 1986 1260 2050 adhuc
1285 1999 1409 2070 urgente

302 2087 537 2166 controversia,
562 2106 623 2148 mee
638 2087 828 2169 quaestione
844 2083 954 2148 adhuc
967 2084 1142 2168 diligenter
1158 2085 1298 2168 digesta,
1324 2097 1408 2168 caput
1445 2115 1446 2122 κ

302 2181 437 2268 aliquod
460 2191 591 2248 tenetur
621 2181 676 2246 vel
699 2180 859 2267 implicite
891 2185 924 2246 in
949 2182 1150 2266 professione
1177 2183 1330 2246 veritatis
1352 2183 1410 2244 uni·
1445 2207 1446 2226 κ

302 2279 499 2360 versalioris,
525 2279 578 2342 vel
602 2289 731 2344 tenetur
752 2301 812 2344 usu
830 2289 862 2343 et
875 2281 970 2364 praxi
988 2281 1094 2364 magis
1118 2303 1218 2366 quam
1241 2279 1411 2344 theoretica
1445 2299 1446 2350 3

302 2388 336 2442 et
359 2377 514 2442 distincta
529 2379 751 2462 propositione
776 2387 807 2440 et
822 2378 955 2442 instanti
980 2377 1237 2462 praedicatione.
1271 2378 1412 2442 Alterum
1445 2399 1446 2428 i

304 2475 447 2540 stadium
482 2485 546 2556 est,
580 2473 713 2559 quando
743 2473 932 2559 hujusmodi
967 2484 1068 2559 caput
1100 2475 1271 2540 doctrinae
1308 2475 1411 2558 incipit

304 2573 415 2636 vocari
440 2574 474 2636 in
499 2573 768 2652 controversiam,
793 2582 826 2636 et
849 2572 922 2637 ideo
940 2574 1124 2638 examinari
1149 2584 1181 2637 et
1204 2574 1330 2658 inquiri
1354 2571 1414 2634 dili·
1445 2575 1446 2610 i

303 2673 444 2755 gentius.
492 2669 573 2736 Orta
597 2682 630 2733 et
652 2670 792 2738 durante
816 2672 1049 2750 controversia,
1074 2693 1116 2735 ex
1139 2673 1186 2735 rei
1211 2681 1333 2736 natiira
1348 2669 1414 2734 fluc-

304 2771 407 2832 tuatio
432 2767 544 2853 aliqua
567 2768 745 2848 inducitur,
770 2778 841 2831 tum
859 2769 892 2832 in
909 2769 1114 2853 expositione
1138 2767 1332 2848 theoretica,
1356 2781 1414 2830 tnm

307 2870 340 2932 in
356 2868 462 2951 praxi,
478 2867 505 2929 si
521 2868 644 2930 veritas
660 2876 870 2930 controversa
887 2869 1018 2950 praxim
1042 2865 1141 2930 slmul
1157 2875 1296 2950 spectat,
1322 2865 1415 2928 donec
1445 2853 1446 2862 ¹

306 2964 467 3049 paulatim
492 2965 704 3050 inquisitione
739 2966 811 3049 ipsa
840 2964 900 3028 sub
934 2965 1121 3029 assistentia
1145 2963 1289 3048 Spiritus
1323 2962 1415 3026 saneti

306 3085 358 3126 res
395 3060 437 3124 ad
472 3060 636 3146 liquidum
665 3061 858 3126 deducatur.
909 3062 1065 3147 Sequitur
1099 3063 1231 3125 tertium
1271 3061 1418 3125 stadium.
1445 3137 1446 3144 ἵ

307 3159 441 3246 quando
465 3159 519 3222 vel
547 3157 684 3223 solemni
708 3158 878 3224 Ecclesiae
898 3158 1037 3243 judicio,
1069 3159 1122 3223 rel
1145 3157 1240 3222 aliter
1264 3179 1416 3222 consensu
1445 3149 1446 3152 '

307 3257 541 3340 invalescente,
567 3256 608 3320 de
632 3258 771 3322 veritate
790 3257 861 3344 jam
894 3268 981 3320 certo
1006 3266 1144 3338 constat,
1177 3255 1298 3340 illaque
1332 3277 1417 3341 quae-

305 3358 412 3420 stione
436 3351 580 3442 eliquata
604 3355 721 3420 transit
736 3357 771 3418 in
788 3353 981 3439 explicitum
999 3353 1201 3418 intellectum
1226 3353 1417 3417 catholicum

307 3461 340 3516 et
372 3453 406 3514 in
439 3451 647 3518 manifestam
680 3451 959 3538 praedicationem
989 3449 1290 3538 ecclesiasticam.¹)
1337 3449 1417 3514 Haec

307 3549 405 3612 facile
430 3548 613 3635 applicabis
638 3552 880 3614 controversiae
905 3549 945 3614 de
970 3549 1080 3614 valore
1105 3547 1259 3613 ordinum
1284 3571 1304 3610 a
1331 3547 1418 3609 schis-

309 3649 449 3728 maticis,
474 3647 658 3728 haereticis,
679 3647 846 3734 depositis,
872 3646 1050 3734 illegitimis
1078 3648 1252 3732 episcopis,
1279 3645 1332 3709 vel
1356 3664 1418 3706 cou-

307 3757 359 3810 tra
392 3767 535 3809 canones
568 3742 770 3824 collatorum,
804 3769 843 3809 ac
874 3745 914 3808 dc
948 3745 1193 3809 reordinatione
1226 3766 1340 3808 eornm
1371 3741 1418 3824 qui

309 3843 391 3908 tales
414 3843 547 3908 ordines
568 3855 792 3928 susceperunt.

375 3991 519 3997 -.-.,
1445 3943 1446 4008 l

386 4075 403 4138 ¹)
424 4073 477 4128 Cir.
497 4071 618 4127 Tractat.
639 4071 671 4126 de
690 4073 745 4128 Deo
766 4073 891 4127 Creatore
910 4089 936 4127 n.
950 4071 1015 4138 3733
1035 4069 1187 4134 manseris,
1206 4070 1240 4123 de
1252 4069 1346 4124 «livius
1363 4067 1418 4120 Tu·
1445 4045 1446 4056 ἵ

309 4153 420 4210 ditione.
439 4153 533 4208 'Phasis
552 4151 611 4206 xli
1445 4147 1446 4160 ¹
