3054 4834
323 465 377 517 362
605 465 694 519 XXII.
715 465 905 520 Controversia
924 467 957 520 dc
978 467 1165 523 Ins'estituris.

319 611 536 696 episcopatum
571 620 600 672 et
632 608 832 672 abbatiarum
863 611 1050 675 omnimodis
1075 611 1236 676 distillare
1267 625 1296 677 te
1321 626 1441 698 oportet.

322 709 365 772 Ut
396 719 499 772 actem
530 711 564 770 in
594 709 649 770 acc
681 707 805 770 arellam
826 709 917 792 repre-i
948 711 996 772 tui
1018 709 1262 774 diminutionem
1279 723 1440 797 procerte

321 818 438 883 teneas,
472 808 547 870 scito
572 828 618 868 rac
641 807 677 869 in
699 826 793 890 cepae
818 807 1016 870 &ancorum
1039 805 1178 882 electam,
1203 831 1260 872 uec
1283 821 1358 872 ante
1380 835 1440 872 coa·

318 907 523 969 sacrationem
553 927 608 967 nec
636 913 711 989 post
745 907 1011 968 consecrationem
1040 903 1173 990 clipcod
1202 907 1379 993 suscepisse
1409 908 1440 970 dc

318 1025 414 1066 meac
437 1003 539 1086 capim
571 1003 622 1065 cui
645 1011 748 1065 tomen
773 1002 811 1064 ele
835 1001 962 1079 tributo,
982 1002 1025 1065 ele
1050 1003 1178 1080 militie,
1203 1003 1243 1067 cle
1268 1005 1398 1083 telonio,
1418 1017 1443 1068 et

319 1099 358 1163 cle
382 1101 525 1164 omnibus
554 1123 632 1185 quae
657 1099 701 1162 ccl
724 1098 950 1184 rempublicam
967 1101 1185 1186 pertinebunt,
1217 1112 1248 1166 et
1271 1105 1443 1189 antiquitas

318 1196 437 1262 scilicet
468 1221 488 1260 a
511 1197 636 1282 sepibus
659 1197 841 1260 christianis
864 1198 1024 1262 Ecclesiae
1049 1199 1113 1262 Dei
1142 1199 1266 1264 docete
1289 1212 1375 1278 most,
1403 1202 1442 1264 ito

309 1296 454 1378 ¹fideliter
477 1297 629 1372 deservio,
655 1296 736 1359 sicut
757 1297 793 1358 ie
810 1318 906 1381 capno
932 1306 983 1360 tuo
1008 1299 1151 1382 episcopi
1174 1297 1233 1361 att
1256 1299 1442 1366 caenam.

146 1606 278 1649 Investltun
286 1609 310 1649 iu

191 1677 276 1729 Anulis·

319 1417 395 1479 quos
418 1396 571 1478 loricaeque
594 1393 791 1456 investiendo
815 1393 895 1456 lenc
919 1393 1122 1469 discordiam,
1153 1396 1214 1458 imo
1237 1397 1445 1460 commoneris

319 1493 516 1569 sesrteatiem,
539 1492 705 1554 incurristi
716 1492 752 1572 1).

410 1591 440 1654 a.
488 1589 554 1653 Sed
584 1589 653 1674 jam
681 1589 730 1652 ad
762 1599 943 1653 eventuum
975 1591 1093 1656 seriem
1118 1590 1308 1656 redeamus.
1339 1629 1383 1640 -
1412 1594 1446 1656 In

321 1689 444 1774 Anglia
459 1687 659 1752 GuilelmoI
682 1709 770 1751 anno
789 1687 872 1752 1087
898 1687 1054 1752 defuncto
1079 1691 1238 1754 suecessit
1261 1690 1340 1773 ejus
1365 1691 1446 1756 filius

320 1784 508 1851 Gulielmus
532 1785 574 1866 11,
600 1788 657 1871 qui
682 1808 786 1871 usque
810 1784 853 1850 ad
877 1808 1003 1851 annerm
1030 1787 1117 1852 1100
1141 1789 1308 1870 regnavit.
1342 1789 1446 1853 Homo

319 1886 414 1949 ferox
438 1895 470 1948 et
493 1883 668 1964 violentus,
694 1883 774 1948 dum
799 1882 913 1947 morbo
937 1886 1085 1966 graviter
1101 1883 1331 1964 decumberet,
1356 1889 1445 1950 suffc-

320 1986 366 2048 cit
389 1981 525 2068 quidem
557 2007 587 2046 a.
616 1981 699 2046 1093
725 2005 750 2047 s.
776 1981 973 2046 Anselmum
996 1983 1187 2048 Lanfranco
1212 1983 1443 2050 Cantuarieusi

318 2083 473 2166 episcopo
497 2080 689 2144 ann01089
714 2079 881 2145 defuncto.
909 2080 1017 2165 Leges
1040 2091 1152 2146 tamen
1175 2081 1354 2148 Ecclesiae
1378 2104 1445 2147 con·

318 2181 462 2264 tempsit,
487 2201 549 2242 nec
573 2178 679 2242 solum
702 2179 917 2242 investituras
940 2180 1087 2259 retinuit,
1112 2179 1169 2243 sed
1193 2181 1298 2244 etiam
1322 2181 1445 2246 fructus

319 2278 511 2341 vacantium
543 2273 757 2339 ecclesiarum
789 2275 997 2361 percipiebat
1027 2298 1169 2362 suosque
1200 2279 1237 2341 in
1260 2301 1345 2342 ursus
1377 2301 1444 2343 con·

319 2375 478 2456 vertebat,
503 2385 535 2438 et
559 2385 733 2459 propterea
757 2373 816 2438 diu
840 2373 913 2437 illas
938 2374 1069 2439 sinebat
1083 2395 1215 2453 vacare,
1240 2386 1279 2439 ut
1303 2377 1446 2462 regeliac

318 2483 490 2557 praetextu
514 2471 676 2536 reditibus
700 2471 830 2535 illorum
856 2471 982 2536 diutius
1008 2472 1179 2536 frueretur.
1218 2471 1398 2538 Urbanum
1417 2475 1444 2536 Il

316 2592 378 2634 ceu
401 2570 587 2652 legitimum
611 2570 807 2634 Pontificem
839 2591 905 2634 non
929 2569 1130 2650 agnoscebat
1154 2592 1215 2634 uec
1241 2571 1382 2636 volebat
1404 2572 1445 2636 sb

316 2668 436 2752 Augiis
466 2670 612 2752 agnosci,
644 2667 750 2732 donec
775 2666 942 2733 Walterus
965 2668 1168 2733 Albanensis
1200 2671 1385 2756 episcopus
1408 2671 1447 2732 ab
1506 2667 1507 2690 I

318 2764 453 2830 Urbano
478 2767 598 2838 missus
623 2767 655 2828 in
673 2765 831 2848 Angliam
854 2765 993 2850 legatae,
1018 2765 1108 2851 apud
1125 2788 1236 2850 regern
1262 2769 1391 2848 effecit,
1417 2787 1446 2830 ιιι

316 2863 409 2926 illum
434 2886 494 2927 ceu
510 2865 548 2928 B.
565 2864 654 2928 Petri
679 2885 901 2928 successorem
925 2874 958 2928 et
972 2861 1097 2928 Christi
1122 2865 1287 2929 vicarium
1313 2849 1446 2932 ‘coleret

315 2964 398 3025 etin
414 2973 481 3026 toto
499 2984 600 3046 regno
624 2961 687 3026 coli
707 2962 850 3048 juberet.
889 2961 1094 3027 Oeconomia
1119 2985 1196 3026 cum
1220 2962 1336 3028 feroce
1363 2969 1446 3051 prin·

315 3061 389 3144 cipe
421 3060 580 3124 utendum
604 3061 680 3141 fuit,
718 3082 759 3125 ac
782 3082 897 3124 revera
922 3083 1001 3124 usus
1024 3071 1074 3124 cst
1098 3059 1254 3125 Urbanus
1277 3059 1316 3124 II
1348 3077 1446 3126 ratus.
1506 3119 1507 3130 ι

314 3158 503 3222 schismatis
527 3167 616 3222 metu
640 3157 849 3222 tolerandum
873 3157 1069 3244 aliquandiu
1102 3157 1246 3222 abusum
1270 3159 1445 3225 investitu-

314 3279 380 3345 rae,
412 3258 492 3342 quiu
517 3277 627 3341 regern
652 3259 966 3321 excommunicaret.
1014 3255 1052 3320 In
1078 3256 1205 3341 synodo
1229 3256 1376 3322 Berensi
1407 3285 1445 3320 ιιι.

317 3354 417 3432 1098)
449 3355 572 3419 multae
604 3357 833 3420 accusationes
867 3357 903 3420 iu
925 3377 1037 3436 regem
1070 3355 1113 3419 ob
1138 3356 1394 3440 oppressionem
1418 3371 1444 3419 ct

314 3453 542 3519 venditionem
571 3451 785 3517 ecclesiarum
818 3451 965 3537 prolatae
997 3461 1089 3532 sunt,
1129 3463 1161 3516 et
1193 3473 1292 3532 aegre
1330 3477 1358 3520 s.
1383 3455 1442 3518 An-

313 3550 435 3615 selmus
466 3551 672 3638 supplicibus
703 3550 857 3636 precibus
887 3561 966 3614 tunc
991 3549 1033 3613 ab
1059 3549 1195 3614 Urbano
1220 3547 1252 3612 II
1287 3549 1442 3616 obtinuit.
1506 3579 1507 3604 ι

313 3659 350 3712 ut
374 3648 577 3714 Gulielmnm
601 3649 813 3714 anathemate
838 3671 905 3714 non
927 3647 1130 3734 percelleret.
1157 3685 1201 3694 —
1230 3647 1334 3712 Auno
1362 3653 1444 3712 llis>

312 3748 487 3832 repentina
511 3757 615 3812 morte
639 3747 788 3813 sublatus
812 3757 861 3812 est
884 3745 1082 3827 Gulielmus,
1117 3747 1152 3810 in
1176 3743 1354 3811 Ecclesiae
1378 3751 1442 3832 qui·

244 3878 248 3884 ·
312 3845 388 3909 dem
413 3847 645 3910 communione
668 3843 836 3926 toleratus,
860 3853 1027 3910 caeterum
1052 3835 1282 3928 impoenitens.

404 3945 455 4008 10.
501 3944 640 4008 Henrici
670 3943 686 4007 Ι
718 3944 753 4006 in
777 3965 916 4028 regnum
942 3939 1101 4006 Gulielmi
1132 3942 1244 4004 fratris
1273 3947 1441 4007 successio

311 4064 404 4128 spem
431 4043 509 4107 fecit
533 4042 725 4120 maximam,
750 4039 819 4105 fore
836 4051 872 4104 ut
888 4033 1042 4104 Ecclesia
1065 4038 1238 4126 paululum
1264 4042 1440 4126 respiraret

388 4245 407 4312 ¹)
429 4243 485 4299 Cic.
505 4245 596 4299 Natal.
616 4246 692 4300 Alex.
712 4261 779 4300 saec.
800 4246 848 4300 XI.
868 4245 938 4300 Diss.
958 4246 1006 4302 IV.
1026 4252 1071 4300 ert
1098 4245 1171 4300 XVI.
