2904 4834
391 507 512 564 romoni
530 507 717 564 Pontificatus.

526 823 586 886 11.

48 962 107 1026 Dc
121 962 352 1028 Romanis
375 962 697 1043 Pontificibus
718 963 866 1042 hujus
888 963 1078 1028 aetatis.

92 1138 139 1203 16.
179 1139 308 1203 Passim
338 1138 410 1224 jam
447 1137 542 1202 nobis
579 1139 614 1202 iu
648 1138 688 1200 iis
722 1160 807 1223 quae
839 1138 1115 1222 praecedentibus
1126 1157 1275 1198 usuariam

22 1236 294 1300 llissertatiouibus
317 1236 505 1300 accuratius
528 1236 796 1300 examinavimus
820 1236 944 1300 indicia
968 1258 1115 1300 occurre·
1150 1219 1174 1258 ⁵¹¹
1188 1218 1252 1261 Μ

21 1345 90 1415 runt,
120 1334 249 1398 saeculo
274 1355 360 1399 nono
384 1333 427 1398 ad
451 1333 551 1398 finem
576 1343 732 1417 vergente
762 1333 932 1398 Romanae
957 1333 1116 1398 ecclesiae

20 1453 47 1494 ac
72 1433 211 1496 civitatis
241 1432 464 1496 conditionem
495 1430 715 1496 difficiliorem
745 1431 863 1513 fuisse,
897 1434 1116 1518 gravioraque

21 1527 120 1592 ibidem
151 1541 183 1593 et
213 1531 261 1594 rei
293 1527 535 1594 ecclesiasticae
560 1539 592 1592 et
613 1530 661 1594 rei
686 1528 776 1594 civili
802 1529 1008 1594 imminuisse
1033 1532 1117 1614 peri-

19 1627 83 1692 cula.
128 1627 297 1708 Vidimus,
330 1638 399 1692 tum
429 1627 602 1695 Hadriano
634 1627 669 1690 ll
692 1639 762 1690 tum
786 1627 916 1692 Joanne
940 1627 1024 1690 VIII
1047 1650 1117 1712 reg·

19 1737 107 1803 rante,
123 1747 285 1811 proceres,
303 1727 374 1790 sive
391 1723 536 1808 singulos
553 1725 724 1810 quosdam,
738 1727 809 1790 sive
820 1725 965 1810 junctos,
980 1747 1119 1810 magnas

18 1843 170 1888 aerumnas
193 1834 294 1909 atque
316 1825 486 1908 angustias
502 1823 720 1888 Pontificibus
748 1822 812 1888 illis
826 1845 971 1909 parasse,
994 1825 1117 1887 varias·
1204 1815 1206 1818 ⁵

18 1941 65 2004 quc
91 1922 192 1988 fuisse
224 1921 383 1986 factiones
407 1920 574 2006 politicas,
607 1943 710 2008 quum
733 1920 789 1986 alii
813 1920 1050 2006 Imperatorem
1074 1943 1118 1986 ex

18 2015 194 2106 Carolingiis
220 2019 362 2102 Galliae,
394 2018 450 2082 alii
476 2021 643 2105 exstirpe
667 2017 867 2084 Germanica
890 2017 1028 2100 vellent,
1059 2019 1116 2082 alii

18 2117 137 2203 principi
151 2117 237 2182 Italo
256 2117 342 2182 banc
355 2115 551 2202 dignitatem
565 2116 800 2181 conferendam
812 2115 1060 2182 contenderent.
1073 2153 1116 2164 -

16 2213 306 2280 Animadvertimus
330 2216 440 2296 etiam,
466 2215 501 2278 in
524 2213 674 2300 pluribus
698 2216 779 2278 viris
802 2214 1035 2280 ecclesiasticis
1059 2217 1117 2300 qui

16 2316 132 2377 summis
146 2311 341 2378 muneribus
355 2311 589 2398 fungebantur,
613 2311 798 2400 quibusque
813 2311 991 2376 Pontifices
1006 2332 1118 2376 neces·

16 2411 82 2476 sario
113 2421 149 2474 nt
183 2399 442 2475 consiliariis'et
472 2409 679 2496 adjutoribus
710 2410 903 2491 utebantur,
938 2409 1117 2494 quamdam

15 2509 98 2574 animi
115 2511 377 2590 fluctuationem,
402 2510 668 2588 inconstantiam,
693 2507 919 2585 ambitionem,
936 2506 1117 2572 humanam

14 2608 104 2686 potius
128 2607 340 2693 prudentiam
357 2615 390 2670 et
403 2616 506 2670 artem
521 2605 691 2692 politicam
707 2607 863 2692 conspici.
893 2604 1005 2684 Quum
1019 2623 1118 2690 porro

15 2724 46 2764 ex
65 2727 236 2790 procerum
251 2703 475 2768 Romanorum
499 2702 635 2768 familiis
658 2705 712 2769 isti
734 2705 798 2767 viri
815 2702 1030 2768 ecclesiastici
1046 2724 1117 2786 pro-

15 2799 121 2884 dirent,
152 2800 391 2887 agitationibus
421 2822 551 2888 quoque
585 2800 728 2886 politicis
761 2811 793 2864 ct
816 2799 1015 2865 factionibus
1040 2821 1118 2864 mox

14 2897 97 2966 iidem
128 2900 290 2986 implicati
322 2910 408 2963 sunt.
456 2897 620 2964 Paulatim
651 2899 861 2964 incommoda
889 2900 951 2962 ista
975 2909 1007 2962 et
1031 2897 1118 2962 mala

12 2997 96 3062 etiam
120 3007 308 3076 creverunt,
333 2997 464 3064 influxu
487 2996 669 3062 factionum
693 3006 792 3082 atque
808 2995 969 3061 nobilium
984 2999 1018 3061 in
1033 2996 1120 3060 Pon-

12 3095 121 3160 tificum
155 3098 322 3161 creatione
352 3093 511 3159 tumultus
541 3093 747 3176 acciderunt,
779 3093 915 3160 libertas
949 3092 1118 3158 electionis

12 3191 164 3260 diminuta
187 3193 259 3274 fuit,
284 3193 385 3280 aliqui
401 3193 577 3258 Pontifices
602 3193 711 3256 minus
735 3191 827 3276 digni
853 3190 905 3255 vel
923 3193 1031 3256 minus
1048 3193 1116 3276 apti

12 3291 38 3351 in
67 3291 186 3358 Sedem
218 3291 445 3377 Apostolicum
480 3289 629 3355 collocati
664 3291 823 3354 intrusive
856 3290 999 3356 fuerunt.
1046 3290 1119 3354 Imo

10 3391 96 3454 ctiam
121 3391 298 3474 dignorum
313 3389 513 3455 Pontificum
536 3389 714 3454 auctoritas
737 3399 770 3452 et
785 3386 1044 3473 independentia
1059 3409 1122 3472 per

11 3489 167 3575 principes
196 3487 390 3573 nobilesque
413 3487 594 3567 Romanos,
629 3509 668 3550 ac
698 3485 751 3550 vel
783 3508 842 3572 per
864 3487 953 3569 ipsas
976 3483 1121 3549 familias

10 3587 186 3674 exquibus
208 3585 396 3672 prodibant,
422 3585 601 3649 admodum
627 3593 793 3648 coarctata
816 3594 849 3648 et
870 3581 1030 3668 impedita
1045 3582 1120 3663 fuit,

10 3683 227 3771 gubernioque
252 3683 344 3747 civili
369 3685 448 3769 ipsis
471 3682 540 3747 fere
564 3693 685 3768 erepte,
711 3705 831 3766 magna
855 3681 1039 3744 incivitate
1056 3679 1118 3743 Ro-

11 3802 96 3846 uana
119 3805 232 3847 rerum
254 3781 399 3846 turbatio
424 3791 494 3844 orta
518 3791 575 3846 est.
623 3777 729 3845 Simul
753 3801 831 3843 vero
847 3779 966 3843 inistis
983 3775 1121 3842 familiis

10 3883 188 3968 principum
212 3889 311 3966 atque
335 3879 506 3960 nobilium,
531 3887 600 3942 tum
617 3878 740 3942 Romae
765 3887 833 3940 tum
859 3879 892 3940 iu
917 3871 1118 3940 aliisItaliae

9 3977 199 4062 regionibus,
222 3977 367 4062 lugenda
390 3998 517 4041 morum
542 3975 701 4040 relaxatio
726 3975 969 4060 libidinumque
982 3968 1119 4037 licentia

10 4075 151 4142 invaluit.
197 4077 250 4140 Ex
281 4075 372 4139 hisce
403 4077 510 4138 causis
540 4097 578 4138 ac
609 4075 802 4161 praesertim
831 4095 872 4136 ex
897 4069 1123 4157 dependentia

11 4171 200 4238 Pontificum
235 4172 469 4258 electionisque
504 4193 617 4237 eorum
653 4195 673 4235 a
708 4170 907 4235 factionibus
945 4189 1118 4255 procerum

10 4273 129 4338 saeculo
163 4271 306 4352 decimo,
340 4271 463 4334 tristior
494 4269 550 4334 illa
573 4269 742 4334 Ecclesiae
765 4269 934 4333 Romanae
966 4269 1123 4354 provenit
