2932 4836
340 457 381 511 De
398 453 586 510 Decretalibrrs
604 451 886 510 PseudoIsidorisnis.
1122 451 1175 505 293

76 601 236 683 rersalem,
267 602 378 686 prouti
410 598 445 664 id
469 600 569 662 totins
591 595 762 662 Ecclesiae
786 618 865 660 cura
897 595 977 680 ipsis
1001 596 1175 660 commissu

75 697 260 785 requirebat,
294 699 340 762 ita
363 705 400 762 nt
422 698 634 782 antiquorum
659 715 825 760 canonum
855 691 990 780 quidem
1014 695 1175 760 rationem

74 796 225 878 baberent,
249 817 312 860 noc
335 805 445 860 tumen
470 793 619 859 absoluto
643 792 740 858 modo
765 793 805 856 iis
825 791 1048 874 determinari,
1073 790 1175 856 multo

75 897 169 958 minus
190 915 266 960 vero
292 894 443 978 restringi
465 900 637 957 censerent
658 891 888 956 anctoritatem
904 910 1008 954 suem.
1046 889 1174 956 Eadem

72 993 219 1079 principia
249 990 341 1077 apud
371 1011 427 1056 eos
456 997 652 1070 occurrunt,
688 1009 773 1075 quae
803 1010 829 1052 s.
858 985 1015 1052 Nicolaus
1044 996 1175 1054 secutus
1192 988 1214 1030 ⁸·
1229 988 1271 1030 ¹⁴⁰⁰
1281 986 1299 1031 ¹·
1315 987 1348 1034 ¹¹·

71 1102 121 1154 est
163 1089 295 1170 Quanto
319 1089 432 1174 vigore
463 1089 498 1153 in
530 1084 630 1152 rebus
653 1083 859 1152 difficillimis
889 1093 960 1149 turn
984 1083 1176 1152 Occidentis

71 1198 129 1252 tun
142 1185 287 1252 Orientis
310 1187 414 1271 egerit
436 1205 461 1252 s.
487 1186 560 1264 Leo,
584 1205 681 1250 nemo
705 1183 835 1270 estqui
859 1185 1006 1267 ignorat,
1031 1181 1177 1248 sufficiat

69 1283 115 1349 hic
135 1305 391 1350 commemorare
414 1282 614 1349 Theodoreti
643 1284 791 1368 episcopi
816 1279 896 1366 Cyri
919 1279 1175 1366 appellationem

67 1381 240 1470 adipsum,
265 1403 368 1469 quum
391 1405 411 1445 a
435 1375 713 1468 pseudo-synodo
727 1379 897 1466 Ephesius
920 1376 1072 1462 praeside
1097 1379 1174 1444 Dio-

67 1503 146 1545 scoro
177 1479 425 1561 Alexandrino,
462 1479 630 1564 depositus
663 1488 757 1544 esset.
805 1477 915 1559 Quem
947 1498 972 1540 s.
994 1475 1065 1540 Leo
1098 1497 1176 1542 mox

67 1581 213 1662 restituit,
239 1601 302 1644 noc
326 1599 364 1642 ea
388 1578 423 1642 in
446 1598 482 1641 re
506 1576 547 1641 ob
572 1586 757 1663 temporum
781 1577 941 1664 adjuncta
964 1576 1081 1641 modus
1104 1596 1174 1660 pro-

66 1675 194 1742 cedendi
223 1677 323 1761 juxta
356 1695 500 1740 canones
523 1674 738 1740 Sardiceusss
770 1674 939 1742 observari
970 1683 1107 1762 poterat.
1131 1711 1174 1719 -—

66 1773 124 1836 b'sd
148 1775 295 1860 Gregorii
317 1773 363 1836 M.
388 1783 476 1858 pastu
498 1793 617 1857 operae
649 1773 793 1857 pretium
817 1783 865 1838 est
888 1773 1056 1860 aliquanto
1080 1793 1174 1836 accu-

66 1861 158 1934 ratius'
179 1871 315 1954 afferre,
349 1891 451 1956 quum
483 1870 553 1956 ejus
576 1879 667 1936 aetas
690 1869 819 1936 Nicolai
842 1873 982 1957 tempori
1007 1871 1079 1956 jam
1103 1891 1174 1955 pro-

67 1970 133 2054 pior
160 1969 278 2050 fuerit,
314 1977 348 2032 et
377 1968 588 2032 manifestum
620 1969 680 2048 sit,
715 1968 752 2032 in
784 1970 940 2034 exercitio
969 1968 1174 2034 auctoritatis

66 2087 135 2132 snae
156 2089 195 2130 sa
218 2067 385 2152 principia
409 2066 516 2151 ipsum
541 2087 611 2130 esse
634 2075 794 2148 secutum,
819 2089 904 2152 quae
928 2068 1027 2132 etiam
1051 2067 1086 2130 in
1102 2063 1173 2130 Col-

64 2163 193 2230 lectione
216 2165 337 2230 Isidori
360 2165 581 2229 continentur.
630 2163 763 2244 Quanta
786 2166 982 2230 auctoritate
1003 2186 1080 2230 cum
1104 2164 1174 2252 qui·

65 2261 187 2344 bustis,
222 2284 290 2326 non
323 2259 561 2327 suburbicariis
589 2261 695 2326 solum
727 2271 760 2325 st
790 2261 920 2344 latinis,
956 2263 1014 2328 sed
1045 2262 1173 2346 graecis

65 2362 152 2424 etiarn
176 2359 358 2446 episcopis,
382 2357 615 2444 metropolitis,
640 2357 807 2442 exarchis,
839 2360 1036 2445 patriarchis
1060 2357 1173 2446 egerit,

65 2457 228 2522 innumera
249 2454 395 2542 probant
416 2456 568 2542 exempla
591 2458 627 2520 in
651 2455 819 2524 sexdecim
844 2458 1057 2544 epistolarum
1079 2456 1173 2522 libris

65 2553 159 2636 aiu,
184 2563 311 2636 monet,
335 2555 453 2638 arguit,
479 2553 643 2638 obsecrat,
668 2556 817 2640 increpat
840 2556 1058 2642 negligentes,
1083 2578 1172 2620 man-

65 2651 113 2716 dat
141 2665 175 2718 et
195 2655 343 2718 minatur
373 2651 685 2737 tergiversantibus,
720 2674 844 2739 poenas
877 2652 1051 2720 denuntiat
1074 2654 1171 2738 refra-

65 2751 173 2832 ctariis,
196 2748 435 2836 appellationes
458 2748 501 2814 ab
526 2769 637 2817 eorum
657 2749 796 2836 judiciis
819 2751 974 2818 admittit.

141 2848 194 2913 85.
227 2847 259 2911 A
282 2847 424 2912 Joannis
446 2845 659 2912 Patriarchae
684 2845 986 2934 Constantinopolis
1009 2850 1171 2914 sententis
1190 2851 1211 2895 ⁸·
1228 2854 1343 2905 “rm

65 2965 96 3007 eo
123 2957 268 3032 tempore
298 2943 341 3010 ad
371 2944 558 3010 Romanum
587 2944 784 3010 Pontificem
814 2946 996 3033 appellavit
1024 2946 1171 3011 Joannes
1246 2915 1275 2959 ι

65 3042 224 3128 presbyter
247 3041 528 3108 Chalcedonensis
551 3041 723 3108 haereseos
746 3041 938 3127 damnatum
968 3047 1025 3132 qui
1048 3067 1069 3109 a
1092 3042 1171 3108 Gre-

63 3143 142 3222 gorio
164 3141 336 3206 absolutus
366 3141 438 3206 fuit
487 3141 556 3206 Nos
586 3144 711 3226 itaque,
744 3141 859 3207 scribit
881 3142 1052 3224 Pontiferr,
1075 3141 1170 3228 facto

63 3237 182 3304 austu
291 3249 401 3303 noenu
434 3261 502 3302 curn
533 3238 713 3324 definitione
746 3239 930 3304 catholicum
962 3251 992 3305 et
1023 3239 1063 3304 ab
1087 3239 1172 3304 omui

64 3334 204 3402 bernw
228 3337 357 3402 emanue
371 3333 502 3400 liberum
517 3336 812 3418 cruentamur)
858 3337 965 3423 Rogat
987 3337 1065 3402 dein
1079 3337 1170 3401 Mau-

67 3433 164 3499 ritium
185 3435 442 3520 imperatorem,
476 3443 513 3496 ut
536 3444 706 3498 succurrat
729 3433 777 3498 illi
800 3434 991 3522 presbytero
1025 3444 1056 3499 et
1080 3443 1171 3498 curet

66 3551 130 3596 enm
156 3533 276 3618 gradui
300 3553 359 3597 suo
387 3531 558 3618 restitnifl)
604 3531 871 3617 Appellationem
902 3532 1042 3598 similem
1073 3554 1170 3619 oppo-

66 3643 163 3695 suerat
184 3628 321 3718 quidam
339 3627 498 3694 Claudius
521 3628 625 3694 abbas
648 3630 830 3694 sententiae
854 3629 1098 3716 metropolitani
1119 3633 1168 3694 sui

68 3723 325 3794 Ravennatensis.
361 3727 532 3794 Marianus
548 3727 647 3813 hujus
661 3726 888 3814 metropolitae
904 3749 1073 3792 successor
1085 3738 1169 3792 retu-

68 3819 136 3888 lerat
156 3825 199 3891 ad
219 3825 428 3911 Gregorium,
452 3823 613 3912 quosdam
637 3825 678 3890 de
702 3825 788 3890 clero
813 3836 846 3890 ct
867 3825 989 3913 populo
1013 3847 1071 3892 suo
1096 3848 1169 3891 con-

68 3922 202 4006 tendere,
235 3923 324 4011 quod
348 3933 461 3988 cenna
484 3922 573 4009 leges
605 3933 638 3988 et
662 3945 805 3990 canones
835 3934 984 4010 pugnent
1007 3924 1167 4011 ejusmodi

66 4019 296 4103 appellationes.
343 4020 532 4107 Respondet
554 4021 663 4108 Papa:
698 4021 862 4106 Numquid
891 4023 1045 4108 canipae
1074 4025 1168 4100 uosb,

70 4165 254 4182 Ἣ

130 4195 367 4304 ¹mumm
583 4233 829 4302 aarum
