2898 4836
386 493 500 548 loannis
520 493 575 548 XII
593 492 779 548 Pontificatus.
1109 493 1144 545 77

50 634 124 718 tpuod
139 634 275 698 Leonem
292 637 484 721 episcopum
500 645 532 700 et
541 637 707 702 Joanncm
724 635 934 700 Cardinalem
955 636 1143 719 diaconum,

48 754 117 817 (snos
137 732 283 796 Pontifex
317 732 486 818 legaverat
520 733 857 818 Constantinopolim,
890 743 989 820 atque
1019 733 1145 799 litteras

48 851 117 913 (luas
136 829 278 894 ferebant
301 832 453 916 intercipi
465 833 628 917 jussisset,
653 831 808 918 quodque
825 831 928 895 alium
952 834 1143 918 episcopum

47 941 72 988 ct
93 927 322 1012 presbyterum,
351 930 466 994 missos
490 929 533 993 ad
557 929 819 1015 praedicandum
843 929 1012 1012 Hungaris
1035 931 1144 994 Evan-

45 1025 148 1099 ueliun
172 1025 340 1089 custodiae
363 1027 561 1092 tradidisset.
608 1027 772 1092 Dehisce
797 1025 962 1111 capitibus
976 1026 1144 1112 legationi-

47 1123 95 1185 bus
122 1125 278 1209 utrimque
303 1126 411 1188 missis
435 1125 637 1211 diceptatum
663 1135 720 1203 est,
750 1127 830 1210 quin
855 1125 1031 1190 concordia
1054 1129 1144 1190 resti-

44 1231 178 1286 tueretur.
232 1221 285 1285 Ex
315 1233 408 1307 parte
440 1223 580 1287 loannis
613 1223 682 1287 XII
709 1221 808 1306 legati
841 1221 884 1286 ad
907 1223 1143 1308 Imperatorem

44 1319 156 1382 luerunt
178 1319 247 1382 Leo
272 1321 557 1406 protoscriniarius
585 1330 617 1383 ct
639 1319 830 1384 Demetrius
859 1343 900 1383 ex
930 1322 1145 1406 optimatibus

44 1416 196 1498 Romanis3
239 1417 422 1502 Imperator
460 1419 551 1482 misit
585 1417 628 1482 ad
665 1417 861 1482 Pontificem
898 1417 1144 1504 Luitprandum

44 1511 281 1579 Cremonensem
314 1526 346 1579 et
375 1515 613 1581 Landoardum
643 1539 663 1580 a
696 1514 843 1580 Saxonia
875 1515 1144 1580 Numendenscrn
1206 1535 1209 1545 ·

43 1609 261 1696 tilindensem)
294 1616 475 1700 episcopos.
531 1613 668 1688 (leuraam
704 1615 798 1676 etium
827 1611 996 1691 militibus,
1030 1615 1145 1678 scribit

45 1707 270 1794 Luitprandus,
304 1713 358 1775 lico
394 1713 570 1798 Imperator
597 1717 705 1800 justae
742 1713 908 1796 imposuit,
942 1721 976 1774 ut
1006 1713 1035 1775 si
1058 1737 1145 1781 sectos

43 1809 178 1871 Dardanios
200 1809 292 1894 Papa
309 1833 369 1873 asoa
387 1810 534 1886 crederet,
559 1808 664 1872 duello
679 1832 784 1872 ueram
799 1831 863 1872 cose
880 1808 1142 1894 approbarent...

43 1905 94 1966 ud
114 1929 172 1970 noa
189 1911 390 1996 juramento,
419 1931 482 1972 aon
505 1907 610 1970 duello
635 1907 720 1990 (jure
746 1907 860 1969 merito
885 1911 974 1984 sane)
1000 1907 1144 1993 ootitrfoc-

42 2005 139 2066 tionem
162 2003 255 2089 Papa
278 2006 415 2091 recipere
438 2005 550 2084 voluit,
584 2005 698 2068 sedin
728 2005 835 2067 eadem
866 2027 928 2090 quta
943 2004 1058 2090 folcrat
1089 2007 1144 2068 dro-

41 2103 105 2162 rito'o
122 2101 340 2186 permansit.¹)
387 2101 478 2166 Misit
508 2112 618 2166 tamen
642 2101 797 2166 Pontifex
828 2101 937 2166 adhuc
968 2125 1072 2166 novos
1102 2103 1143 2166 le-

40 2210 118 2278 gatos
141 2199 358 2263 Benedictunr
385 2198 596 2264 Cardinalem
622 2199 799 2264 diaconum
824 2210 856 2263 et
876 2201 1040 2266 Joannem
1064 2202 1143 2266 Nar·

42 2297 173 2361 iriensem
199 2299 400 2383 episcopum,
427 2298 482 2361 sed
507 2301 577 2362 sine
602 2299 719 2362 fructu.

63 2417 68 2425 “
118 2415 167 2478 Ῑ6.
215 2413 339 2478 Versus
369 2413 468 2478 finem
500 2415 579 2478 anni
608 2413 672 2478 963
697 2413 774 2478 Otto
806 2435 881 2476 curn
912 2415 1060 2477 exercitu
1084 2413 1210 2478 llo·Otto
1228 2425 1256 2465 Μ·
1275 2425 1317 2466 Bt-

38 2532 111 2574 niam
143 2512 310 2598 profectus
344 2522 406 2594 est3
440 2513 588 2576 Joannos
618 2511 689 2576 XII
723 2512 866 2597 primum
903 2510 1037 2596 quidem
1075 2535 1145 2576 sese
1211 2498 1262 2526 ’Μ’

37 2623 152 2674 strenue
178 2608 355 2672 defendere
379 2611 547 2694 cogitavit,
577 2632 616 2673 ac
640 2631 674 2672 se
703 2611 811 2694 ipsum
835 2608 936 2672 lorica
965 2609 1073 2673 induit
1097 2633 1144 2674 ar·
1217 2629 1220 2638 ¹

38 2728 140 2792 meque
165 2709 321 2792 sumpsit,
353 2707 409 2771 sed
434 2707 570 2772 consilio
588 2718 713 2771 mutato
738 2729 814 2771 cum
831 2705 1012 2770 Adalberto
1031 2707 1145 2792 fugam

36 2806 169 2889 arripuit.
219 2805 402 2889 Imperator
430 2805 546 2870 urbem
572 2807 738 2890 ingressus
766 2826 880 2869 omnes
903 2804 1035 2869 ordines
1059 2827 1144 2869 cotn-

37 2901 107 2983 pulit
129 2903 171 2966 ad
190 2903 438 2989 jusjurandum,
464 2927 497 2968 se
520 2903 676 2989 deinceps
700 2902 828 2967 nullum
852 2901 1012 2966 electuros
1034 2903 1144 2966 Ponti-

37 2998 128 3082 licem,
153 3002 217 3065 nisi
244 3023 285 3064 ex
309 3001 380 3086 ejus
405 3000 529 3087 filiique
554 3003 657 3086 ipsius
688 3001 893 3064 auctoritate.
939 3001 1072 3065 Deinde
1097 3002 1143 3064 in-

36 3095 109 3160 dixit
132 3100 167 3163 in
192 3121 291 3162 causa
315 3097 455 3164 loannis
485 3099 553 3163 Xll
583 3099 758 3183 synodum,
790 3121 875 3183 quae
907 3098 1057 3184 pluribus
1082 3121 1145 3162 ses-

37 3197 171 3260 sionibus
194 3219 307 3260 mense
331 3195 514 3261 Novembri
538 3221 577 3260 ac
601 3195 779 3261 Decembri
811 3195 899 3259 illius
927 3199 1005 3260 anni
1030 3199 1064 3260 in
1089 3195 1144 3259 ba-

36 3293 115 3357 silica
138 3319 164 3358 s.
192 3295 280 3358 Petri
309 3293 424 3358 habita
447 3305 505 3358 est.
553 3295 752 3378 Imperator,
784 3316 885 3379 quum
909 3294 1073 3359 Joannem
1098 3317 1144 3356 re-

36 3392 134 3455 sistere
152 3391 281 3456 videret
296 3389 546 3476 amplificationi
564 3392 610 3456 illi
627 3390 807 3476 imperialis
823 3393 1027 3455 auctoritatis
1044 3413 1143 3476 quam

36 3489 299 3576 prosequebatur,
328 3511 444 3553 revera
468 3489 510 3554 ob
535 3489 697 3575 ejusmodi
730 3491 854 3553 motiva
877 3489 1011 3574 politica
1035 3489 1143 3552 Ponti·

36 3585 119 3651 ficem
144 3611 161 3651 e
176 3585 262 3652 Sede
276 3585 466 3672 Apostolica
483 3587 625 3672 dejicere
650 3590 740 3652 nisus
757 3597 815 3652 est.
852 3587 1023 3650 Pontificio
1038 3607 1146 3650 mores

36 3686 248 3766 praebuerunt
278 3684 341 3749 hac
375 3687 408 3748 in
438 3708 472 3749 re
506 3695 729 3771 praetextum,
764 3707 866 3770 quum
899 3695 996 3748 antea
1029 3687 1062 3747 in
1092 3683 1144 3749 his

37 3782 107 3847 nihil
131 3785 320 3848 offensionis
344 3792 428 3846 esset
456 3785 640 3848 inventum.
691 3782 879 3847 Adfuerunt
907 3782 1032 3867 synodo
1061 3784 1143 3866 epis-

37 3883 100 3965 copi
122 3882 196 3946 Itali
222 3892 254 3946 et
278 3881 447 3963 Germani,
473 3883 529 3966 qui
554 3903 629 3944 cum
654 3879 775 3947 Ottone
800 3890 972 3962 venerant,
1006 3900 1142 3943 numero

38 3979 154 4044 circiter
184 3979 418 4065 quadraginta,
444 3977 637 4044 Cardinales
665 3979 851 4060 sexdecim,
887 3978 997 4065 plures
1021 3976 1142 4060 clerici,

38 4073 102 4139 laici
125 4077 251 4141 nobiles
267 4087 299 4140 et
319 4077 448 4142 milites.
486 4076 740 4161 ALuitprando
757 4077 891 4162 quidem
915 4087 1007 4161 gesta
1031 4076 1144 4160 depin-

40 4219 234 4230 —h—

101 4281 119 4348 ¹)
137 4281 176 4336 De
195 4281 274 4335 rebus
294 4283 380 4351 gestis
399 4281 507 4336 Ottonis
526 4299 547 4335 c.
567 4281 629 4341 Vll.
649 4281 667 4335 l.
687 4298 708 4333 c.
