2932 4836
305 481 358 534 290
463 480 536 534 XVI.
574 480 678 534 Causae
697 479 813 535 celebres
833 487 860 534 et
879 478 1033 534 Decretsles
1050 478 1275 534 Pseudo-Isidori.

397 624 450 688 80.
482 624 598 710 Neque
622 634 732 688 tamen
757 623 804 688 illi
829 645 990 704 canones,
1022 621 1143 709 quibus
1167 623 1285 686 modus
1307 621 1417 707 agendi

307 720 474 786 indicatur
506 723 609 787 variis
643 721 744 786 veluti
783 723 950 787 instantiis
982 731 1156 804 constans,
1196 731 1229 784 et
1260 722 1418 806 negotium

306 820 517 885 tractandum
541 819 728 906 disponitur
750 843 810 906 per
832 819 956 905 legatos
970 818 1143 884 Pontificio
1166 821 1201 883 in
1222 820 1417 904 provinciam

306 920 437 1000 missos,
468 917 550 982 tales
573 940 593 983 a
618 918 776 982 Romanis
799 916 1019 982 Pontificibus
1042 917 1148 982 habiti
1173 938 1320 1002 unquam
1344 927 1419 986 sunt,

306 1040 326 1080 a
355 1015 476 1101 quibus
510 1018 591 1101 ipsis
624 1016 665 1080 ob
696 1018 813 1101 gravia
846 1017 972 1080 motiva
1003 1037 1070 1080 non
1102 1015 1218 1079 lIceret
1250 1013 1419 1078 discedere.
1455 1071 1456 1110 p

306 1114 377 1177 Nec
401 1133 548 1199 unquam
573 1116 636 1200 ipsi
662 1123 870 1196 censuerunt,
896 1136 915 1178 a
939 1135 973 1178 se
998 1135 1065 1178 non
1084 1135 1178 1200 posse
1193 1111 1420 1198 appellationes
1455 1129 1456 1160 l

306 1209 575 1296 presbyterorum
599 1213 733 1298 suscipi,
758 1214 837 1299 quie
854 1211 894 1276 de
910 1211 1032 1276 talibus
1053 1209 1334 1298 appellationibus
1348 1209 1421 1275 nihil

307 1311 342 1373 in
367 1310 551 1375 canonibus
575 1310 732 1374 Nicaenis
761 1320 794 1374 et
816 1308 1070 1374 Surdicensibus
1094 1309 1311 1374 statuebatur.
1356 1309 1420 1372 Pas·

308 1408 371 1470 sim
404 1405 446 1470 ob
480 1407 594 1472 turbas
626 1408 815 1493 frequentes
848 1411 882 1472 in
907 1407 1061 1486 Oriente,
1098 1407 1270 1493 dispositio
1304 1406 1360 1470 illa
1388 1407 1421 1470 de

308 1504 584 1589 appellationibus
617 1529 659 1569 ne
691 1516 819 1591 poterat
842 1506 976 1592 quidem
1000 1509 1145 1588 servari,
1179 1509 1228 1571 uti
1251 1505 1374 1570 accidit
1394 1509 1421 1568 iu

299 1598 410 1667 *causa
433 1627 458 1668 s.
483 1605 624 1668 decumis
641 1602 878 1688 Chrysostomi,
903 1607 960 1690 qui
985 1605 1154 1690 depositus
1177 1604 1221 1669 ad
1237 1605 1421 1670 Pontificem

309 1701 541 1766 Innocentium
573 1702 590 1765 I
623 1701 829 1788 (sou-417)
862 1702 1054 1787 appellavit.
1099 1701 1287 1767 Noluerunt
1319 1703 1423 1766 adrer-

308 1801 387 1864 sarii
412 1799 482 1884 ejus
506 1810 538 1863 et
561 1801 761 1885 Imperator,
796 1800 886 1886 quod
908 1799 1124 1865 Innocentius
1147 1801 1258 1885 petiit,
1293 1798 1423 1863 concilio

308 1918 395 1961 novo
431 1908 544 1962 coacto
582 1897 808 1983 Chrysostomi
846 1919 980 1963 causam
1015 1897 1124 1962 denuo
1158 1906 1312 1961 tractare.
1367 1895 1421 1959 Sed

309 1994 466 2058 Pontifex
489 2019 515 2059 s.
538 1995 728 2060 Praesulem
751 1997 856 2060 tuitus
880 2005 945 2077 est3
969 1997 1167 2060 sententiam
1190 1997 1226 2061 in
1243 1994 1424 2082 Chrysosto·

309 2113 401 2156 mum
425 2092 526 2157 latam
551 2092 735 2179 approbare
759 2095 942 2176 recusavit,
974 2103 1007 2157 et
1030 2095 1176 2179 perrexit
1199 2115 1275 2158 eum
1309 2103 1347 2158 ut
1368 2096 1424 2179 epi·

309 2211 446 2276 scopum
469 2213 658 2277 agnoscere,
683 2202 822 2278 postque
839 2201 979 2256 mortem
995 2193 1099 2277 ipsius
1111 2190 1298 2256 Orientales
1314 2194 1422 2276 coegit.

310 2297 347 2352 ut
370 2309 491 2353 nomen
516 2289 586 2375 ejus
611 2289 779 2376 diptychis
802 2289 1071 2376 restitueretur.¹)

156 2423 290 2526 mim
401 2414 453 2478 81.
487 2413 588 2478 Porro
613 2413 700 2478 idem
729 2437 754 2479 s.
779 2414 994 2478 Innocentius
1018 2412 1185 2477 Decretali
1210 2413 1227 2477 I
1249 2413 1292 2478 ad
1317 2413 1424 2477 Victri-

208 2495 250 2527 ω’
311 2511 400 2574 cium
423 2509 735 2596 Rothomagensem‚
760 2535 793 2577 n.
808 2510 870 2577 III.
895 2521 1016 2596 mouet,
1035 2512 1135 2596 juxta
1159 2511 1424 2575 consuetudinem

310 2631 425 2673 cousus
447 2613 583 2698 majores
606 2609 795 2675 referendas
818 2631 889 2674 esse
913 2609 955 2674 ad
975 2608 1095 2674 Sedem
1111 2608 1340 2696 Apostolieam
1362 2622 1425 2694 post

305 2705 472 2794 judicium
498 2707 693 2793 episcopale.
741 2705 842 2772 Brevi
865 2717 940 2793 post
962 2707 1150 2771 Bonifatius
1173 2707 1189 2771 I
1222 2729 1273 2792 ep.
1300 2707 1341 2770 15
1365 2707 1425 2769 nni-

309 2805 433 2869 versim
459 2805 550 2885 dicit,
574 2807 729 2890 graviora
750 2807 883 2891 negotia
907 2805 950 2870 ad
966 2805 1087 2871 Sedem
1103 2803 1331 2891 Apostolicam
1355 2825 1425 2866 sem·

310 2923 370 2990 per
393 2924 463 2968 esse
486 2902 599 2969 relata.
641 2901 727 2988 „Sed
750 2905 829 2990 quia
853 2925 905 2968 res
923 2903 1077 2990 postulat,
1103 2903 1228 2985 scribit,
1251 2901 1424 2988 approban-

312 2999 392 3064 dum
425 3000 631 3066 documentis
664 3011 729 3082 est,
766 3003 929 3066 maximas
958 2999 1179 3066 Orientalium
1212 3000 1367 3065 ecclesias
1397 3001 1424 3061 in

311 3098 442 3182 magmis
466 3100 616 3184 negotiis,
640 3100 676 3162 iu
698 3097 820 3185 quibus
844 3119 926 3186 opus
943 3108 1027 3163 esset
1048 3097 1287 3184 disceptatione
1301 3097 1424 3184 majore.

311 3194 432 3260 Sedem
457 3218 586 3282 semper
610 3195 813 3261 consuluisse
837 3197 1037 3279 Romanam,
1073 3206 1106 3260 et
1127 3199 1256 3283 quoties
1281 3219 1358 3260 usus
1381 3216 1425 3257 ex·

387 3452 407 3522 ¹)
427 3453 469 3506 Ad
481 3451 621 3506 Liberium
634 3467 738 3519 quoque
750 3451 910 3508 Pontificem
923 3451 1088 3520 (eus-366)
1107 3453 1264 3520 provocavit
1274 3449 1425 3508 umatum

311 3532 478 3588 Sebastenus
497 3532 649 3600 episcopus,
678 3548 760 3599 quum
779 3532 806 3586 in
826 3531 939 3587 concilio
957 3531 1125 3587 Melitineusi
1142 3532 1281 3600 depositus
1300 3537 1381 3596 esset,
1398 3529 1425 3582 sb

312 3627 397 3680 eoque
416 3613 562 3667 restitutus
582 3618 631 3676 est,
653 3612 776 3680 quamvis
796 3617 878 3667 antea
895 3612 1016 3668 haeresis
1034 3613 1154 3667 Amarae
1171 3621 1313 3682 suspectus
1331 3612 1424 3666 suisa.

312 3691 389 3747 Haeo
412 3709 445 3747 ex
464 3692 580 3759 epistola
605 3692 679 3763 (263)
698 3691 723 3746 S.
743 3687 852 3748 Basilii
867 3693 902 3747 ad
921 3691 1107 3747 Occideutoles
1133 3693 1316 3762 comperimus.
1352 3691 1424 3757 „Cou-

312 3773 500 3842 stentinopoli,
520 3772 623 3840 scribit,
643 3773 742 3828 iterum
762 3773 945 3838 (Eustathius)
964 3787 1089 3828 meuses
1108 3777 1151 3828 est
1169 3771 1217 3838 iis,
1235 3788 1306 3840 quae
1323 3772 1356 3826 ab
1372 3771 1425 3824 bse-

312 3855 407 3910 rsticis
431 3854 570 3923 proposita
595 3852 715 3908 inerunt.
752 3855 844 3923 Atque
868 3855 910 3908 its
928 3869 961 3908 ex
979 3853 1136 3921 episcopatu
1161 3853 1277 3922 ejectus,
1295 3857 1425 3922 proptera

312 3932 385 4002 quod
409 3939 492 3990 antea
511 3933 652 3990 Metitinae
670 3933 808 4002 depositus
827 3938 911 4000 esset,
940 3932 1010 3987 hanc
1027 3932 1079 3987 sibi
1105 3932 1289 3988 restitutionis
1307 3932 1374 3986 viem
1392 3929 1424 3982 iu·

314 4015 405 4080 venit,
433 4022 466 4071 ut
483 4016 518 4069 ad
537 4031 585 4070 vos
603 4029 632 4070 se
651 4013 792 4070 conferret
831 4013 970 4082 Quaenam
988 4019 1080 4068 autem
1098 4012 1124 4068 ei
1142 4013 1281 4082 proposita
1300 4011 1424 4068 bierims

313 4094 469 4150 beatissimo
488 4095 610 4164 episcopo
627 4094 745 4160 Liberis,
764 4101 793 4149 et
811 4093 970 4163 quibusnam
988 4108 1113 4148 essemus
1131 4092 1182 4158 sit,
1202 4091 1361 4163 ignoramus
1378 4087 1423 4142 nisi

314 4175 385 4242 quod
409 4175 551 4243 epistolam
575 4173 686 4238 attulit,
715 4191 784 4243 quoe
802 4191 861 4228 eum
879 4173 1051 4240 restituebat,
1081 4175 1165 4240 etque
1190 4179 1299 4228 ostensu
1322 4168 1422 4226 concilio
1455 4191 1456 4220 l

312 4255 452 4323 Tyanam
473 4257 508 4324 (a.
528 4254 592 4322 367)
610 4254 639 4308 in
657 4269 735 4308 strum
753 4253 840 4308 locum
858 4253 1003 4308 restitutus
1022 4259 1090 4309 est.“
1455 4249 1456 4276 ³
