2922 4832
301 497 341 550 Ile
358 497 434 554 Rom.
453 494 629 552 Pontificibus
648 498 727 566 hujus
746 499 855 556 estatis.
1105 501 1160 556 906

54 640 203 728 plyluctus
233 641 411 720 ard-tectas,
440 639 513 706 licet
535 641 685 726 indipnaas
714 652 804 707 teuto
820 645 937 710 ordine
960 643 1099 709 moribus
1129 655 1161 708 et

52 739 151 824 sudu,
186 739 268 808 eadit
301 739 395 802 auum
423 738 502 824 plus
533 739 706 804 wdecim.
721 741 742 821 ¹)
790 740 917 809 llodem
940 741 1038 806 modo
1061 742 1161 808 silent

59 838 111 904 Leo
133 835 295 904 Ostiensis
317 837 356 903 L.
380 836 424 902 Il.
450 833 574 904 Chron.
599 836 727 902 Cassio.
752 861 781 903 c.
807 840 859 921 79,
883 849 915 904 et
929 840 1045 904 Victor
1066 840 1111 907 II.
1135 841 1158 908 l.

58 959 89 1014 c,
108 935 164 1002 ubi
187 935 228 1000 de
253 933 368 1000 codem
391 934 573 1000 Benedieto
598 945 802 1002 narrant-
816 936 1024 1020 Domberger
1047 939 1159 1004 existi-

57 1044 120 1116 mat,
142 1034 224 1100 forte
247 1033 282 1098 iu
306 1033 452 1108 numeris
475 1031 632 1098 mendum
656 1035 824 1120 irrepsisse
838 1034 929 1120 apud
944 1035 1157 1121 Rodulphunr

56 1132 173 1216 trister,
196 1141 359 1218 quatenus
379 1129 451 1194 loco
468 1130 583 1196 decem
600 1132 660 1213 (X)
672 1131 850 1217 legendum
862 1134 905 1198 sit
919 1133 1039 1216 viginti
1050 1133 1159 1220 (XX),

55 1243 82 1293 et
99 1231 165 1298 loco
180 1229 356 1296 duodecim
373 1228 467 1310 (XII)
482 1231 642 1314 scriptum
657 1230 757 1296 suerit
771 1229 1001 1315 duodeviginti
1014 1231 1159 1314 (XIIX).

56 1328 215 1394 Caeterum
239 1337 335 1412 urget
356 1329 483 1412 etipse,
508 1327 590 1394 alios
613 1337 763 1392 auctores
786 1350 855 1392 rem
872 1337 938 1392 tam
955 1327 1158 1413 singularem

54 1439 159 1507 tacere,
180 1427 294 1492 referri
305 1426 523 1490 Benedictum
547 1426 658 1490 statim
683 1425 881 1507 ordinatum,
906 1425 994 1512 quod
1018 1447 1098 1492 saue
1122 1429 1157 1492 iu

55 1549 141 1610 puero
165 1549 230 1592 nou
255 1525 427 1605 evenisset,
458 1545 519 1588 nee
543 1523 705 1608 eiusmodi
728 1522 853 1590 factum
877 1533 989 1590 censet
1011 1527 1159 1611 potuisse

54 1626 200 1705 accidere,
236 1624 317 1710 quin
340 1643 360 1686 a
385 1622 486 1686 variis
508 1621 725 1686 reclamatum
748 1623 880 1702 l'uisset3
921 1621 1072 1708 adeoque
1095 1624 1157 1689 Ro·

55 1723 175 1808 dulpho,
198 1722 436 1806 monaclzouapo
461 1721 561 1784 etiam
585 1719 706 1786 inaliis
730 1720 852 1785 dubiae
875 1719 965 1798 fidei,
981 1720 1072 1784 haud
1087 1743 1159 1786 esse

53 1819 283 1904 credendum.²)
329 1818 485 1882 Rationes
509 1817 579 1900 has,
608 1816 687 1882 licet
709 1839 776 1882 non
806 1819 1017 1901 stringentes,
1045 1829 1158 1884 umen

54 1922 121 1984 satis
143 1939 263 2005 graves
286 1938 356 1981 esse
380 1936 571 1994 censemus3
596 1916 784 1980 accuratius
807 1925 917 1980 autem
931 1919 1157 2001 quaestionem

53 2017 202 2082 discutere
226 2038 292 2082 non
318 2023 424 2079 vacat.

127 2135 180 2198 54.
211 2129 413 2196 Benedictus
436 2129 486 2192 IX
510 2129 644 2213 quidem
668 2130 703 2192 in
727 2127 826 2192 rebus
849 2128 992 2214 publicis
1015 2129 1154 2193 admini·
1173 2141 1276 2184 sitisse
1285 2143 1323 2185 ¹11-

50 2232 181 2297 strandis
205 2230 336 2315 ingenio
361 2239 393 2290 ct
415 2226 547 2291 solertia
571 2248 636 2290 non
662 2226 805 2308 carebat,
840 2227 898 2292 sed
922 2230 969 2292 uti
999 2229 1155 2309 diximus,
1188 2213 1299 2265 ’ΝΜ

52 2329 185 2393 moribus
219 2326 339 2391 Sedem
374 2323 602 2410 Apostolicum
642 2322 881 2389 dehonestavit.
934 2326 1032 2390 Anno
1072 2325 1157 2390 1044

49 2428 199 2491 seditione
223 2435 295 2489 orte
318 2445 335 2486 e
360 2422 446 2488 Sede
469 2422 594 2507 ejectus
617 2433 650 2486 et
673 2444 715 2486 ex
739 2422 821 2486 urbe
844 2423 959 2508 pulsus
982 2435 1040 2504 ost,
1065 2435 1098 2488 et
1122 2427 1156 2488 in

49 2523 147 2590 locum
183 2524 255 2609 ejus
289 2523 434 2586 intmsus
468 2519 616 2585 Joannos
650 2521 825 2606 episcopus
856 2519 1059 2602 Sabinensis,
1099 2525 1156 2609 qui

50 2623 184 2688 estesse-a·
206 2623 261 2686 ΙΙΙ
281 2641 402 2684 nomen
425 2619 613 2703 assumpsit.
638 2618 705 2682 Ists
722 2619 811 2683 dere
831 2619 947 2684 scribit
960 2620 1159 2686 Desidet-ius

48 2719 168 2785 Abbas:
201 2721 343 2803 Denique
367 2739 459 2802 quum
481 2717 628 2802 rapinas,
658 2717 780 2795 caedes,
805 2717 930 2802 aliaque
954 2716 1099 2802 nefanda
1121 2721 1157 2782 in

48 2820 215 2884 llomunum
243 2813 399 2902 populum
438 2811 602 2899 aliquanto
642 2825 778 2900 tempore
806 2817 872 2880 aine
904 2814 974 2879 ulla
1001 2816 1158 2880 dilutione

47 2929 143 3002 operm
165 2913 410 3004 (Benedictus),
444 2914 623 2998 concrepata'
651 2912 686 2976 ia
709 2935 805 2978 uotam
821 2913 952 2998 populi,
982 2915 1056 2999 quio
1090 2919 1158 3003 ejas

46 3017 209 3099 nequidem
232 3012 370 3098 ampl-ius
385 3011 477 3097 ferre
499 3010 680 3095 nequibunt,
705 3035 773 3074 eum
797 3035 817 3074 c
826 3011 1033 3097 pontificatus
1056 3014 1156 3078 catte-

45 3111 99 3176 dru
122 3112 333 3194 retardantes,
358 3109 433 3174 urbe
446 3109 581 3194 pellunt,
607 3108 798 3193 alterumque
822 3111 856 3171 iu
871 3109 937 3172 loco
952 3114 1030 3198 ejus,
1054 3111 1156 3176 Joca-

46 3233 106 3274 aeua
127 3210 274 3274 videlicet
288 3207 492 3273 Snbiaenacaa
515 3208 704 3292 episcopum,
727 3216 912 3270 nontamen
934 3230 1034 3271 vocuo
1049 3231 1158 3286 mauu,

43 3311 190 3374 cononica
217 3305 485 3394 parvipendentes
507 3305 643 3386 dae-eta,
677 3303 877 3368 mbstituunt.
912 3343 955 3352 -—
991 3305 1161 3371 Videntur

43 3409 194 3472 tamenin
209 3405 300 3470 hisce
323 3403 430 3468 turbis
454 3403 676 3466 intercessisse
700 3401 863 3484 nobilium
887 3411 994 3467 motus
1017 3404 1158 3490 politici,

44 3506 84 3568 ita
115 3515 153 3568 ut
186 3503 347 3570 Silvester
375 3501 427 3566 III
458 3503 492 3566 in
522 3499 643 3566 Sedem
667 3498 892 3586 Apostolicsm
932 3499 1160 3567 intruderetur

42 3605 215 3668 alaotione
231 3599 507 3681 crementorum,
523 3600 627 3684 quiin
641 3598 804 3663 territorio
817 3595 992 3662 Sabinensi
1009 3597 1156 3666 domina·

41 3700 200 3786 liuntur.⁸)
229 3737 273 3748 -
303 3699 415 3783 Pergit
437 3697 651 3762 Desiderius:
688 3695 751 3770 Qui
774 3693 944 3778 (Silvester
965 3695 1031 3782 ΙΙΙ)
1055 3697 1158 3762 trt'bus

107 3919 128 3986 ¹)
147 3917 246 3971 Boron.
266 3915 300 3970 ed
318 3933 343 3972 s.
364 3917 440 3971 1033.
460 3932 485 3970 n.
508 3916 532 3970 7.

106 4009 126 4072 Υ)
145 4009 179 4062 Β.
197 4007 244 4060 Vl.
264 4006 366 4061 Kritik.
385 4023 406 4060 s.
426 4006 469 4059 32.
489 4005 582 4062 Etiam
600 4003 805 4072 Hergenrttther
823 4002 895 4056 haud
913 3999 1036 4066 sequitur
1054 3999 1157 4054 Rodul-

41 4087 131 4156 phurn;
157 4087 355 4142 adolescentem
374 4087 491 4140 nondum
510 4084 613 4154 viginti
632 4099 763 4138 annorum
788 4083 854 4136 dicit
872 4080 1100 4148 Theophylactum
1120 4079 1158 4134 K.

40 4171 67 4222 tt,
87 4170 122 4224 11.
162 4210 168 4222 .
187 4169 245 4223 612.

106 4267 127 4334 ³)
141 4185 182 4320 pV.
203 4265 321 4330 Gfrorer,
340 4265 453 4333 Gregor.
473 4263 535 4319 VII.
555 4264 586 4316 B.
606 4262 653 4318 Vl.
673 4263 699 4318 S.
718 4261 780 4317 475.
