2952 4832
327 553 823 621 Dcfflfflmwffidmfflfflfst
1076 559 1130 612 ffi?

26 697 211 783 addiditque,
243 695 329 782 quod
357 698 383 759 si
409 719 466 759 rex
493 697 524 759 in
552 698 725 782 iniquitate
750 721 810 762 sua
834 711 1071 785 perseveraret,
1096 725 1132 766 se

26 796 227 860 anathematis
253 795 362 880 gladio
389 797 558 880 ipsiusque
589 798 681 878 regni
707 798 893 882 privatione
916 797 1131 883 plectendum

26 895 116 957 sciret.
162 894 273 974 Quum
317 915 376 956 rex
413 914 491 956 vero
530 893 712 957 identidem
754 897 960 979 promitteret
1001 918 1131 962 morum

25 993 283 1071 emendationem,
318 1003 350 1053 ct
381 993 516 1074 ignaria
542 993 651 1076 potius
681 1015 719 1055 ae
743 991 879 1056 levitate
908 1015 1006 1080 quam
1033 993 1132 1059 obsti-

25 1101 89 1151 nata
112 1091 325 1174 perversitate
351 1101 512 1173 peccaret,
544 1090 651 1152 minas
675 1112 740 1153 non
766 1103 941 1156 exsecutus
965 1105 1023 1160 est.
1072 1093 1133 1157 Le·
1202 1099 1205 1110 '

23 1189 172 1261 estimem
199 1187 424 1273 Apostolicam
449 1199 559 1250 autem
585 1187 627 1251 ad
652 1188 775 1252 abusus
799 1188 960 1253 tollendos
976 1191 1133 1255 Pontifex

24 1285 148 1348 credidit
164 1285 298 1368 llugoni
325 1288 479 1370 episeopo
496 1285 622 1364 Iliensi,
648 1288 703 1370 qui
728 1309 845 1350 revera
870 1289 980 1352 animo
1006 1291 1132 1354 invicto

22 1383 153 1447 otlr'cium
180 1405 276 1446 suum
301 1395 476 1446 exsecutus
501 1386 624 1468 optime
649 1385 688 1447 de
713 1386 946 1449 reformatione
961 1386 1133 1450 Ecclesiae

24 1482 143 1543 nreritus
167 1495 228 1543 est.
264 1479 472 1543 Terminarit
496 1481 678 1562 Gregorius
702 1484 800 1544 etiam
826 1481 916 1546 litem
941 1483 1133 1548 diuturnam

24 1577 96 1639 inter
118 1581 291 1663 episcopos
315 1579 507 1642 Britanniae
542 1580 678 1641 minoris
702 1590 734 1640 et
757 1583 1044 1666 archiepiscopum
1069 1583 1132 1646 Tu-

22 1697 193 1742 ronensem.
224 1675 389 1754 Vidimus,
410 1677 480 1760 ,jam
507 1677 637 1740 saeculo
663 1698 748 1740 nono
765 1676 977 1742 difficultates
1002 1691 1135 1744 exortas

21 1797 81 1836 esse
103 1797 140 1837 eo
165 1774 255 1859 quod
282 1773 517 1858 instigantibus
534 1775 726 1838 Britanniae
750 1778 888 1839 minoris
912 1778 1132 1863 principibus,

21 1869 59 1934 illi
88 1874 233 1956 episcopi
268 1893 333 1934 non
358 1894 392 1935 se
416 1872 648 1935 submitterent
680 1883 715 1935 ut
740 1873 1001 1958 metropolitano,
1034 1877 1137 1940 Turo-

22 1972 101 2032 nensi
138 1969 294 2055 praesuli,
326 1970 383 2033 sed
413 1972 583 2056 proprium
609 1969 732 2034 vellent
756 1970 1044 2056 metropolitanum
1071 1973 1136 2037 Do-

20 2064 130 2130 lensem
166 2067 294 2132 scilicet
323 2070 526 2154 episcopum.
583 2067 750 2132 Statutum
780 2069 858 2152 fuit,
895 2079 932 2132 ut
959 2074 1136 2156 episcopus

19 2163 214 2230 'furonensis
238 2165 481 2250 metropolitani
501 2166 579 2250 jora
603 2168 636 2230 in
664 2168 871 2232 Britanniam
897 2167 1044 2250 haberet,
1071 2172 1136 2234 l)o-

19 2260 90 2326 lensi
119 2275 232 2328 minen
264 2267 418 2349 episcopo
448 2263 549 2346 (illius
583 2267 739 2349 temporis
774 2265 902 2352 saltem)
936 2289 1015 2330 usus
1044 2269 1136 2354 pallii

15 2361 287 2446 concederetur¹).

100 2505 173 2569 104.
206 2503 243 2568 In
269 2505 464 2591 Hispaniam
488 2503 668 2588 Gregorius
691 2505 758 2568 VII
782 2504 906 2590 legavit
930 2506 1134 2571 Biclrardum

14 2597 233 2683 f'ardinalem,
265 2613 334 2666 tum
369 2613 405 2665 ut
435 2603 592 2686 abrogato
625 2603 689 2666 ritu
721 2601 863 2668 Gothico
897 2605 1008 2668 officia
1041 2629 1136 2669 sacra

16 2703 225 2764 constitueret
249 2700 432 2764 secundum
449 2702 548 2764 ritum
566 2701 763 2782 Romanum,
789 2713 859 2764 tum
877 2713 912 2764 ut
924 2701 1134 2788 Alphonsnm

14 2817 115 2881 regem
153 2797 316 2862 Castellae
349 2797 545 2883 perduceret
576 2798 618 2861 ad
651 2798 900 2888 dissolvendum
932 2801 1136 2887 conjugium,

14 2897 94 2978 quod
124 2920 204 2962 cum
246 2896 423 2960 defunctae
463 2897 613 2981 conjugis
639 2900 886 2980 consanguinea
917 2909 1137 2964 contraxerat.

14 2983 203 3078 ,llphonsua
233 2995 416 3059 secundum
443 2994 614 3058 Pontificis
649 2995 844 3059 mandatum
875 2999 1036 3060 incestum
1062 3019 1138 3061 con-

8 3089 137 3174 jugium
171 3093 324 3178 disrupit.
372 3093 411 3157 ln
440 3093 602 3176 Burgensi
637 3103 748 3156 autem
780 3094 906 3177 synodo
937 3117 1024 3159 anno
1054 3095 1139 3160 1080
1177 3131 1180 3137 ·

12 3187 179 3255 Romanus
205 3191 286 3254 ritus
310 3193 533 3275 praescriptus
557 3203 615 3272 cst,
640 3191 771 3276 aliaque
795 3193 837 3256 ad
852 3191 1062 3277 disciplinam
1088 3217 1137 3256 ce-

11 3285 240 3370 clesiasticam,
276 3289 449 3373 speciatim
485 3289 527 3353 ad
553 3289 748 3352 clericorum
782 3291 1021 3355 continentiam
1046 3313 1138 3376 spec-

8 3389 121 3461 tantia,
158 3387 338 3450 eonstituta
369 3396 455 3450 sunt.
492 3425 529 3433 -
574 3386 612 3450 lu
637 3385 755 3470 duplic
780 3397 860 3450 tuuc
883 3387 1045 3471 regnabat
1068 3389 1139 3454 Gu-

9 3479 139 3548 lielmus
166 3485 387 3562 Normannus,
424 3486 480 3571 qui
506 3485 541 3548 in
565 3483 742 3570 disciplina
766 3485 988 3550 ecclesiastica
1013 3487 1139 3552 tuenda

8 3595 54 3644 sat
79 3583 169 3646 bene
195 3580 362 3662 merebat3
388 3581 606 3672 indefectam
632 3593 689 3664 est,
715 3593 751 3646 ut
766 3582 958 3666 Gregorius,
983 3589 1139 3671 quamvis

8 3677 79 3762 jura
105 3679 282 3744 Ecclesiae
312 3683 435 3766 passim
468 3702 526 3744 rex
557 3679 715 3763 violaret,
752 3680 959 3765 indulgentia
992 3683 1139 3768 quadam

8 3786 168 3844 uteretur.
215 3777 255 3841 In
280 3777 430 3862 pluribus
454 3778 600 3863 epistolis
624 3779 777 3843 Pontifex
802 3782 1024 3865 conqueritur,
1049 3782 1140 3866 quod

8 3874 175 3962 impediat
210 3879 381 3962 episcopos
418 3878 595 3962 quominus
626 3876 764 3940 Romam
805 3877 1067 3962 proficiscantur,
1108 3891 1141 3942 et

8 3976 106 4038 etiam
135 3977 293 4049 minatur,
319 3995 353 4038 se
377 3975 553 4038 severitate
579 3977 612 4039 in
630 3995 705 4038 eum
731 3997 867 4039 usurum
884 3998 964 4041 esse.
996 3977 1138 4058 Qualem

9 4091 83 4136 vero
121 4074 318 4137 oeconomia
348 4072 503 4158 prudenti
536 4073 671 4158 elegerit
701 4074 862 4137 rationem
887 4075 1018 4158 agendi,
1049 4076 1138 4140 colli-

80 4319 483 4388 bfflQRQlem
