2922 4832
327 501 377 553 144
592 497 666 550 XIX.
686 496 892 550 Controversiae
910 500 940 550 et
957 493 1067 563 Imperii
1087 493 1197 549 indoles

327 651 527 726 peratorem,
560 641 713 726 quamvis
744 640 1012 706 convenientiam
1037 637 1216 724 quamdam
1240 640 1417 722 agnoverint,

326 748 363 802 ut
385 738 464 802 dum
489 739 588 821 stirps
613 737 738 802 directa
763 735 872 803 Caroli
897 747 1077 823 supererat,
1107 735 1186 800 inde
1208 735 1416 821 Imperatorem

326 837 509 921 seligerent.
559 835 626 916 Qui
656 835 733 900 dein
764 837 867 900 secuti
892 847 970 901 sunt
991 837 1026 900 in
1055 834 1118 899 bae
1142 833 1304 920 dignitate
1326 833 1418 918 prirci-

325 957 392 1022 pes,
418 957 461 998 ex
484 934 684 998 feminarum
699 943 792 1018 parte
816 955 893 998 cum
911 931 1028 998 Carolo
1043 933 1089 998 M.
1114 931 1342 996 cohaerebant
1363 931 1419 994 Post

326 1043 464 1098 mortem
488 1031 684 1115 Bercngarii
717 1053 777 1117 per
799 1031 926 1118 aliquot
958 1031 1120 1096 decennia
1146 1032 1326 1116 Imperium
1349 1051 1420 1092 vaca-

326 1134 392 1212 vit;
426 1129 522 1215 plena
554 1141 666 1194 autem
695 1129 846 1194 libertate
877 1131 996 1194 iterum
1027 1151 1105 1194 usus
1136 1138 1185 1193 est
1207 1129 1352 1194 Joannes
1371 1125 1419 1190 Xll

326 1230 406 1294 dum
430 1226 586 1294 Ottonem
610 1228 882 1312 Ilmperatorem
899 1229 1082 1308 coronavit,
1107 1249 1168 1292 nec
1191 1249 1252 1312 per
1274 1248 1310 1290 se
1332 1224 1420 1290 Ottori

320 1329 377 1413 jus
401 1326 569 1412 quoddam
594 1325 811 1410 competebat.
851 1324 918 1392 Sed
942 1327 1058 1390 merito
1083 1325 1124 1390 ob
1141 1326 1324 1410 potentiam
1344 1345 1421 1409 quau

326 1427 397 1509 ipse
420 1436 458 1488 ut
480 1423 680 1488 Germaniae
705 1445 764 1488 rex
782 1423 855 1508 jam
879 1425 1089 1509 acquisierat,
1118 1434 1219 1510 atque
1242 1423 1285 1488 ob
1310 1424 1424 1486 virtutes

326 1521 447 1609 quibus
464 1521 630 1604 excelluit,
655 1521 811 1586 Pontifex
834 1543 910 1586 eum
928 1523 1056 1587 censuit
1079 1521 1218 1607 dignum
1242 1531 1276 1586 et
1292 1521 1422 1585 idoneum

326 1622 380 1686 cui
404 1641 526 1686 corona
550 1619 731 1706 imperialis
759 1619 972 1685 conferretur.
1020 1617 1105 1684 Oum
1136 1621 1341 1684 restrictione
1361 1619 1424 1702 ejus-

326 1717 416 1783 modi
448 1726 578 1784 tautum
609 1717 740 1782 admitti
773 1727 911 1803 possunt
935 1717 1037 1782 verba
1060 1718 1192 1784 Ottonis
1215 1717 1423 1800 Frisingeusis.

326 1816 406 1880 dum
439 1816 480 1880 de
508 1814 630 1882 Ottoue
663 1815 708 1880 M.
742 1813 857 1880 scribit
887 1816 922 1879 in
959 1815 1123 1881 Chronico
1156 1815 1210 1902 (L.
1235 1814 1296 1879 Vl.
1321 1837 1347 1878 c.
1368 1812 1424 1878 tlt:

326 1915 389 1978 Hic
422 1925 468 1978 eat
501 1915 589 1992 Otto,
623 1915 677 2000 qui
709 1915 875 1999 imperium
908 1916 1122 1980 Romanorum
1156 1915 1272 1978 virtute
1311 1935 1366 1976 sou
1395 1909 1449 1980 td]

327 2013 467 2077 Francos
491 2012 661 2076 orientales
684 2013 824 2076 reducit.
871 2012 941 2077 Nec
965 2021 1078 2096 postea
1103 2033 1160 2098 per
1183 2035 1218 2076 se
1242 2031 1426 2076 successores

326 2111 458 2174 Ottonis
482 2112 515 2174 in
540 2131 641 2195 regno
666 2109 867 2174 Germaniae
899 2131 1054 2175 coronam
1087 2107 1293 2195 imperialem
1326 2105 1382 2173 sibi
1401 2105 1449 2182 nl

327 2207 472 2274 debitam
498 2207 672 2274 vindicare
695 2216 857 2293 poterant.
897 2207 964 2272 Sed
982 2209 1054 2293 jam
1079 2229 1117 2271 oa
1141 2207 1230 2272 facta
1252 2216 1304 2271 est
1320 2205 1449 2276 illorum}

326 2327 440 2390 regum
473 2308 622 2392 potentia
652 2317 685 2370 et
719 2307 916 2388 auctoritas,
953 2317 990 2369 ut
1014 2308 1248 2372 continuarent
1270 2303 1449 2372 Pontifices}

327 2405 407 2488 ipsis
430 2405 579 2470 conferre
602 2405 803 2490 Imperium,
833 2413 934 2490 atquc
967 2405 1013 2468 ita
1037 2425 1079 2468 ex
1107 2403 1349 2468 consuetudine
1370 2390 1449 2486 pan-l

260 2573 270 2588 .
325 2501 419 2566 latim
438 2502 494 2586 jue
519 2501 687 2588 quoddam
711 2500 858 2584 inolevit,
885 2503 1002 2587 utqui
1027 2503 1225 2568 constitutus
1253 2513 1327 2566 erat
1348 2501 1379 2562 in
1396 2517 1427 2558 rr·

325 2621 400 2684 geru
425 2598 636 2680 Germaniae,
662 2601 689 2663 si
713 2599 835 2682 dignus
858 2599 1101 2680 inveniebatur,
1125 2601 1226 2664 etiam
1250 2601 1287 2664 iu
1307 2598 1449 2686 Impera-l

327 2709 430 2762 torem
456 2709 678 2762 coronaretur.
1448 2687 1449 2762 l

417 2876 470 2940 46.
504 2875 581 2941 Otto
605 2875 651 2940 ll.
670 2876 793 2942 Joenni
814 2874 892 2956 XII,
916 2886 1094 2962 autequam
1118 2885 1342 2952 coronaretur,
1359 2873 1429 2957 jura·

231 2959 258 2988 ⁰¹
271 2959 313 2989 ‘'¹¹''
328 2983 478 3038 mentum
505 2974 686 3058 praestitit,
719 2994 783 3060 quo
815 2975 965 3060 promisit
994 2975 1234 3060 protectionem
1267 2969 1429 3035 Ecclesiae.

328 3079 361 3134 et
384 3071 604 3136 reverentiam
629 3071 776 3136 debitam
800 3094 879 3156 erga
894 3073 1081 3138 Romanum
1096 3070 1307 3136 Pontificem.
1344 3067 1430 3132 Juvat

329 3171 430 3234 citare
454 3179 582 3233 textum
605 3171 638 3234 in
665 3167 793 3254 Corpus
815 3171 907 3236 Juris
931 3181 1117 3257 receptum,
1150 3179 1188 3232 ut
1220 3177 1430 3253 cognoscatur-

330 3266 442 3352 qualia
469 3267 592 3330 fuerint
621 3267 784 3353 ejusmodi
811 3269 1010 3354 juramenta.
1063 3268 1136 3333 Tibi
1162 3268 1303 3332 Domino
1327 3258 1432 3330 Jaaaoi

329 3365 439 3450 Papae
464 3386 517 3450 epo
547 3387 606 3428 rete
633 3365 706 3430 Otto
725 3367 910 3453 promittere
940 3377 970 3431 et
984 3372 1100 3458 jurare
1119 3366 1214 3452 focio
1238 3389 1304 3454 par
1328 3363 1430 3427 Parem

330 3471 361 3527 ct
384 3461 500 3527 Filium
523 3472 553 3527 et
577 3461 733 3550 Spiritum
756 3462 924 3544 Sanctum,
949 3475 979 3529 et
996 3489 1059 3552 per
1091 3464 1210 3550 liquam
1232 3462 1288 3526 hoc
1312 3457 1428 3544 anfus

329 3561 430 3625 crucis
454 3571 483 3624 et
499 3584 563 3648 per
585 3561 642 3625 las
664 3559 817 3648 reliquias
841 3561 1042 3642 Sanctonrm,
1074 3561 1157 3650 qood
1185 3563 1216 3626 ai
1238 3559 1429 3648 (panorm

331 3655 482 3745 Domino)
506 3659 641 3723 Romam
662 3681 785 3740 roomo,
810 3657 960 3724 Sanctam
983 3661 1160 3727 Romanam
1183 3657 1347 3724 eccleciam
1368 3665 1394 3716 el
1412 3660 1430 3708 l'

330 3765 479 3820 rectorem
501 3758 603 3844 ipsios
627 3755 775 3822 scaltobo
799 3757 968 3824 secuudum
986 3781 1081 3848 pocae
1104 3781 1213 3838 meum,
1237 3771 1268 3822 et
1292 3771 1430 3839 aunqoor

331 3856 439 3932 vitum,
463 3863 519 3918 out
542 3855 688 3934 membru,
713 3865 743 3920 et
765 3857 870 3944 t'psmn
891 3857 1047 3935 bonorem,
1072 3880 1160 3944 quem
1179 3857 1285 3936 labes,
1311 3875 1376 3918 meo
1396 3871 1430 3904 rn-

333 3951 465 4030 latatote,
490 3963 546 4016 aut
568 3977 634 4018 meo
658 3953 800 4034 coomb'o,
825 3965 881 4019 act
904 3977 969 4018 meo
993 3977 1153 4033 consensu,
1178 3965 1235 4019 aut
1253 3976 1322 4018 meo
1345 3949 1431 4014 mr·

334 4049 454 4113 tatione
479 4051 617 4138 perdea,·
650 4061 679 4116 et
708 4055 742 4116 io
766 4053 913 4118 Romana
936 4053 1011 4118 urbe
1039 4051 1161 4117 nullum
1187 4051 1363 4140 placitum,
1391 4055 1430 4103 ‹ra‘

334 4145 566 4212 ordinationem
580 4147 710 4235 sociam
742 4149 780 4214 de
805 4149 947 4215 omatibus
969 4175 1049 4236 quoe
1080 4149 1124 4215 ad
1152 4161 1181 4215 te
1211 4161 1267 4214 out
1291 4151 1431 4213 nouos<

329 4246 501 4332 pertineat,
526 4248 592 4310 sine
616 4257 668 4313 tuo
691 4246 833 4329 canalio,
864 4259 893 4312 et
916 4249 1071 4336 quidquid
1093 4250 1132 4316 de
1156 4259 1242 4314 terra
1270 4245 1372 4312 aursen'
1391 4239 1421 4302 Ρ(
