2922 4832
170 3102 287 3154 Paphnuttt

174 3165 290 3206 renuntia.

319 491 371 544 loo
541 492 601 548 XX.
633 493 672 548 De
689 499 766 549 statu
784 493 855 551 Eect
874 495 961 550 medio
979 510 1047 551 saec.
1067 495 1216 551 undecimo.

319 636 483 716 monium,
517 634 575 700 sed
599 634 674 700 telis
706 659 748 701 ex
779 637 866 702 clero
890 637 1146 720 excludebatur3
1179 641 1312 723 gravius
1332 641 1407 704 etiau

318 732 528 816 puniebatur,
553 735 579 796 si
594 734 845 800 fornicationem
859 735 912 800 vel
926 735 1126 801 adulterium
1139 736 1364 803 committebat.
1381 737 1408 802 ld

318 829 483 915 colligitur
517 853 559 896 ex
590 833 716 916 syuodo
748 833 993 900 Neocaesnroae
1025 837 1058 898 in
1094 833 1307 921 Cappadocia
1339 838 1408 900 initio

316 927 441 994 saeculi
466 932 572 1015 quarti
599 931 699 1016 (inter
713 954 817 996 annos
833 931 1025 1014 314-325)
1044 931 1169 1012 habita,
1194 934 1289 1019 cujus
1311 955 1409 998 canone

321 1029 357 1091 1⁰
380 1029 550 1092 statuitur:
591 1028 759 1114 Presbyter
789 1031 818 1094 si
845 1053 975 1094 acorem
999 1030 1147 1108 duruerit,
1179 1031 1219 1094 ab
1250 1032 1353 1096 ordine
1371 1055 1410 1096 ιιι

317 1125 408 1189 illum
431 1126 549 1211 deponi
571 1125 699 1206 debere,
723 1128 836 1212 quodsi
849 1127 1035 1213 fornicatur
1048 1128 1154 1214 faerit
1177 1127 1227 1192 val
1250 1129 1409 1193 adalmnun

317 1225 521 1302 commiserit,
550 1234 641 1288 entra
664 1225 839 1289 Ecclesiam
862 1225 960 1313 abjici
989 1236 1019 1288 ct
1042 1227 1086 1290 ad
1102 1228 1333 1312 poenitentiam
1352 1229 1412 1289 inter
1445 1293 1446 1314 ,

317 1319 417 1384 laicos
441 1322 544 1406 redipi
572 1323 735 1409 oportat.¹)
782 1321 938 1388 Strictam
969 1345 1047 1387 vero
1081 1325 1306 1390 continentiae
1326 1347 1411 1410 perpe·
1445 1359 1446 1406 3

317 1429 395 1483 tuae
427 1418 535 1504 legem
568 1442 626 1505 pro
658 1423 837 1507 episcopis,
874 1419 1076 1506 presbyteris
1109 1445 1147 1486 ac
1181 1421 1329 1487 diaconis
1357 1422 1412 1486 tulit
1445 1443 1446 1460 ι

318 1517 496 1582 concilium
520 1517 774 1582 Elliberitauum
805 1521 839 1582 in
864 1519 1029 1604 Hispania
1065 1541 1152 1584 anno
1176 1521 1243 1585 306
1276 1520 1410 1585 habitan.

318 1637 392 1680 can.
416 1617 492 1680 33⁰:
530 1616 653 1681 Placuit
681 1618 716 1680 in
744 1628 841 1682 totum
862 1617 1031 1704 probibere
1055 1620 1226 1704 episcopis,
1246 1619 1446 1712 presbyteris
1445 1661 1446 1680 ι

319 1725 349 1776 et
373 1713 568 1796 diaconibus,
598 1715 647 1779 vel
670 1715 810 1780 omnibus
834 1713 956 1780 clericis
975 1717 1094 1802 positis
1117 1718 1152 1780 in
1175 1718 1354 1792 ministerio,
1374 1713 1446 1780 cir-i

318 1813 435 1874 sane-re
458 1833 490 1876 sc
515 1835 535 1875 a
559 1813 740 1902 conjapibns
764 1815 882 1878 suiset
913 1835 977 1877 nort
999 1837 1149 1898 pererrare
1168 1812 1278 1898 filios:
1307 1816 1446 1926 quirunt-p

319 1931 376 1995 que
407 1931 478 1972 cero
505 1909 637 1994 feccrit,
672 1911 710 1974 ab
743 1912 856 1975 bonore
887 1911 1053 1976 clericatus
1086 1913 1319 1976 amterminetur.
1325 1911 1348 1996 ²)
1385 1883 1446 1972 lul

318 2004 458 2071 concilio
491 2005 671 2090 Ancyrano
702 2007 744 2095 (a.
779 2007 858 2092 314)
891 2010 1046 2074 statuitur
1075 2018 1185 2072 tamen
1216 2032 1289 2074 can.
1320 2009 1368 2084 9⁰,
1389 2021 1446 2069 ιι
1445 2051 1446 2116 ,

320 2102 515 2186 diaconi,'s1
538 2107 574 2168 in
589 2108 797 2190 susceptione
820 2105 1014 2170 diaconatus
1030 2105 1204 2190 edixerint,
1229 2129 1264 2171 se
1287 2131 1306 2172 a
1329 2107 1413 2170 matri·

320 2203 430 2266 monio
454 2201 621 2267 abstinere
635 2202 726 2268 haud
750 2202 844 2286 velle,
870 2226 909 2268 ac
924 2203 1138 2269 nihilominus
1154 2205 1291 2270 admissi
1306 2206 1414 2269 fuerint.
1445 2225 1446 2258 ι

319 2301 461 2386 possint,
497 2303 597 2366 etiam
629 2303 655 2365 si
689 2324 808 2366 uxores
841 2301 980 2382 ducant,
1019 2304 1053 2365 in
1086 2304 1271 2367 ministerio
1295 2323 1413 2368 manere.

319 2398 460 2462 Diaconi
481 2402 653 2485 quicunque
678 2400 868 2464 ordinantur
891 2402 920 2464 si
942 2402 977 2464 in
1000 2401 1073 2485 ipsa
1097 2401 1299 2465 ordinatione
1316 2411 1415 2487 protre-

321 2498 383 2559 tcti
405 2508 490 2575 snat,
522 2509 551 2561 et
574 2499 740 2576 dicerunt,
771 2497 849 2562 uelle
882 2520 913 2562 se
937 2499 1079 2586 conjupio
1103 2497 1263 2583 copulari,
1296 2500 1364 2586 prtia
1383 2498 1415 2557 sir

320 2618 447 2658 manere
470 2619 533 2659 non
552 2607 705 2680 possunt:
736 2597 777 2673 ti,
810 2596 1056 2682 sipostmodnm
1078 2617 1194 2660 umores
1222 2597 1374 2671 demerim,
1393 2595 1415 2655 ιἰι

320 2694 494 2757 ministerio
518 2704 684 2772 maneant,
712 2705 886 2780 propterea
917 2693 1000 2778 quod
1023 2694 1068 2756 eis
1091 2695 1257 2780 episcopas
1279 2694 1416 2758 licentius

321 2789 453 2854 dederit
504 2789 692 2876 Quicumque
725 2814 800 2854 acne
837 2793 1010 2868 taeterrimi,
1043 2801 1072 2853 et
1105 2795 1299 2878 susceperint
1330 2811 1418 2854 munus

320 2889 565 2972 impositionem,
590 2888 735 2975 professi
757 2891 994 2966 continentiam,
1029 2899 1058 2952 et
1076 2899 1190 2974 postea
1217 2891 1338 2976 nuptiis
1359 2883 1417 2948 olli·

320 2988 389 3070 ραι(
411 2997 492 3068 sunt,
518 3011 538 3049 a
562 2987 735 3050 ministerio
759 3009 880 3050 cessare
905 2985 1099 3073 debebunt.³)

412 3101 442 3165 9.
481 3101 642 3165 Referunt
664 3101 815 3167 Socrates
839 3101 878 3184 (Ι.
913 3102 979 3183 11),
1010 3099 1212 3166 Sozomenus
1244 3102 1285 3189 (1.
1313 3101 1373 3186 23),
1395 3113 1418 3160 er

322 3197 475 3263 Gelasius
500 3197 685 3284 Cyzicenus
710 3199 767 3286 (ΙΙ.
792 3199 859 3285 23),
885 3199 1070 3264 Concilium
1087 3200 1273 3264 Nicaenum
1298 3199 1417 3264 voluisse

323 3298 470 3360 strictam
495 3297 675 3362 coelibatus
699 3308 731 3361 et
755 3300 978 3362 continentiae
992 3298 1098 3381 legem
1124 3308 1277 3375 statuere,
1302 3297 1355 3362 sed
1369 3315 1416 3359 mo-

322 3403 420 3458 nente
443 3394 631 3480 Paphnutio
656 3394 801 3481 Aegypti
834 3398 1005 3482 episcopo,
1034 3395 1243 3460 abstinuisse.
1289 3393 1417 3480 Paphnu-

321 3493 405 3556 tium
430 3494 605 3575 censuisse,
630 3492 791 3574 sufficere,
816 3505 853 3558 ut
872 3494 968 3579 juxta
991 3495 1163 3580 antiquam
1187 3493 1354 3557 Ecclesiae
1374 3507 1418 3552 trs·

323 3589 482 3654 ditionem
507 3590 681 3676 presbyter
704 3590 832 3655 coelebs
849 3614 985 3656 uxorem
1011 3589 1132 3656 ducere
1156 3612 1222 3656 non
1247 3593 1354 3678 possit,
1375 3585 1417 3650 sed

322 3686 475 3774 reliquis,
504 3690 562 3774 qui
580 3689 652 3774 jam
677 3690 887 3754 matrimonio
907 3690 1015 3775 juncti
1048 3711 1157 3754 sacros
1180 3689 1313 3754 ordines
1335 3705 1418 3751 suscr-

323 3786 447 3870 perint,
480 3788 629 3850 strictum
654 3788 876 3851 continentiae
900 3797 1113 3873 praeceptum
1137 3789 1320 3872 imponere,
1348 3779 1417 3848 band

323 3905 394 3947 esse
417 3893 651 3970 opportunum.
698 3887 884 3949 Maximum
915 3907 993 3949 vcro
1019 3907 1056 3950 eo
1080 3895 1227 3972 tempore
1247 3885 1317 3969 jam
1339 3883 1417 3947 fuisse

324 4031 537 4039 ———-—-

397 4107 417 4174 ¹)
435 4107 481 4162 Ita
499 4107 528 4160 in
547 4106 614 4162 Jure
632 4122 691 4162 can.
712 4107 787 4161 Docr.
807 4105 883 4162 Grat.
903 4107 975 4164 Dist.
993 4105 1106 4161 XXVII.
1126 4121 1148 4162 c.
1168 4106 1193 4160 9.
1212 4106 1245 4160 V.
1265 4105 1352 4161 labbe
1367 4101 1415 4156 (ol.

322 4187 402 4242 Oonc.
420 4187 451 4240 T.
469 4188 491 4240 Ι.
513 4189 588 4240 1479.

396 4267 416 4334 ²)
436 4267 527 4322 Labbe
546 4269 568 4323 Ι.
587 4267 648 4321 9⁷4.
923 4267 945 4337 Ι)
964 4266 1055 4322 stbe
1072 4267 1095 4324 Ι.
1116 4267 1193 4322 1467.
