2904 4834
282 510 302 564 4
471 504 575 561 XVIII.
593 505 634 560 De
652 504 781 563 Romule
796 503 976 570 Pontificibus
994 503 1095 566 saeculi
1114 505 1216 561 decimi.

285 660 318 715 et
341 651 494 736 quamvis
518 649 722 714 calamitates
744 647 908 733 lugendae
931 649 1115 717 acciderint
1138 652 1259 732 variae,
1294 661 1391 716 mmeu

286 758 455 831 censeant,
486 746 656 824 saeculum
680 745 769 810 istud
792 767 1003 832 nequaquam
1026 757 1106 811 tam=
1119 747 1275 824 ferreum,
1299 747 1394 835 plum·

286 845 404 927 beum,
435 845 612 926 obscurum
642 844 760 926 fuisse,
792 841 889 929 quale
919 845 1054 930 depingi
1085 845 1183 925 solet,
1212 847 1270 912 sed
1295 847 1395 912 multis

288 966 418 1030 quoque
432 943 528 1008 honis
544 943 645 1021 fuisse
657 940 871 1022 foecundum,
895 952 994 1028 atque
1009 945 1110 1010 etiam
1126 953 1206 1010 time
1221 945 1394 1012 Ecclesiam

289 1064 346 1106 suo
371 1041 546 1127 splendore
568 1039 756 1127 nullatenus
780 1042 935 1107 caruisse.

116 1145 279 1200 hostioru-
376 1141 407 1204 3.
438 1137 483 1202 Et
514 1160 549 1203 re
581 1137 716 1224 quidem
746 1159 826 1202 vera
857 1160 901 1202 ex
931 1139 1003 1224 ipsa
1033 1139 1202 1203 Ecclesiae
1236 1140 1345 1205 indole
1371 1157 1396 1204 et

287 1237 452 1302 concessis
487 1237 517 1300 ei
549 1258 609 1321 per
627 1245 808 1310 ,auctorem
843 1233 1010 1300 Christum
1043 1237 1228 1302 Dominum
1265 1239 1396 1305 dotibus.

286 1336 465 1400 vehemens
490 1331 654 1420 colligitur
677 1333 920 1420 praejudicium
944 1343 1059 1400 contra
1077 1335 1253 1420 ejusmodi,
1277 1337 1396 1422 qualem

285 1434 387 1522 uarii,
406 1442 556 1496 auctores
590 1441 758 1514 asserunt,
793 1429 993 1516 profundam
1029 1441 1061 1496 et
1095 1431 1289 1498 diuturnam
1321 1434 1398 1498 illius

286 1533 404 1596 aetatis
430 1530 683 1616 corruptionem.
730 1529 864 1594 Etenim
888 1527 1039 1596 Ecclesia
1071 1530 1224 1616 praedita
1253 1543 1303 1596 est
1332 1544 1396 1598 nota

286 1628 488 1713 sanctitatis,
525 1647 609 1714 quae
644 1629 678 1691 in
711 1628 841 1694 iuterna
857 1685 860 1692 i
874 1649 913 1690 ac
946 1629 1189 1712 supernaturali
1223 1628 1345 1695 Christi
1374 1643 1399 1694 ct

287 1727 430 1814 Spiritps
450 1723 572 1804 ¹Sancti
589 1726 794 1810 ¹operatione
827 1747 920 1817 suam
953 1723 1055 1789 habet
1086 1723 1252 1806 radicem,
1293 1731 1325 1792 et
1354 1749 1399 1790 ex·

287 1827 388 1889 terius
412 1847 452 1908 se,
471 1825 553 1904 miro
578 1821 767 1900 manifestat
790 1821 974 1908 splendore.
1014 1821 1125 1902 Quum
1149 1823 1270 1890 cadem
1294 1827 1398 1890 sancti·

287 1925 364 1990 tatis
388 1923 586 2008 proprietate
610 1919 783 1985 hominum
806 1919 942 1984 libertas
965 1941 1032 1984 non
1055 1919 1243 2006 auferatur,
1275 1944 1341 1986 non
1362 1944 1398 1986 re

287 2029 415 2106 pugnat
438 2018 583 2104 quidem,
609 2020 749 2082 crimina
772 2041 812 2082 ac
836 2017 993 2082 scandala
1015 2019 1051 2082 in
1072 2017 1226 2084 Ecclesia
1248 2021 1398 2087 accidere.

288 2118 346 2200 sed
376 2116 467 2181 haud
495 2137 662 2184 censerem
687 2116 803 2180 divina
826 2116 1037 2200 providentia
1061 2119 1224 2202 permitti,
1256 2127 1294 2181 ut
1317 2118 1399 2182 bonis

288 2213 435 2282 moribus
465 2224 565 2300 atque
594 2215 709 2278 virtuti
741 2213 956 2299 praevaleant
980 2216 1131 2299 impietas
1155 2225 1187 2279 et
1211 2238 1320 2282 mores
1340 2238 1399 2302 per-

287 2315 387 2382 versi.
434 2312 546 2394 Status
577 2313 730 2380 coemto
763 2313 933 2378 Ecclesiae
966 2312 1021 2378 ille
1054 2323 1118 2400 est,
1152 2325 1189 2376 ut
1221 2313 1400 2378 vehementer

288 2395 413 2498 fplgeat
436 2411 508 2498 ejus
531 2411 688 2474 sanctitas
712 2409 899 2494 insignibus
923 2407 1103 2476 virtutibus
1123 2410 1317 2496 praesulum
1332 2409 1399 2474 mul·

289 2521 463 2595 torumque
487 2507 645 2590 fidelium,
670 2518 703 2572 et
726 2508 889 2595 sapientia
912 2529 1043 2594 quoque
1067 2509 1200 2590 eximia,
1231 2531 1319 2594 quae
1341 2521 1398 2572 tum

290 2606 481 2691 inscriptis
512 2603 683 2690 operibus,
719 2616 789 2670 tum
820 2608 854 2670 in
888 2607 958 2669 vita
981 2607 1129 2692 practica
1152 2627 1187 2672 se
1211 2608 1400 2674 manifestat.

289 2706 453 2770 Facinora
483 2704 635 2789 publica,
669 2704 872 2790 frequentia,
907 2705 1071 2784 enormia,
1106 2705 1251 2768 maxime
1282 2707 1400 2791 inipso

290 2802 477 2868 hierarchia
499 2802 688 2884 Ecclesiae,
725 2801 871 2866 obnorm
904 2801 985 2888 quid
1009 2813 1105 2883 sunt3
1141 2811 1173 2865 et
1196 2825 1322 2888 magna
1343 2825 1400 2890 per·

291 2902 430 2965 versitas
462 2901 681 2985 impietasque
711 2901 851 2984 insignis
881 2921 943 2963 nec
966 2897 1077 2983 ampla
1101 2902 1314 2982 extensione,
1352 2922 1400 2965 ner

291 3009 438 3085 tempore
463 2997 619 3062 diuturno
644 2998 678 3062 in
703 2996 855 3062 Ecclesia
878 2993 1089 3083 perstabunt,
1121 3019 1183 3061 nec
1206 3021 1354 3085 unquam
1375 3001 1401 3060 in

293 3096 409 3163 eadem
432 3093 682 3181 praevalebunt.

380 3195 412 3260 4.
445 3192 602 3274 Quaestio
636 3203 747 3256 tamen
781 3192 822 3257 de
855 3201 941 3257 statu
975 3213 1084 3256 rerum
1116 3193 1400 3260 ecclesiasticarum
1443 3225 1444 3270 ,

245 3296 252 3310 '
292 3292 348 3358 illo
381 3291 512 3356 saeculo
545 3291 694 3356 nondum
727 3291 861 3354 omnino
895 3290 1041 3376 eliquata
1073 3279 1144 3371 est,
1172 3291 1231 3356 sed
1260 3306 1401 3358 accnmto
1443 3301 1444 3368 l

293 3390 421 3476 indiget
444 3390 597 3454 examine
621 3399 654 3453 et
677 3409 782 3475 aequo
802 3388 932 3474 judicio
957 3390 1081 3454 critico.
1122 3389 1224 3456 Haud
1246 3392 1294 3455 ita
1316 3389 1401 3456 facile
1443 3439 1444 3442 η

293 3491 383 3556 enim
407 3500 456 3552 est
474 3487 627 3575 judicare
652 3487 693 3552 de
717 3486 830 3551 valore
845 3486 1001 3552 historico
1018 3489 1215 3573 scriptorum
1232 3487 1321 3554 illins
1335 3501 1400 3553 tem·
1443 3527 1444 3590 q

293 3589 392 3675 poris,
420 3586 541 3657 velex
565 3587 615 3667 iis,
646 3607 730 3670 quae
752 3585 910 3667 referunt,
934 3595 1124 3652 accuratam
1147 3587 1315 3652 notionem
1340 3607 1400 3652 oon·
1443 3615 1444 3688 q

294 3685 431 3750 ditionis
460 3706 570 3749 rerum
602 3683 899 3750 ecclesiasticarum
928 3685 964 3748 in
988 3685 1089 3748 variis
1111 3685 1304 3770 regionibus
1326 3684 1401 3750 orbis
1443 3695 1444 3718 ³

295 3781 464 3848 christiani
496 3804 704 3868 componere.
729 3819 771 3828 -
802 3781 1043 3846 Dissertatione
1066 3781 1130 3848 hac
1153 3784 1254 3868 igitur
1277 3805 1398 3868 agemm

293 3881 343 3946 De
355 3881 510 3945 Romania
524 3879 724 3965 Pontificibus
738 3878 857 3944 saccali
870 3879 992 3944 ἆοοὶπιὶ.
1009 3879 1055 3945 Ut
1066 3902 1144 3948 vero
1161 3881 1399 3948 fundamentum

295 3977 463 4066 quoddam
496 3987 661 4042 struamus
684 3977 793 4063 quoad
817 3999 856 4041 ea
880 3998 966 4062 quae
990 3977 1198 4044 discutienda
1221 3979 1398 4044 obveniunt

289 4075 426 4164 juvabit
458 4076 570 4163 aliqua
599 4077 808 4162 praemittere
833 4075 873 4140 de
888 4075 1039 4162 fontibus
1061 4075 1212 4140 historiae
1234 4077 1325 4167 hujus
1344 4097 1398 4136 aas·

295 4174 370 4255 culi,
394 4197 433 4238 ac
456 4173 495 4238 de
517 4185 604 4238 stata
625 4177 691 4262 ejus
710 4171 862 4260 pasorali.
875 4212 918 4220 —
942 4173 995 4237 De
1012 4172 1261 4260 quaestionibus
1277 4181 1399 4238 machn-

297 4271 350 4335 dis
380 4269 521 4335 conferri
550 4281 703 4357 possunt:
739 4270 873 4354 Hefele,
911 4269 1001 4336 Coae.
1029 4269 1137 4336 Gaea
1159 4271 1197 4338 B.
1220 4272 1284 4352 1V‚·
1313 4271 1398 4336 Dam-
