3054 4834
316 503 372 555 sss
505 481 509 489 '
571 503 644 556 xm.
664 504 703 557 ne
722 505 746 557 s.
766 505 899 573 angono
920 505 973 558 vu
994 505 1069 558 som.
1090 505 1231 558 sentisse.

319 647 509 726 judicicium
533 659 784 734 cissstunptorcm,
808 671 915 713 uuum
938 650 1033 711 etium
1044 650 1148 734 ipsius
1162 651 1275 711 munus
1288 647 1435 712 Ecclesia:

318 755 471 831 quantum
503 747 536 808 in
562 747 630 830 ipso
655 757 710 824 est,
741 747 989 810 conculcatorem
1013 748 1168 832 totiusque
1191 748 1282 832 requi
1305 759 1335 810 et
1358 745 1439 810 eccie-

318 845 440 906 siorum
463 843 728 928 improbissimum
745 847 942 931 proedonem
971 855 1001 908 et
1024 847 1256 908 utsucs'sssimum
1278 845 1444 908 essaeus

319 965 385 1004 rem
417 941 598 1027 deposuisse
630 953 659 1004 et
691 945 973 1007 eucommuaicosse
1009 942 1233 1029 repreisersdut,
1266 945 1335 1006 uisi
1360 944 1446 1028 'ione

319 1039 435 1104 similis
447 1043 523 1128 ejus.
553 1077 586 1087 -
601 1039 751 1104 Adducit
766 1040 844 1105 dein
867 1040 933 1104 alia
947 1050 1156 1124 argumenta,
1181 1051 1218 1104 ut
1232 1043 1447 1105 eminentiam

319 1138 492 1222 dignitatis
527 1137 741 1202 sacerdotalis
771 1161 850 1224 prae
881 1138 1043 1204 saeculari
1072 1137 1198 1224 probet,
1236 1150 1269 1203 et
1298 1139 1446 1223 exempla

319 1236 676 1300 excommunicationis
707 1235 966 1323 depositionisve
987 1238 1235 1323 ‘imperatorum
1259 1259 1301 1300 ac
1326 1259 1446 1322 regum.
1504 1245 1505 1258 ¹

321 1335 414 1398 Inter
436 1333 500 1396 alia
525 1333 657 1397 scribit:
686 1335 780 1398 Alius
803 1337 878 1398 item
903 1337 1065 1400 Romanus
1088 1335 1250 1420 Pontifici,
1278 1336 1448 1398 zaetarius

321 1432 476 1509 uidelicet,
508 1454 609 1514 sepem
633 1432 829 1496 Francorum
858 1457 922 1496 asa
954 1445 1019 1496 tom
1045 1455 1109 1518 pro
1136 1435 1202 1496 assis
1226 1433 1448 1518 iniquitatibus

319 1554 414 1616 quum
438 1551 502 1614 pro
527 1552 561 1590 so
585 1530 669 1614 quod
693 1541 802 1594 tantos
829 1533 986 1618 potestati
1014 1555 1077 1594 aaa
1102 1543 1171 1594 crat
1195 1529 1287 1595 utilis
1312 1555 1335 1595 u
1360 1555 1447 1616 repes
1504 1531 1505 1592 i

320 1629 480 1714 deposuit,
513 1637 543 1688 et
574 1629 723 1713 Pipiaum
757 1628 868 1694 Caroli
892 1630 1005 1714 Mopsi
1028 1630 1236 1714 Imperatoris
1260 1641 1392 1716 putrem
1418 1631 1447 1690 iu

324 1731 392 1816 ejus
417 1725 483 1788 loeo
507 1725 679 1804 substs'tuit,
704 1749 867 1811 omnesque
893 1727 1108 1812 biuncipsaos
1131 1751 1152 1789 a
1168 1732 1358 1817 jur-uascato
1372 1728 1448 1812 fide
1504 1749 1505 1802 s

323 1825 425 1888 litatis
449 1823 533 1908 quod
555 1821 609 1886 iiii
622 1824 779 1908 focerunt
801 1824 945 1888 absoluit.
996 1825 1089 1899 Quod
1112 1827 1206 1888 etium
1230 1848 1272 1889 ex
1285 1826 1451 1912 frequenti

322 1923 512 1986 acetositate
544 1944 637 2008 saepe
662 1925 730 2008 opit
752 1934 865 1987 sancto
889 1923 1044 2001 Ecclesia,
1078 1947 1146 1986 cum
1176 1923 1293 1988 milites
1317 1923 1449 1989 dulas
1504 1965 1505 1984 i

323 2045 344 2084 u
367 2019 491 2084 uissculo
509 2021 697 2108 juramenti,
723 2022 806 2107 quod
820 2022 949 2107 factum
973 2034 1020 2085 est
1043 2023 1092 2085 isis
1113 2022 1282 2108 episcopis,
1306 2025 1364 2108 oui
1379 2045 1450 2108 upo-
1504 2015 1505 2086 i

322 2119 437 2182 stoiieu
461 2120 648 2182 auctoritate
672 2143 694 2182 a
710 2115 895 2205 pontificali
916 2121 1021 2206 produ
1045 2120 1253 2207 deponuntur.
1306 2123 1358 2184 Ac
1375 2119 1449 2184 mul·
1504 2111 1505 2188 i

324 2219 366 2280 tis
399 2216 472 2280 aliis
500 2219 706 2302 argumentis
738 2215 969 2281 excellentiam
1006 2217 1179 2302 diguitatis
1208 2221 1386 2284 sacerdotii
1420 2237 1449 2280 et
1504 2203 1505 2240 ¹

325 2317 555 2378 auctoritatem
580 2315 651 2400 ejus
675 2317 774 2380 etism
800 2317 832 2378 in
859 2317 1028 2401 principes
1051 2315 1254 2401 comprobat.
1271 2319 1307 2398 ι).

158 2497 247 2546 ΜΝ,
263 2495 306 2546 pe·
419 2469 492 2532 133.
538 2468 615 2532 darn
650 2489 726 2530 vcro
768 2490 808 2530 ex
840 2477 907 2531 tota
944 2467 1006 2532 hac
1038 2471 1165 2532 ratione
1196 2467 1452 2552 argumentandi
1504 2465 1505 2538 i

165 2565 301 2646 Mundi}
327 2576 453 2630 certum
484 2577 532 2629 est
563 2575 662 2650 atquc
691 2564 839 2639 evidens,
874 2563 1070 2650 Gregorium
1097 2567 1161 2629 Vll
1197 2567 1379 2637 censuisse,
1414 2589 1454 2628 ex

151 2637 536 2759 ”uxsshfnpleuitudinc
574 2664 779 2726 auctoritatis
817 2685 896 2727 suae
934 2664 1125 2750 pontificiae
1171 2665 1203 2728 iu
1235 2665 1274 2728 B.
1309 2665 1407 2728 Petro
1437 2689 1454 2726 s

329 2761 461 2826 Christo
478 2763 674 2825 constitutae
695 2762 803 2846 ipsum
821 2765 913 2826 certis
932 2763 965 2824 in
980 2764 1227 2826 circumstantiis
1239 2783 1340 2847 posse
1356 2765 1454 2826 etiam

327 2861 491 2945 deponere
516 2881 609 2943 reges
632 2858 858 2945 atquefideles
883 2883 902 2922 a
910 2861 1099 2944 juramento
1125 2860 1297 2924 fidelitatis
1313 2859 1454 2924 solvere.

326 2957 481 3022 Vidimus
505 2959 604 3021 etiam
630 2959 701 3042 ipsa
725 2955 828 3020 verba
853 2957 1007 3020 solemnis
1041 2961 1404 3023 excommunicationis
1426 2972 1455 3021 et

325 3056 541 3141 depositionis
565 3055 703 3118 Henrici
729 3055 789 3119 IV.
818 3055 889 3118 Nec
912 3056 946 3118 in
973 3056 1080 3139 prims
1105 3059 1453 3121 excommunicatione

326 3165 358 3219 et
382 3153 597 3240 depositione,
629 3175 691 3217 nee
725 3155 758 3217 iu
784 3153 929 3217 secunda
955 3151 1135 3236 Gregorius
1160 3155 1222 3218 Vll
1256 3165 1454 3240 potestatem

325 3274 419 3318 suam
444 3273 486 3316 ex
508 3253 585 3337 jure
610 3251 702 3314 civili
727 3250 781 3314 vel
805 3249 917 3315 sociali
943 3250 1088 3333 deducit,
1125 3251 1181 3316 sed
1206 3253 1389 3317 evidenter
1411 3257 1454 3318 in·

325 3353 452 3434 signem
490 3349 583 3414 illum
618 3349 823 3413 auctoritatis
859 3358 969 3413 actum
1006 3371 1040 3413 se
1076 3349 1233 3434 perficere
1268 3349 1402 3416 indicat
1424 3354 1452 3414 ri

326 3449 497 3536 potestatis
529 3469 609 3511 suae
634 3458 670 3510 ut
693 3446 811 3510 vicarii
836 3445 969 3528 Christi,
1000 3448 1197 3510 successoris
1219 3447 1312 3512 Petri
1339 3460 1374 3512 et
1398 3449 1455 3513 Ee

326 3546 445 3612 elesiae
469 3548 598 3632 capitis.
645 3545 685 3609 In
709 3547 816 3630 primu
840 3545 1185 3610 excommunicatione
1208 3547 1270 3610 ait:
1297 3547 1374 3610 Hac
1398 3549 1453 3611 ito-

324 3667 383 3733 que
396 3645 524 3730 fiducia
545 3645 655 3730 frctus
673 3667 735 3729 pro
760 3641 907 3706 ecciesiae
932 3654 1005 3706 tuuc
1037 3642 1119 3724 (scil.
1145 3643 1175 3706 b.
1202 3643 1307 3725 Petri)
1339 3647 1453 3709 suun

325 3753 356 3808 et
379 3743 574 3829 defensione,
603 3763 643 3804 eae
660 3751 756 3827 purte
780 3742 1003 3826 omnipotentis
1029 3740 1092 3804 Dei
1115 3741 1232 3818 Patres,
1256 3753 1288 3804 ct
1312 3743 1404 3819 Filii,
1429 3753 1454 3804 st

327 3841 469 3928 Spiritus
491 3841 606 3917 suncti,
627 3864 688 3926 per
712 3849 797 3902 tuum
821 3839 880 3924 (sc.
906 3862 930 3902 s.
955 3839 1059 3923 Petri)
1078 3849 1267 3925 potestatem
1295 3852 1325 3903 ct
1349 3853 1453 3904 audo·

325 3941 464 4018 ritatem,
495 3939 632 4002 Hearico
658 3939 735 4022 sepi,
768 3934 836 4019 silio
862 3936 995 4000 Hernici
1017 3938 1231 4024 imperatoris,
1261 3939 1320 4024 qui
1342 3951 1452 4003 contin

332 4113 540 4120 mnu-*fl-

401 4214 421 4280 ¹)
449 4213 536 4280 Epist.
566 4213 600 4264 ad
625 4211 817 4264 Herimsunurn
845 4211 997 4278 eliscopurn
1026 4210 1180 4270 Metensem,
1210 4211 1280 4278 Reg.
1306 4210 1385 4266 vlu.
1411 4216 1439 4265 ut

327 4291 383 4345 Cir.
403 4305 444 4359 ep.
464 4293 497 4344 sd
517 4291 637 4344 eumdem
656 4291 723 4357 Reg.
743 4289 791 4344 IV.
812 4293 836 4344 2.
