2904 4834
327 499 474 554 Concilium
492 499 689 556 oecumenicum
707 507 840 554 octsmun.
1091 501 1143 554 399

47 645 164 708 raeticos
176 642 325 708 CPtanos
340 653 439 728 atque
451 643 674 708 iconoclastae
690 652 831 728 urgeret.
846 681 889 690 -
903 641 1059 708 Habebat
1072 665 1143 729 pro;

48 743 116 806 lucto
137 741 189 806 illa
213 741 339 804 theoria
363 739 466 804 multa
489 739 647 825 pericula.
684 742 854 806 Immerito
878 741 996 805 divina
1014 751 1144 826 pentar-

46 839 123 904 chias
153 839 313 903 institutio
346 837 570 918 asserebatur,
606 839 747 903 Romani
779 839 951 904 Pontificis
983 840 1144 925 primatus

45 937 125 1000 facile
154 934 407 1018 obscurabatur,
445 938 648 1001 consectaria
685 935 914 1002 statuebantur
950 958 1035 1023 quae
1068 958 1143 1000 cum

45 1037 168 1118 primatu
191 1033 247 1098 illo
279 1055 377 1118 aegre
401 1035 554 1119 componi
578 1043 746 1119 poterant3
777 1033 1009 1120 aequalitatem
1032 1056 1145 1120 quam-

44 1132 106 1196 dam
126 1130 387 1218 paularcharum
412 1153 554 1216 pronum
579 1141 649 1196 erat
672 1131 870 1217 confingere,
895 1131 949 1196 vel
969 1132 1145 1217 privilegia

44 1251 152 1294 summa
174 1228 364 1294 adscribere
388 1228 597 1313 patriarchae
623 1227 755 1294 CPtano
780 1230 822 1293 ob
847 1230 1041 1314 dignitatem
1066 1229 1144 1314 poli·

43 1329 126 1390 ticam
148 1327 256 1409 urbis,
280 1328 346 1390 imo
371 1336 485 1412 postea
508 1328 714 1412 separatius
738 1327 824 1393 Sede
839 1328 988 1391 Romana
1007 1327 1078 1412 jam
1103 1349 1145 1391 ex

42 1423 184 1507 ejusmodi
230 1423 358 1488 theoria
401 1423 561 1509 explicari
602 1445 697 1509 posse
743 1423 929 1490 videbatur.
979 1425 1144 1488 Paulatim

42 1519 208 1586 Orientales
231 1521 277 1586 ad
300 1523 443 1608 pessima
467 1522 677 1607 prodierunt,
702 1533 736 1586 et
756 1522 920 1593 ‚theoriam
945 1522 987 1587 de
1009 1525 1144 1608 patriar·

42 1616 100 1682 obis
130 1617 371 1684 substituerunt
404 1641 503 1684 verae
539 1619 709 1684 doctrinae
749 1619 790 1684 de
825 1622 968 1706 primatu
1004 1620 1144 1686 Romani

43 1716 203 1783 Pontificis.

115 1817 165 1880 91.
202 1815 368 1898 Tempore
413 1813 552 1880 Consilii
596 1807 679 1878 VIII
721 1824 808 1879 certe
852 1816 1013 1900 primatus
1049 1815 1144 1880 Sedis

42 1911 234 1997 Apostolieae
273 1912 516 1996 agnoscebatur
554 1923 624 1978 tum
665 1912 843 1977 theoretice
883 1925 953 1977 tum
988 1915 1143 1998 practice,

40 2021 122 2095 atque
154 2013 256 2076 etiam
289 2009 401 2074 Latini
437 2009 572 2095 quidam
610 2009 700 2074 illum
738 2010 899 2074 theoriam
931 2010 1144 2095 pentarchias

42 2108 288 2191 patriarcharum
321 2106 557 2188 admittebant,
592 2119 624 2172 et
652 2129 728 2172 oum
752 2109 904 2172 doctrina
937 2108 977 2172 de
1000 2110 1144 2195 primatu

42 2207 258 2272 conciliabant.
304 2206 356 2270 Ita
380 2158 576 2270 Anastasids
595 2192 872 2270 Bibliotheoarius
897 2205 1009 2270 dum
1001 2229 1035 2271 ιιι
1050 2207 1147 2270 Prae·

41 2302 146 2368 iatione
168 2305 214 2370 ad
239 2307 425 2368 versionem
443 2302 584 2368 Consilii
599 2303 683 2368 VIII
702 2303 856 2384 ostendit,
881 2302 944 2367 hoc
960 2302 1145 2368 Concilium

42 2404 140 2467 nerito
170 2403 241 2467 dici
265 2401 471 2481 universale,
508 2403 592 2466 inter
623 2403 733 2466 varias
762 2404 906 2467 rationes
936 2404 1036 2467 etiam
1059 2402 1146 2468 hanc

40 2501 133 2564 aliam:
166 2499 255 2575 Quia
278 2523 346 2564 mam
372 2496 514 2564 Cbristuu
536 2502 571 2563 in
594 2521 722 2586 corpore
745 2521 800 2564 suo
831 2501 914 2586 qaod
937 2511 982 2564 cat
1004 2500 1148 2566 Εοσίεεία

41 2607 75 2658 tot
96 2597 333 2684 patriarchales
364 2597 469 2675 sedes,
503 2607 578 2682 quot
610 2599 645 2661 iu
681 2601 826 2686 cujumom
858 2597 987 2662 mortali
1018 2620 1147 2685 corpore

40 2715 145 2774 scuras,
170 2695 339 2770 beaverit,
366 2693 513 2780 profecto
537 2694 617 2758 attii
639 2694 846 2779 poucralituti
867 2695 953 2758 deest
975 2695 1146 2776 Εοοίιείαι,

39 2792 177 2858 domnas
200 2791 279 2856 illue
303 2792 392 2856 sodes
414 2793 509 2856 uiuos
523 2792 651 2878 firmat
673 2791 864 2870 uoluntatis,
889 2793 969 2856 deut
991 2793 1081 2876 silit
1094 2794 1146 2857 dc·

40 2899 75 2952 ct
101 2893 196 2956 motui
226 2891 386 2976 emporis,
418 2891 574 2954 domnos
603 2883 736 2976 quiaque
761 2913 869 2954 oeneus
897 2891 1038 2974 inteprao
1068 2913 1146 2954 oom-

41 2990 182 3075 muou'squa
205 2989 337 3074 fluitat
360 2988 519 3052 sanitatis.
567 2989 655 3052 Inter
683 3011 762 3072 quus
784 2988 929 3052 uidelicet
952 2988 1040 3052 sedas
1072 2990 1147 3073 quin

42 3085 169 3152 Romana
187 3085 370 3173 praecellit,
393 3087 633 3150 necimmerito
657 3087 741 3150 aaut
763 3096 974 3171 comparatur,
999 3088 1054 3172 qui
1071 3109 1145 3172 pro·

34 3181 105 3262 ‚iau
132 3185 252 3248 mactis
282 3183 424 3248 suasibus
441 3185 654 3268 praeeminet,
689 3185 810 3247 acutum
839 3183 907 3247 illis
930 3185 1083 3262 emittens,
1117 3195 1148 3248 ct

40 3285 266 3347 commuttionem
284 3303 389 3344 corum
407 3282 486 3345 sicud
500 3279 608 3345 nullm
623 3304 729 3345 corum
749 3304 816 3344 cum
831 3280 971 3344 omuibus
987 3281 1145 3365 autemst)

100 3477 118 3543 ¹]
136 3476 265 3531 lineolam
285 3473 413 3529 Pontifex
432 3489 528 3541 parum
546 3474 676 3544 ejusmodi
696 3473 876 3529 Orientalium
894 3473 1007 3529 theoriis
1026 3475 1145 3539 favebat,

40 3555 73 3608 uti
94 3563 167 3623 patet
192 3571 226 3610 ex
252 3555 387 3622 responsis
412 3555 445 3608 ad
471 3555 605 3623 Bulgaros
630 3572 651 3609 c.
671 3555 714 3611 92.
754 3555 937 3621 ,Desideratls
962 3571 1052 3623 nosse,
1081 3565 1146 3624 quot

40 3633 84 3688 sint
101 3637 234 3691 ueraeiter
251 3635 429 3702 patriarchae.
466 3635 608 3689 Veracitar
625 3635 666 3689 illi
685 3635 801 3690 habendi
820 3643 884 3689 sunt
903 3635 1080 3704 patriarchae,
1100 3637 1146 3704 qui

41 3715 101 3769 odes
123 3717 286 3785 apostolum
310 3730 358 3783 per
382 3715 560 3770 successiones
585 3715 742 3783 pontificum
767 3715 906 3780 obtinent,
931 3715 948 3769 i.
975 3731 996 3770 e.
1022 3717 1068 3783 qui
1092 3717 1145 3770 illis

42 3805 153 3856 insunt
172 3795 307 3856 eeclesiis,
327 3810 393 3862 quus
412 3795 534 3863 Apostoli
553 3795 707 3849 instituisse
725 3795 887 3884 probputur,
906 3795 1055 3849 Romanam
1073 3795 1145 3849 uide·

42 3871 92 3927 licet
114 3883 141 3930 et
158 3875 368 3930 Alexandrinum
387 3881 415 3929 et
434 3875 684 3930 Antiochenam...
698 3853 860 3929 .OPtanus
879 3880 971 3929 autem
995 3879 1023 3930 st
1040 3876 1145 3930 Jeroso

44 3951 174 4018 lyuitauus
192 3955 341 4018 antistites,
359 3955 423 4010 licet
436 3955 562 4010 dicantur
579 3915 757 4024 patriarubae,
777 3971 830 4009 non
843 3960 938 4009 tantae
951 3961 1042 4009 tamen
1055 3961 1145 4011 aucto-

44 4032 121 4088 ritatis
139 4043 257 4102 quantae
276 4035 426 4104 superiores
445 4036 575 4090 existunt.
611 4035 680 4090 Nam
697 4035 836 4089 OPtauam
855 4035 993 4090 ecclesiam
1011 4051 1061 4090 neo
1077 4037 1145 4105 Apo

44 4113 156 4170 stolorum
174 4116 315 4183 quisquam
334 4115 465 4180 institnit,
485 4131 534 4170 neo
545 4115 665 4170 Nioaena
678 4115 808 4182 synodus,
827 4130 896 4182 quae
915 4116 1019 4170 cunctis
1037 4117 1145 4183 synodis

43 4190 156 4248 celebrior
173 4202 201 4250 at
218 4195 402 4251 venerabilior
420 4201 475 4260 est,
501 4195 559 4264 ejus
576 4195 740 4250 mentionem
759 4195 877 4263 aliquam
896 4195 976 4260 lecit,
996 4197 1042 4251 sed
1061 4197 1145 4252 solum

44 4269 96 4334 quis
113 4273 356 4344 Constantinopolis
381 4290 452 4329 nova
470 4275 555 4328 Roma
579 4274 653 4328 dieta
676 4279 732 4338 est,
762 4274 855 4330 fauore
880 4275 1030 4344 principum
1055 4277 1146 4344 potius
