2898 4836
306 463 341 516 50
485 461 588 516 XVIII.
626 462 665 515 Dc
683 461 811 518 Romanis
830 462 1005 520 Pontificibus
1024 465 1125 520 saeculi
1144 466 1247 520 decimi.

144 615 236 659 rame
252 618 279 690 rr
393 606 446 670 48.
480 605 529 668 Eo
561 615 707 690 tempore
736 627 800 691 quo
825 605 972 675 Joannes
995 608 1075 692 (XI)
1100 631 1141 673 ex
1165 609 1305 677 Marotia
1325 621 1401 676 natus

132 677 353 766 ⁸¹¹³⁰⁸⁰¹³¹¹¹⁸est
384 701 427 789 (c
455 725 484 766 a.
510 699 607 786 906),
642 725 681 766 ea
710 702 857 786 legitimo
889 707 1098 773 matrimonio
1122 706 1243 790 juncta
1274 720 1337 772 erat
1361 708 1401 773 Al-

305 801 435 881 berico‚
469 800 547 864 hinc
578 823 637 886 per
667 823 702 866 se
732 803 955 888 praesumptio
975 804 1062 888 jimis
1087 804 1187 870 obvia
1210 817 1244 870 et
1269 806 1404 872 neuram

305 909 369 980 est,
404 897 597 964 Albericum
628 899 729 964 fuisse
759 899 900 968 loannis
931 913 1069 986 patrem.
1116 903 1154 968 In
1180 903 1287 989 Sergii
1317 904 1404 968 indole

305 1020 400 1082 porro
434 995 517 1062 nihil
550 1007 704 1082 apparet,
738 1008 775 1061 ut
807 998 916 1084 ipsum
948 997 1101 1064 luxuriae
1132 1000 1282 1066 deditum
1311 1025 1405 1088 suppo·

306 1117 440 1175 namus3
472 1093 588 1158 altiora
619 1096 728 1178 potius
753 1095 1021 1182 prosequebatur.
1069 1096 1248 1184 Quumque
1273 1111 1308 1164 ut
1329 1101 1406 1166 disci·

307 1193 416 1279 plinae
449 1191 691 1256 ecclesiasticae
724 1214 833 1259 aorem
867 1205 1146 1279 propugnatorem
1179 1220 1214 1261 se
1247 1198 1407 1276 exhiberet,

307 1290 354 1354 illi
379 1291 553 1375 scriptores
577 1292 691 1353 coaevi
710 1291 766 1374 qui
782 1301 897 1354 contra
914 1313 990 1356 eum
1005 1293 1265 1360 vindicaverunt
1280 1297 1407 1360 Formosi

308 1390 500 1452 memoria-m
540 1387 675 1472 ejusque
709 1388 949 1471 ordinationes,
991 1411 1094 1474 grave
1125 1391 1248 1456 vulnus
1278 1393 1409 1458 Pontifici

307 1485 405 1550 facile
421 1485 630 1561 indixissent,
656 1487 682 1549 si
698 1487 769 1570 ejus
784 1485 927 1550 laxiores
945 1509 1051 1552 mores
1065 1511 1214 1573 arguere,
1230 1493 1298 1556 imo
1312 1491 1408 1554 foedis-

308 1586 381 1649 simi
414 1595 446 1647 et
475 1582 627 1666 sacrilegi
657 1583 811 1648 adulterii
842 1605 918 1648 eum
943 1607 1099 1650 accusare
1122 1591 1317 1673 potuissent.
1358 1589 1411 1672 lpsi

309 1705 403 1769 porro
435 1703 510 1744 oum
534 1679 745 1746 vehementia
769 1682 965 1746 Pontificem
989 1685 1202 1769 impugnant,
1238 1709 1344 1750 rerum
1366 1687 1411 1748 llo-

308 1801 481 1845 manarum
505 1777 595 1842 haud
620 1781 751 1862 ignaros
776 1802 810 1842 se
834 1781 1022 1864 ostendunt,
1047 1782 1106 1846 sed
1129 1805 1214 1869 quac
1240 1787 1333 1848 initio
1352 1808 1412 1869 pon·

307 1880 452 1944 tificatus
469 1878 574 1960 Sergii
599 1878 771 1940 evenerint
794 1877 924 1964 aliaque
941 1878 1029 1942 facta
1044 1882 1078 1943 in
1094 1880 1207 1945 odium
1225 1883 1309 1967 ejus,
1333 1885 1412 1945 etiam

309 1999 384 2040 cum
409 1975 665 2060 amplificatione
689 1975 820 2039 veritati
845 1979 955 2040 minus
979 1999 1132 2059 consona,
1158 1989 1325 2045 enarrant.
1363 1977 1413 2043 Sed

310 2074 400 2138 nulla
419 2073 508 2159 apud
527 2095 582 2136 eos
602 2075 771 2137 invenitur
790 2077 912 2138 mentio
930 2096 1079 2139 amorum
1091 2076 1197 2161 Sergii
1217 2091 1251 2140 et
1265 2078 1413 2142 Marotiac.

310 2195 370 2238 nec
394 2173 435 2236 ad
454 2171 587 2258 aliquod
613 2181 708 2258 turpe
725 2173 810 2235 iuter
824 2171 884 2235 hos
901 2176 1136 2238 commercium
1153 2174 1320 2242 alludunt.
1350 2175 1414 2240 Inde

308 2271 439 2350 inferes,
464 2292 502 2333 eo
527 2279 673 2356 tempore
697 2269 751 2332 vel
774 2269 899 2334 nullam
924 2270 978 2335 tali
1006 2272 1039 2335 in
1064 2293 1098 2334 re
1125 2271 1246 2337 malam
1265 2273 1307 2338 de
1322 2273 1415 2356 Sergio

308 2367 431 2432 famam
456 2367 567 2448 fuisso,
592 2366 644 2430 vel
669 2368 696 2430 si
720 2369 777 2454 qui
801 2389 948 2432 rumores
971 2380 1051 2432 tunc
1076 2373 1178 2454 sparsi
1204 2385 1312 2449 erant,
1337 2373 1415 2436 etiam

309 2469 398 2552 ipsos
413 2465 518 2549 Sergii
543 2464 750 2528 adversarios
774 2487 829 2529 eos
853 2475 889 2528 ut
912 2465 1009 2551 plane
1033 2467 1143 2532 futiles
1160 2467 1331 2536 habuisse.
1360 2469 1416 2532 Non

309 2565 507 2641 inficiamur,
532 2562 710 2650 aliquando
733 2563 895 2648 ejusmodi
911 2586 1060 2628 rumores
1075 2563 1116 2630 de
1131 2567 1247 2650 Sergio
1264 2570 1419 2632 suscitato

310 2664 412 2728 fuisse
437 2674 468 2724 et
492 2661 623 2726 eosdem
648 2663 682 2724 in
705 2681 764 2724 sua
788 2663 977 2726 narratione
995 2663 1241 2748 Luitprandum
1260 2689 1333 2730 esse
1348 2687 1419 2728 secu·

310 2774 391 2843 tum,
416 2761 474 2824 sed
492 2761 564 2845 jam
581 2760 736 2840 diximus,
762 2783 782 2822 a
798 2758 969 2824 malevolis
985 2761 1083 2824 facile
1099 2762 1246 2846 potuisse
1263 2765 1364 2848 arripi
1378 2760 1421 2824 eli·

310 2881 410 2948 quam
435 2859 642 2921 occasionem
665 2857 767 2922 falsae
792 2860 1028 2940 accusationisr,
1052 2859 1303 2946 Luitprandum
1329 2873 1420 2922 auten

312 2955 467 3021 scandala
492 2977 569 3019 cum
592 2954 760 3042 voluptate
785 2957 911 3034 venari,
937 2965 969 3018 et
992 2955 1173 3022 admodum
1188 2957 1303 3022 levem
1319 2981 1383 3022 esse
1398 2959 1423 3018 in

311 3055 409 3120 factis
433 3053 594 3140 ejusmodi
619 3053 833 3118 admittendis
857 3064 888 3116 ct
912 3053 1116 3142 enarrandis,
1142 3057 1188 3120 ita
1203 3067 1238 3118 ut
1256 3055 1357 3122 fidem
1372 3055 1422 3118 sili

313 3154 486 3217 vindicare
519 3174 584 3215 non
618 3152 730 3236 possit.
777 3150 932 3216 Vidimus
956 3154 1074 3229 etiam,
1109 3152 1375 3239 l'lodcardum¹)
1401 3169 1424 3212 cr

312 3252 477 3316 Joannern
512 3249 688 3312 rliaeonum
722 3250 830 3332 potius
865 3271 939 3312 curn
973 3249 1070 3313 laude
1104 3249 1144 3312 dc
1176 3250 1286 3336 Serin
1320 3253 1418 3336 pietas

317 3456 457 3510 miuimrun
480 3455 624 3509 videantur
648 3452 822 3518 commoveri3
850 3451 912 3506 inde
934 3453 1044 3521 colligi.
1068 3453 1199 3520 pessImae
1220 3454 1338 3524 linguae
1359 3454 1424 3506 mae

315 3535 513 3602 Luitprandum
531 3549 579 3588 nec
596 3539 703 3599 satyras
722 3531 780 3599 ejus
801 3529 879 3584 fidem
899 3533 1003 3588 mereri.
1042 3532 1144 3600 Agitur
1163 3550 1193 3588 co
1213 3535 1273 3590 loco
1294 3535 1328 3590 de
1340 3535 1426 3588 Berua

316 3615 398 3671 vidua
416 3615 557 3669 Adalberti
575 3615 604 3667 II
629 3611 789 3666 marchionis
807 3611 935 3678 Tusciae,
960 3614 993 3667 de
1018 3628 1070 3680 qua
1088 3612 1292 3680 Luitprandus:
1325 3613 1425 3680 ,serm

315 3703 408 3751 autem
426 3694 567 3748 Adalberti
585 3709 653 3746 uxor
670 3709 729 3746 cum
742 3691 858 3746 Widone
877 3692 932 3746 filio
950 3698 1011 3762 post
1029 3692 1122 3748 mariti
1140 3692 1244 3749 obitura
1263 3694 1374 3750 minoris
1386 3707 1426 3744 nir.

316 3775 392 3830 sacta
410 3780 451 3830 est
470 3791 549 3841 quam
568 3774 612 3828 vir
629 3788 694 3826 suus
712 3772 860 3840 potentiae.
889 3773 963 3838 Quae
981 3779 1040 3826 tum
1059 3771 1210 3826 calliditate
1229 3779 1258 3828 et
1278 3773 1426 3828 munemne»

316 3865 376 3912 tum
398 3856 537 3922 hymenaei
557 3854 685 3910 exercitio
704 3853 804 3917 dulcis,
829 3853 971 3908 nonnullos
989 3853 1042 3907 sibi
1060 3851 1151 3906 fideles
1170 3853 1325 3908 effecerat*
1346 3853 1382 3906 ὼ
1399 3851 1419 3902 Il

317 3939 372 4008 ts).
386 3967 418 3976 -
432 3937 495 3990 Iam
514 3952 577 3989 vero
596 3942 715 4002 tempore
733 3931 822 3987 obitus
836 3933 984 3997 adalberti,
1003 3933 1106 3988 Berths
1124 3939 1184 3988 erat
1196 3933 1349 4002 sexaginta
1360 3948 1426 3984 succ·
1441 3941 1442 4036 p

317 4096 452 4152 allicuisse
470 4095 522 4151 sibi
540 4097 668 4150 fautores.
1441 4039 1442 4132 l

393 4179 412 4244 ¹)
431 4179 456 4230 A
468 4177 616 4230 Flodoardo
635 4176 663 4230 in
677 4173 807 4228 Chronico
826 4173 861 4228 ed
880 4190 903 4228 a.
918 4173 971 4226 933
984 4173 1103 4230 Ioannes
1115 4173 1156 4230 XI
1168 4171 1270 4228 dicitur
1282 4171 1424 4242 sirapliricr

319 4257 423 4326 „frater
441 4255 585 4312 Alberici.“
