2952 4832
373 497 413 549 De
433 495 599 550 Pontificatu
619 497 644 550 S.
664 497 791 566 Gregorii
810 497 872 551 VII.
1055 521 1058 528 ·
1124 499 1177 554 289

68 640 243 705 Teutonicis
267 642 319 704 vit·
343 643 507 724 ingenuus
541 641 718 704 comitatus
742 653 790 703 est
820 663 921 724 regno
947 642 1174 723 excedentem,

68 747 310 821 posterorum,
328 748 361 801 et
373 740 482 824 ipsum
498 761 560 802 nee
575 759 697 822 genere
712 759 773 802 nec
788 738 908 824 opibus
925 741 1173 824 conspicuum.“

68 839 227 920 -Aegre
253 848 382 900 tautum
405 859 465 900 rex
489 834 667 922 pecuniam
693 837 801 900 itineri
827 841 1048 902 necessariam
1069 839 1177 924 potuit

67 935 255 1018 conquirere,
273 934 490 1019 proventibus
505 933 663 998 videlicet
676 935 771 1018 regui
787 937 937 1019 privatus
950 947 1030 1002 erat.
1059 937 1175 1002 Hiems

65 1040 161 1094 antem
185 1040 325 1094 testante
350 1030 528 1095 Lamberto
553 1041 624 1095 erat
647 1031 864 1116 frigidissima
888 1057 908 1096 a
931 1034 1014 1098 festo
1039 1057 1064 1098 s.
1091 1035 1175 1098 Mar-

65 1131 116 1190 tini
139 1149 242 1214 usque
265 1128 308 1193 ad
333 1128 480 1193 medinm
505 1129 674 1194 Martium.
698 1167 742 1178 —-
768 1129 880 1210 Quum
897 1131 1064 1196 Henrious
1088 1153 1175 1196 eom·

64 1229 197 1309 perisset.
224 1227 325 1292 duces
340 1225 541 1291 Germaniae
565 1229 675 1292 varios
690 1228 801 1292 aditus
816 1230 851 1291 in
866 1228 998 1292 Italiam
1016 1231 1176 1314 appositis

64 1325 243 1390 custodibus
274 1327 484 1411 anticipasse,
518 1337 555 1390 ut
586 1325 675 1390 unlla
707 1329 736 1390 ei
762 1325 831 1390 illic
854 1327 1048 1391 transeundi
1080 1328 1176 1412 copia

64 1422 161 1504 tieret,
200 1446 260 1510 per
291 1423 520 1510 Burgundiom
554 1424 721 1510 profectus
759 1434 807 1490 est
842 1435 940 1511 atque
971 1425 1176 1490 Vesuntione

64 1519 250 1606 (Besangon)
283 1519 435 1588 Natalem
463 1521 598 1586 Domini
631 1521 828 1602 celebravit,
869 1524 967 1604 „satis
999 1523 1175 1607 magnifice

62 1630 131 1684 tuuc
153 1642 212 1704 pro
238 1643 298 1684 sua
321 1619 510 1684 calamitate
535 1630 706 1705 susceptus
731 1631 763 1683 et
784 1619 918 1684 habitus
942 1621 984 1684 ub
1010 1621 1175 1685 avunculo

64 1719 164 1781 matris
188 1739 268 1782 suae
281 1717 459 1782 Wilbelmo
485 1719 615 1801 comite,
641 1717 736 1802 cujus
762 1719 795 1781 in
820 1717 885 1782 illis
909 1717 990 1782 locis
1014 1719 1175 1805 amplissi-

63 1837 126 1878 mae
149 1825 181 1879 et
205 1815 455 1880 florentissimae
481 1837 559 1900 opes
584 1826 687 1900 erant.
736 1817 866 1880 Exacta
891 1815 1096 1880 solemnitate
1112 1815 1174 1880 Na-

62 1913 126 1976 talis
149 1915 287 1978 Domini
312 1914 480 1999 profectus
503 1914 592 1994 inde,
618 1935 694 1976 eum
720 1915 754 1978 iu
779 1913 885 1978 locum
912 1916 967 2000 qui
995 1913 1088 1978 Civis
1112 1913 1176 1998 (Ci-

63 2011 137 2098 vois)
161 2011 286 2076 dicitur
309 2013 464 2088 venisset,
493 2011 631 2075 obvium
657 2011 776 2075 habuit
799 2033 930 2076 socrum
955 2034 1047 2076 suam
1075 2012 1176 2100 (Ade-

61 2107 197 2191 loidern),
222 2108 394 2194 filiumque
419 2111 490 2194 ejus
505 2109 693 2174 Amadeum
717 2111 862 2188 nornine,
888 2131 1033 2196 quorum
1052 2111 1086 2174 in
1111 2108 1176 2174 illis

60 2207 243 2292 regionibus
267 2218 300 2271 et
323 2209 501 2271 auotoritas
526 2207 720 2289 clarissima,
746 2219 778 2271 et
799 2209 1022 2293 possessiones
1046 2206 1176 2294 amplis·

60 2306 162 2387 simae,
188 2317 222 2368 et
246 2327 366 2368 nomen
391 2304 643 2371 celeberrimum
668 2313 746 2370 eret.
792 2304 836 2368 Hi
862 2307 1051 2368 venientem
1077 2306 1176 2371 hono·

60 2403 140 2466 rifice
177 2413 404 2490 susceperunt.
451 2403 643 2468 Transitum
681 2414 793 2466 tamen
830 2426 889 2488 per
920 2404 1076 2466 terminos
1101 2427 1177 2468 suos

59 2499 132 2564 :ilias
156 2504 186 2566 ei
213 2500 394 2565 concedere
418 2501 587 2582 nolebant,
612 2503 677 2564 nisi
701 2502 849 2587 quinque
865 2500 982 2563 ltaliae
1007 2502 1176 2587 episcopa·

59 2615 112 2678 tus,
142 2597 406 2684 possessionibus
436 2601 503 2662 suis
535 2601 717 2684 contiguos,
755 2601 801 2663 eis
832 2599 1017 2664 redimendi
1050 2601 1176 2663 itineris

59 2701 193 2780 pretium
223 2697 378 2761 traderet.
412 2748 419 2761 .
453 2748 459 2760 .
494 2748 501 2761 .
534 2697 601 2760 Vix
625 2707 657 2761 et
680 2719 778 2780 aegre
802 2697 937 2760 tandem
962 2699 1173 2782 impetratum

58 2804 108 2880 est,
144 2807 182 2860 ut
207 2796 414 2880 provinciam
447 2795 626 2880 quamdam
659 2793 876 2880 Burgundios
905 2793 1050 2881 (Bugey)
1080 2794 1176 2858 bonis

57 2891 207 2956 omuibus
230 2892 533 2977 locupletissimam,
567 2893 772 2956 concedendi
806 2893 964 2955 transitus
988 2892 1175 2956 mercedem

57 2989 269 3074 dignarentur
293 2993 463 3076 retemperet
481 2991 515 3075 ¹).

140 3171 193 3234 83.
230 3169 398 3233 Describit
422 3169 499 3233 dein
523 3167 725 3232 Lambertus
750 3170 923 3232 transitum
949 3189 1048 3252 super
1073 3167 1175 3254 Alpes
1186 3186 1298 3229 sumtus
1309 3188 1345 3230 sr-

57 3267 159 3350 lllout
183 3267 296 3351 (fenis)
321 3281 353 3330 et
376 3289 523 3354 summas
555 3266 626 3351 ejus
651 3265 873 3330 difficultates.
921 3264 1175 3330 Adverteudum
1231 3258 1297 3309 ''¹¹¹¹'’

56 3381 160 3430 temen
187 3375 246 3448 est,
270 3388 338 3429 rem
365 3366 632 3430 manifestatum
658 3365 700 3428 ab
726 3366 797 3448 ipso
822 3375 892 3428 tum
917 3361 960 3426 ab
977 3361 1051 3426 eliis
1076 3365 1175 3449 scrip-

56 3464 180 3528 toribus
204 3463 397 3546 exaggerari
421 3461 586 3526 rhetorica
610 3461 755 3547 quadam
772 3461 1003 3546 descriptione.
1042 3460 1174 3525 Etenim

57 3561 198 3637 Adelaia
244 3564 315 3646 ejus
346 3583 468 3640 socruS,
502 3560 703 3624 Turinorum
736 3559 901 3624 eomitissa
934 3559 1173 3642 potentissima,

57 3681 128 3723 curn
153 3659 303 3724 Amadeo
327 3658 394 3724 filio
430 3657 563 3722 eosdem
586 3659 762 3722 transierat
797 3665 934 3738 montes,
968 3666 1004 3718 ut
1027 3655 1174 3720 Henrico

56 3757 187 3822 obviarn
224 3759 294 3836 iret,
326 3771 367 3838 et,
404 3779 506 3842 quum
532 3767 616 3820 esset
639 3756 764 3820 femina
791 3753 968 3820 ambitiosa
1001 3765 1033 3817 et
1061 3755 1173 3839 avida,

57 3867 90 3916 ut
112 3856 296 3920 mercedem
323 3857 480 3919 transitus
504 3853 546 3918 ab
573 3853 716 3918 Henrico
741 3855 910 3940 copiosam
934 3853 1089 3936 exigeret.
1116 3853 1173 3918 At·

56 3974 116 4036 que
141 3953 242 4018 iidem
266 3955 365 4018 etiarn
392 3953 468 4016 dein
493 3974 604 4036 regem
630 3953 776 4016 comitati
802 3960 880 4014 sunt
895 3951 929 4014 in
946 3951 1074 4014 itinere.
1108 3950 1173 4016 Ob-

56 4053 186 4116 fucrunt
225 4054 326 4136 igitur
363 4051 575 4116 difficultates
607 4059 783 4114 consuetae
815 4049 1011 4114 intransitu
1037 4048 1173 4135 Alpium

128 4284 149 4353 ¹)
167 4283 260 4338 Lamb.
279 4283 314 4335 od
332 4299 349 4335 a
370 4281 447 4338 1077.

98 4386 226 4434 trogesso,
243 4385 418 4427 Dissertatioues.
428 4385 486 4424 lom.
496 4383 532 4424 tv.
