2898 4836
325 546 360 600 98
504 545 608 599 XVIII.
632 545 671 598 De
690 545 819 600 Mmanis
838 544 1013 600 Pontificibus
1030 543 1131 599 saeculi
1150 544 1253 598 decimi.

327 711 447 753 conum
472 711 551 754 naso
576 687 766 773 dextrisque
790 688 917 774 digitis,
951 709 991 754 ac
1013 686 1127 772 lingua
1151 687 1294 770 mutilat,
1326 688 1415 752 mulla-

326 809 390 872 que
414 785 515 852 caede
538 787 721 872 primorum
753 788 787 850 in
812 784 894 850 urbe
925 785 1149 851 debacchatus
1173 786 1206 848 in
1232 783 1321 850 brevi
1343 788 1415 850 mori·

325 893 389 947 tur.
429 881 492 946 Cui
508 883 727 948 Benedictum
752 883 929 949 diaconum
950 891 1168 968 cognomento
1182 883 1417 950 Grammaticuu

325 981 466 1046 Romani
491 979 703 1046 substituunt.
735 980 823 1046 Eum
847 1003 979 1070 quoque
998 981 1067 1046 Leo
1092 980 1279 1066 neophytus
1295 1005 1362 1046 cum
1375 1005 1417 1044 suo

326 1077 466 1144 Caesare
489 1099 556 1144 non
579 1077 676 1162 longe
690 1088 766 1164 post
783 1079 984 1166 aggreditur,
1009 1077 1149 1160 obsidet,
1175 1080 1274 1164 capit,
1300 1079 1418 1166 deponit

325 1187 549 1263 perpetuoque
586 1176 685 1242 exilio
725 1179 760 1242 in
801 1177 1016 1243 Germaniam
1056 1175 1180 1261 dirigit.
1213 1217 1257 1226 —
1290 1177 1420 1243 Succedit

325 1274 439 1340 Ottoni
464 1273 598 1339 Caesari
623 1274 745 1340 Caesar
758 1275 847 1360 Otto,
872 1285 1000 1358 natura,
1025 1285 1142 1356 aetate,
1167 1285 1305 1340 cunctos
1325 1278 1419 1362 princi·

325 1394 382 1456 pes
405 1374 515 1454 armis,
541 1372 688 1454 consilio,
713 1383 746 1438 ct
769 1375 909 1438 seientia
933 1395 1101 1458 superaus.
1148 1368 1308 1436 Succedit
1321 1373 1419 1438 Romae

325 1471 359 1534 in
387 1469 582 1555 pontificatu
614 1471 815 1537 horrendum
839 1481 1032 1555 monstrum,
1068 1469 1276 1547 Malefacius‚
1310 1483 1421 1536 cunctos

324 1567 477 1634 mortales
494 1571 641 1654 nequitia
660 1592 828 1654 superaus,
849 1571 948 1634 etiam
963 1569 1081 1652 prioris
1094 1566 1268 1632 Pontificis
1283 1569 1419 1652 sangnini·

324 1675 490 1730 cruentus.
544 1665 611 1732 Sed
643 1667 698 1732 hic
733 1669 833 1732 etiam
865 1668 998 1752 fugatus
1029 1677 1061 1730 et
1094 1668 1128 1729 in
1163 1687 1286 1749 magua
1317 1665 1421 1750 synodo

324 1763 500 1828 damnatus
532 1774 590 1830 est.
640 1765 720 1830 Post
750 1765 876 1830 obitum
910 1763 982 1828 divi
1013 1764 1145 1830 Ottonis
1177 1763 1317 1828 Romam
1348 1763 1422 1828 redit.

323 1862 488 1946 insignem
521 1864 631 1926 virum
661 1861 892 1948 Apostolicum
916 1863 1051 1926 Petrum
1082 1862 1256 1946 Papiensis
1287 1863 1422 1927 ecclesia·

323 1961 415 2044 prius
443 1961 624 2024 antistitem
656 1961 733 2025 data
764 1971 1044 2026 sacramentorum
1075 1959 1141 2024 lide
1173 1956 1215 2022 ab
1244 1981 1322 2024 arce
1347 1958 1423 2024 Urbs

324 2057 448 2143 dejicit,
472 2056 618 2143 deponit,
643 2059 793 2144 squalore
817 2059 958 2124 carceris
982 2059 1137 2122 affectum
1168 2055 1311 2142 perimit.
1355 2057 1422 2120 Nun

324 2154 445 2220 talibus
469 2158 622 2241 monstris
650 2155 822 2221 hominum
857 2157 1040 2240 ignominia
1063 2155 1187 2240 plenis,
1220 2156 1357 2219 scientia
1382 2153 1422 2216 lm·

323 2273 496 2318 manarum
525 2263 557 2317 ct
586 2251 775 2320 divinarum
809 2275 917 2318 rerum
951 2255 1082 2332 vacuis,
1116 2255 1307 2318 innumeros
1340 2273 1423 2316 sacer-

324 2351 416 2416 dotes
441 2351 505 2415 Dei
536 2373 594 2436 per
625 2351 738 2417 orbem
769 2363 929 2416 terrarum
964 2353 1122 2416 scientiae
1152 2360 1186 2414 et
1215 2351 1305 2414 vitae
1330 2351 1423 2414 merito

325 2451 521 2534 conspicuos
545 2449 664 2536 subjici
695 2449 863 2514 decretum
896 2448 967 2514 est?
986 2497 993 2512 .
1010 2498 1045 2514 ..
1092 2447 1127 2512 Si
1151 2451 1240 2513 enim
1269 2450 1303 2512 iu
1329 2447 1425 2534 quouis

322 2546 366 2610 ad
390 2548 616 2633 episcopatum
647 2546 767 2628 electo,
803 2568 930 2612 morum
963 2548 1124 2631 gravitas,
1156 2548 1245 2610 vitae
1279 2549 1423 2610 meritum.

324 2644 514 2708 divinarum
538 2667 577 2708 ac
601 2644 821 2710 humanarum
852 2647 991 2710 scicntia
1021 2643 1184 2709 subtiliter
1214 2645 1424 2728 investigatur.

322 2742 404 2827 quid
428 2743 462 2806 in
487 2764 524 2806 co
549 2745 606 2828 qui
621 2745 769 2808 omnium
793 2744 1023 2828 episcoporum
1038 2744 1194 2827 magister
1216 2743 1326 2806 videri
1347 2762 1424 2827 appe·

322 2843 372 2921 tit,
397 2840 666 2925 investigandum
690 2863 756 2908 non
780 2841 851 2906 est?
899 2839 966 2904 Cur
989 2862 1065 2926 ergo
1090 2841 1123 2904 in
1149 2861 1278 2904 summa
1294 2839 1378 2906 Sede
1390 2839 1424 2900 sir

323 2937 457 3002 iufimus
481 2939 700 3018 constituitur,
726 2948 762 3002 ut
777 2940 877 3002 etiam
892 2940 926 3001 in
943 2937 1028 3002 clero
1053 2937 1180 3002 nullum
1196 2935 1321 3002 habere
1335 2937 1424 3002 locur¹

324 3035 443 3120 dignus
467 3037 679 3100 inveniatur?
698 3086 705 3101 .
724 3087 731 3100 .
750 3087 757 3102 .
798 3034 893 3102 Certe
919 3037 953 3100 iu
972 3035 1087 3120 Belgis
1104 3047 1136 3098 et
1151 3033 1344 3120 Germania,
1358 3056 1424 3120 quse

321 3135 454 3198 vicinae
478 3133 573 3197 nobis
596 3143 682 3215 sunt,
707 3156 852 3198 summos
876 3133 1061 3199 sacerdotes
1077 3133 1139 3199 Dei
1157 3135 1191 3197 in
1215 3129 1424 3218 religionead·

322 3230 457 3296 modum
481 3241 684 3316 praestantes
709 3232 862 3314 inveniri,
892 3233 925 3296 iu
950 3231 1012 3296 hoc
1037 3254 1129 3297 sacro
1154 3241 1324 3295 conventu
1346 3241 1425 3294 testes

322 3328 458 3414 quidam
482 3339 567 3392 suut
614 3329 758 3394 Proinde
790 3331 817 3393 si
844 3351 960 3416 regum
994 3329 1225 3394 dissidentium
1250 3330 1425 3394 animosius

322 3447 389 3491 nou
413 3425 602 3511 prohibeat,
633 3427 712 3492 inde
745 3429 849 3512 magis
882 3429 1111 3514 episcoporum
1139 3426 1309 3514 judicium
1334 3441 1424 3514 petrn-

322 3525 402 3588 dum
424 3524 494 3589 fore
518 3524 660 3606 videtur,
685 3547 784 3611 quam
807 3525 850 3592 ab
875 3548 913 3590 ca
937 3525 1036 3597 Urbe.
1062 3546 1146 3612 quae
1171 3546 1261 3614 nupe
1285 3525 1423 3612 tempori<

322 3622 449 3688 venalis
473 3624 622 3708 exposita
645 3623 688 3687 ad
712 3645 921 3689 nummorum
946 3625 1164 3710 quantitatem
1190 3621 1323 3709 judicia
1350 3623 1422 3686 unti-

322 3731 380 3786 nat
391 3721 439 3803 ¹).
459 3769 490 3785 ..
537 3719 603 3786 Sed
627 3742 703 3784 oum
727 3720 790 3785 hoc
814 3731 962 3806 tempore
977 3721 1102 3786 Romae
1126 3719 1235 3784 nullus
1259 3742 1363 3807 paene
1385 3721 1423 3784 sit

321 3829 359 3882 ut
381 3818 470 3882 fama
493 3827 551 3896 est,
575 3819 632 3904 qui
650 3817 775 3882 litteras
792 3817 955 3899 didicerit,
980 3819 1050 3884 sine
1067 3816 1188 3903 quibus
1212 3825 1263 3906 (ut
1281 3821 1422 3904 scriptun

321 3915 384 4002 eat)
408 3917 466 3980 vix
490 3917 642 3982 ostiarius
667 3915 825 3980 efficitur:
860 3938 926 4002 qua
948 3915 1055 3982 fronte
1088 3915 1208 4004 aliquis
1244 3916 1361 3981 docere
1381 3938 1423 3979 au·

397 4171 416 4228 ¹l
436 4171 504 4226 Dein
523 4186 570 4240 pro
595 4169 646 4224 hac
670 4170 819 4226 venalitate
837 4171 980 4226 asserenda
999 4170 1066 4226 nihil
1084 4171 1158 4228 allud
1176 4171 1265 4235 affert,
1291 4173 1344 4228 nisi
1367 4173 1419 4237 sum

321 4249 408 4317 legati
432 4251 584 4306 retulerant
607 4251 640 4306 de
658 4249 806 4306 crescentii
831 4250 969 4319 cupidius,
994 4267 1071 4318 quem
1095 4251 1239 4308 censebant
1258 4269 1367 4308 mnam
1382 4249 1418 4302 aa

321 4327 465 4384 deferenda
483 4336 616 4399 expetere.
652 4331 744 4386 Futile
762 4347 826 4386 saue
845 4331 1048 4401 argumentum!
