2898 4836
386 497 500 554 Joannis
517 497 570 552 XII
588 493 775 552 Pontiniacus.
1106 494 1140 545 tu

42 652 267 735 necquicquam
290 661 359 713 erat
381 653 436 736 qui
456 651 505 713 his
527 649 682 736 (legatis),
712 649 768 712 oti
789 652 856 735 ipse
881 659 968 726 esset,
996 647 1140 710 indicare

37 759 135 832 posset.
142 747 166 834 ¹)

116 889 165 953 78.
211 889 300 953 Dein
333 890 386 953 die
416 900 533 976 quarta
556 889 752 956 Decembris
782 892 878 954 tertia
902 890 1002 953 sessio
1026 886 1141 952 habita

42 1001 87 1050 cst
129 986 313 1072 Imperator
354 987 520 1074 praesules
556 988 725 1075 alloquens
758 987 1028 1054 commemoravit
1061 994 1141 1050 tunc

38 1085 156 1170 politico
184 1083 326 1150 Josnnis
349 1083 481 1164 delicta,
516 1086 604 1170 quod
629 1086 784 1151 videlicet
812 1085 854 1150 ab
878 1085 999 1151 Ottone
1028 1092 1141 1146 contra

42 1181 133 1246 hostes
156 1205 232 1246 suos
256 1182 427 1248 roboratus
455 1193 488 1246 et
511 1183 676 1266 firmatus,
702 1185 883 1271 juramenti
915 1193 947 1246 et
974 1180 1142 1245 fidelitatis

41 1279 146 1345 oblitus
168 1280 348 1346 seditiones
372 1283 522 1366 moverit,
547 1291 579 1345 et
603 1305 678 1348 cum
703 1283 851 1348 hostibus
874 1279 1007 1344 foedera
1028 1287 1141 1342 contra.

41 1378 260 1463 Imperatorem
285 1380 409 1444 inierit.
449 1379 653 1444 Sententiam
670 1380 789 1464 synodi
818 1380 895 1445 dein
912 1378 1016 1465 petiit.
1046 1376 1142 1440 Prae-

40 1475 113 1540 mles
135 1499 212 1540 vero
236 1488 335 1563 atque
365 1479 486 1540 coeteri
517 1479 572 1562 qui
604 1477 743 1542 concilio
767 1478 921 1558 aderant,
955 1477 1142 1540 insistentes

40 1573 219 1638 criminibus
234 1575 415 1658 Pontificio,
440 1574 624 1655 edixerunt,
656 1577 820 1641 Ioannem
845 1577 989 1662 quinon
1013 1582 1141 1637 tuntum

40 1671 92 1735 sibi
115 1671 219 1736 malus
243 1685 321 1754 erat,
339 1673 397 1737 sed
412 1672 492 1737 ulios
507 1675 606 1738 etiam
631 1675 743 1759 pravis
759 1672 905 1738 moribus
921 1669 1139 1759 pervertebat,

40 1793 52 1832 e
80 1770 232 1834 cathedra
256 1771 343 1834 Petri
377 1769 566 1856 pellendum
600 1770 768 1858 aliumque
790 1771 986 1836 Pontificem
1019 1769 1138 1853 eligen-

39 1867 105 1932 dum
129 1891 208 1932 esse.
254 1868 437 1954 Imperator
459 1870 654 1932 sententiam
677 1869 884 1954 approbavit.
930 1867 1140 1954 Quapropter

39 1965 171 2030 Ioannes
194 1965 263 2030 XII
294 1966 462 2051 depositus
484 1967 556 2048 fuit,
588 1976 620 2030 et
643 1969 677 2030 in
701 1968 771 2054 ejus
794 1966 903 2031 locum
927 1967 1049 2030 electus
1072 1965 1141 2029 Leo
1241 2043 1244 2052 Ι

39 2065 322 2146 protoscriniarius,
347 2067 404 2150 qui
428 2063 538 2128 adhuc
561 2064 665 2128 laicus
684 2075 762 2149 erat,
787 2065 840 2128 vel
863 2065 977 2130 saltem
993 2063 1142 2128 nondum

38 2161 64 2222 iu
97 2159 270 2226 ordinibus
307 2161 487 2246 majoribus
525 2165 729 2228 constitutur.
789 2162 892 2227 Paulo
925 2172 999 2247 post
1031 2177 1312 2226 conae-neormam-

37 2271 135 2322 cratus
168 2271 233 2341 est,
267 2273 299 2323 et
330 2261 392 2324 Leo
423 2259 501 2323 VIII
531 2259 724 2345 appellatus.
748 2299 791 2308 —
819 2260 1031 2325 Manifestum
1065 2279 1143 2321 vero
1199 2251 1258 2290 Μ’·

37 2369 90 2423 «κεῖ.
123 2361 231 2443 ipsum
262 2360 454 2443 antipa-pam
485 2359 602 2437 fuisse,
637 2359 812 2444 omniaque
844 2360 951 2438 irrito,
985 2378 1070 2442 quae
1108 2357 1143 2420 in

38 2454 88 2516 ista
112 2455 240 2538 synodo
265 2466 379 2519 contra
402 2457 566 2519 loannem
591 2455 658 2518 XII
683 2467 807 2522 tentata
835 2457 977 2520 fuerunt.
1024 2455 1142 2518 Merito

37 2551 189 2617 baronius
213 2565 386 2640 postquam
417 2565 509 2638 geste
532 2552 631 2639 huJus
655 2554 771 2638 synodi
802 2555 982 2619 enarravit.
1015 2551 1144 2618 subdit:

38 2653 67 2712 Iu
88 2678 149 2738 prro
172 2654 361 2737 probissima
385 2654 517 2729 achone,
541 2653 597 2713 secl
620 2651 773 2716 leuissimo
797 2665 825 2715 et
836 2651 1051 2737 perfunctorie
1070 2675 1144 2737 per·

37 2759 175 2833 hortata,
199 2775 292 2836 quom
315 2749 532 2835 multipliciter
548 2761 713 2835 peccatum
730 2753 779 2826 sit,
804 2773 953 2835 quomque
977 2750 1145 2812 enormiter

35 2861 182 2926 scrotum,
214 2872 269 2912 nec
296 2859 377 2934 poto
395 2871 459 2933 pro
483 2848 638 2932 diphitote
666 2871 711 2910 me
741 2849 886 2933 consequi
914 2846 1015 2910 uerbis
1039 2868 1143 2931 posse.

40 2945 130 3008 t'nom
161 2945 227 3009 Ioco
257 2949 392 3010 omnium
426 2947 481 3010 hoc
504 2948 584 3009 satis
608 2945 733 3024 habeto,
765 2970 923 3030 recoquens
954 2969 998 3008 ote
1023 2945 1143 3030 lepissc,

35 3045 270 3108 orthodoxorum
301 3055 482 3107 conventum
512 3043 694 3130 synodalem
724 3043 898 3129 aliquando
926 3043 1077 3123 habitum,
1110 3044 1143 3106 io

32 3163 85 3223 quo
110 3142 209 3226 magis
232 3142 472 3205 ecclesiasticum
479 3147 536 3232 jos
559 3139 718 3226 offensum,
743 3142 842 3224 inopis
865 3163 999 3204 cohortes
1022 3137 1143 3216 violati,

33 3239 193 3303 uulnerato
217 3239 359 3318 traditio,
382 3240 574 3316 conculcato,
599 3261 760 3324 oppresso,
792 3263 829 3302 ac
856 3243 972 3326 majore
997 3239 1143 3302 dedecoro

27 3347 190 3418 prostrato
204 3339 378 3424 jsistitia.⁹)
424 3337 511 3403 Sene
535 3336 616 3401 illud
639 3337 839 3421 principium
863 3337 951 3422 quod
982 3359 1057 3400 cum
1081 3338 1143 3422 pri-

35 3447 118 3498 matu
141 3436 282 3500 Romani
306 3435 477 3498 Pontificis
501 3436 615 3498 intime
640 3433 802 3516 cohaeret,
824 3437 965 3520 primam
990 3433 1100 3498 Sedere
1123 3459 1144 3498 a

33 3536 146 3598 tremine
163 3535 326 3623 judicari,
358 3533 510 3619 qnodque
542 3532 687 3596 vidimus
715 3543 862 3616 tempore
886 3532 1078 3615 Symmachi
1104 3555 1142 3595 ac

33 3629 149 3697 Leonis
172 3631 225 3696 ΙΙΙ
247 3642 360 3696 sancte
383 3641 560 3712 servatum,
586 3631 650 3694 imo
675 3653 804 3715 semper
827 3632 860 3694 in
881 3629 1030 3696 Ecclesia
1053 3632 1142 3714 agni-

34 3741 106 3812 hun,
131 3731 321 3816 turpissime
346 3728 522 3794 ebOttone
547 3729 682 3814 ejusque
707 3740 871 3791 conventu
886 3727 1045 3792 violatum
1069 3728 1141 3792 fuit.

117 3873 170 3937 79.
209 3871 320 3952 Quum
338 3881 463 3955 portem
488 3873 537 3933 sni
562 3872 726 3934 exercitus
750 3870 927 3934 dimisisset
949 3869 1141 3954 Imperator,

33 3966 249 4033 Romanorum
281 3990 358 4053 pars
395 3969 425 4032 ei
456 3970 605 4054 opposita
635 3967 829 4032 seditionem
863 3988 940 4030 mox
968 3969 1141 4048 excitavit3

34 4065 86 4129 sed
108 4066 224 4132 eadem
254 4067 307 4130 die
338 4067 373 4130 3·
398 4066 550 4132 Ianuarii
579 4067 657 4129 anni
688 4067 752 4128 964
780 4064 822 4128 ab
852 4066 972 4130 Ottone
996 4067 1040 4130 M.
1066 4089 1141 4131 cum

33 4219 238 4228 ——..-.---··--

103 4284 120 4344 ¹>
139 4280 323 4348 Luitprantlus
340 4280 357 4333 l.
378 4295 399 4334 c.
419 4297 441 4333 c.
463 4282 503 4336 14.
613 4281 636 4346 ι3)
655 4279 697 4332 Ad
716 4295 739 4332 s.
760 4279 856 4335 96311.
876 4283 917 4337 31.
