2904 4834
301 467 355 524 418
614 465 702 520 xvm
740 465 781 520 Dc
798 464 944 522 schismate
961 464 1104 520 Photisno.

303 609 411 696 Aprili
444 633 473 674 a.
506 609 588 690 878,
604 618 720 694 atque
744 609 891 673 Joannes
924 616 1014 672 ratus
1042 617 1106 691 est,
1140 618 1350 694 opportunam
1374 633 1401 673 sc

303 716 437 772 nactum
461 707 678 788 occasionem,
704 717 740 769 ut
763 705 805 771 ad
829 707 962 790 negotia
978 705 1203 770 ecclesiastica
1217 705 1402 792 disponenda

302 806 427 890 legatos
452 803 772 888 Constantinopolim
801 815 834 868 et
858 806 892 868 in
915 804 1107 888 Bulgariam
1131 806 1284 870 mitteret.
1326 806 1403 868 Atto·

304 926 380 968 men
403 903 494 968 haud
518 925 573 966 eos
598 901 689 965 dedit
717 900 841 986 legatos
870 923 952 987 quos
974 901 1158 986 Imperator
1187 901 1403 987 postulaverat.

303 1003 386 1066 forte
420 1001 507 1086 quod
543 1002 652 1064 minus
685 999 796 1064 firmos
830 1010 928 1084 atque
962 1010 1149 1066 constantes
1181 999 1255 1065 illos
1276 999 1404 1079 haberet

304 1099 362 1164 sed
385 1097 525 1162 Paulum
540 1097 788 1162 Anconitanum
813 1099 1014 1182 episcopum,
1040 1108 1072 1160 et
1086 1097 1275 1182 Eugenium
1296 1098 1405 1162 Ostien-

305 1218 373 1260 sem
398 1197 455 1280 qui
479 1195 646 1282 qnondam
671 1206 708 1258 ut
730 1194 902 1280 presbyter
924 1194 1041 1280 legatis
1074 1194 1117 1259 ad
1141 1194 1312 1278 Synodum
1334 1205 1405 1260 octa·

303 1315 382 1358 vam
425 1314 534 1358 eomes
576 1293 692 1356 fuerat.
761 1291 846 1366 Quia
886 1315 976 1371 cero,
1023 1291 1138 1356 scribit
1176 1293 1321 1358 Joanncs
1356 1295 1405 1356 Im·

304 1392 461 1477 peratori,
486 1391 553 1453 Deo
578 1390 731 1454 amabiles
754 1391 839 1454 ciros
862 1413 937 1476 quoe
961 1392 1147 1454 nominatim
1171 1392 1285 1456 litteris
1308 1393 1403 1478 expeti·

306 1491 347 1552 tie
377 1487 563 1573 quibasdam
597 1488 798 1552 incommodis
829 1488 997 1574 impeditos
1029 1487 1189 1552 destinare
1221 1490 1406 1574 aepacioimuc,

304 1587 444 1649 misimus
475 1584 609 1648 Paetum
642 1595 672 1648 et
703 1585 892 1671 Eapeaium,
929 1586 1144 1650 sanctissimos
1173 1597 1203 1650 et
1230 1585 1406 1650 veneranda

305 1685 467 1770 episcopos
497 1681 685 1768 dilectosque
716 1681 916 1748 consiliarios
946 1693 1086 1760 nostros,
1116 1706 1246 1768 pacarem
1275 1685 1359 1748 nobe
1385 1694 1407 1746 ct

295 1779 381 1866 fides
406 1779 547 1868 probato
578 1789 606 1841 ct
639 1779 772 1844 scientio
804 1781 978 1868 manifesta
1011 1779 1097 1866 est.¹)
1143 1781 1336 1867 Imperatori
1365 1804 1408 1845 eos

306 1877 517 1942 commendat
538 1880 695 1964 petitque,
720 1887 757 1941 nt
781 1879 880 1942 etiam
910 1900 1024 1942 secure
1054 1901 1108 1944 eos
1133 1877 1252 1943 deduci
1277 1881 1407 1944 curetin

305 1975 514 2059 Bulgariam,
538 1987 573 2039 at
596 1997 693 2038 cauea
717 1985 838 2038 tamtum
860 1976 1070 2054 uisitaticnis,
1097 1974 1268 2062 plorioeam
1290 1975 1408 2066 ejsudem

300 2074 486 2160 prouinciae
503 2070 706 2160 (Bulgariae)
714 2074 895 2160 principem
912 2073 1039 2152 adeant,
1055 2083 1084 2136 et
1103 2073 1141 2137 dc
1154 2084 1266 2160 optato
1278 2075 1408 2138 meamne

306 2171 336 2234 ei
359 2169 599 2256 Apostolorum,
622 2181 657 2233 ct
680 2171 839 2249 condecet,
864 2171 1000 2256 capiatis
1024 2170 1139 2257 officiis
1156 2172 1408 2258 percalutctimm

307 2269 441 2332 edicant.
492 2267 678 2333 Prudenter
717 2266 873 2332 Pontifex
914 2266 969 2332 hic
1009 2270 1131 2332 omittit
1171 2290 1408 2334 commemorem

307 2369 439 2451 negotia
470 2365 692 2430 ecclesiastica
724 2387 809 2452 quae
842 2367 876 2430 iu
908 2365 1066 2450 Bulgaria
1097 2366 1282 2432 ordinanda
1312 2367 1408 2452 legatis

306 2466 429 2549 pariter
462 2465 685 2542 commiserat,
719 2486 781 2528 nec
808 2475 920 2528 tamen
949 2475 1036 2528 certe
1060 2463 1214 2550 decipere
1236 2465 1341 2529 voluit
1361 2463 1409 2526 Im·

306 2573 501 2649 peratorem.
547 2561 650 2626 Haud
675 2561 827 2626 dubitare
852 2563 941 2626 enim
965 2573 1094 2648 poterat
1117 2561 1273 2646 Joannes,
1298 2563 1340 2627 ad
1363 2561 1409 2625 Bs-
1442 2591 1443 2662 p

308 2659 372 2724 silii
396 2661 547 2723 notitiam
571 2668 788 2746 perventuras
813 2683 882 2723 esse
907 2682 962 2724 eas
985 2682 1066 2747 quas
1084 2660 1181 2724 simul
1204 2661 1248 2726 ad
1261 2661 1409 2746 Ignatinm

305 2757 407 2821 dabat
438 2755 604 2842 litteras.²)
651 2757 752 2821 Hisce
776 2767 887 2822 autem
918 2755 1103 2842 ignatium,
1138 2781 1235 2845 quem
1259 2758 1363 2823 adhuc
1384 2759 1407 2818 in

305 2857 393 2919 vivis
426 2877 496 2919 esse
530 2854 686 2919 credebat
717 2855 888 2939 Pontifex,
923 2856 1120 2940 gravissime
1145 2856 1185 2920 de
1210 2867 1363 2943 usurpata
1383 2855 1407 2916 iu

304 2953 497 3063 Bu'lgariam
513 2952 749 3039 jurisdictione
774 2964 886 3018 monet
909 2963 942 3016 et
965 2955 1123 3040 increpat,
1148 2954 1245 3040 eique
1262 2955 1325 3018 nisi
1340 2957 1408 3017 intra

305 3051 441 3133 triginta
465 3049 537 3114 dies
560 3052 706 3136 episcopi
732 3050 970 3136 etpresbyteri
995 3054 1106 3136 graeci
1139 3049 1181 3116 ab
1216 3053 1287 3138 ipso
1311 3075 1328 3116 e
1349 3047 1407 3114 Bul·
1442 3109 1443 3128 ,

304 3150 397 3234 garia
421 3157 612 3227 evocentur,
637 3148 887 3233 suspensionem
911 3148 954 3213 ab
979 3148 1195 3230 eucharistia,
1221 3149 1295 3214 dein
1322 3151 1346 3213 si
1368 3146 1408 3210 ob·
1442 3141 1443 3220 J

305 3247 446 3309 stinatus
469 3255 671 3331 permaneat,
697 3244 912 3332 depositionis
936 3268 1076 3332 poenam
1101 3245 1261 3334 indicit.³)
1304 3247 1408 3330 Regem

304 3341 524 3427 Bulgarorum
548 3351 580 3406 et
603 3365 754 3428 proceres
775 3345 842 3406 suis
856 3343 973 3408 litteris
991 3344 1138 3409 Joannea
1153 3347 1276 3432 pariter
1291 3345 1408 3408 monuit.
1442 3401 1443 3412 ,

305 3451 343 3504 ut
364 3441 407 3504 ad
425 3439 647 3504 obedientiam
665 3463 742 3526 erga
757 3440 932 3506 ecclesiam
944 3441 1129 3506 Romanam
1142 3440 1407 3522 reverterentur.¹i
1442 3503 1443 3534 ,

305 3537 349 3602 ad
373 3539 542 3623 episcopos
566 3559 643 3601 vero
668 3547 700 3602 et
723 3537 932 3624 presbyteros
957 3561 1092 3624 graecos
1117 3541 1151 3603 in
1176 3538 1332 3625 Bulgaria
1354 3561 1407 3600 ver·
1442 3603 1443 3606 ,

306 3645 415 3700 santes
438 3637 598 3720 rescripta
627 3634 719 3700 dedit
747 3636 927 3701 admodum
952 3658 1085 3715 severa,
1116 3637 1237 3723 quibus
1268 3661 1321 3703 eos
1349 3657 1406 3700 cen·
1442 3625 1443 3634 ¹

307 3735 392 3797 sciris
416 3731 601 3818 implicatos
626 3755 695 3798 esse
720 3734 909 3816 denuntiat,
942 3733 1246 3821 depositionemque
1272 3738 1405 3800 minatur.
1442 3795 1443 3806 ,

381 3917 401 3986 ¹)
423 3917 537 3971 Joannis
556 3917 623 3971 VIII
643 3935 681 3986 ep.
702 3921 751 3986 803
770 3919 861 3972 Labbe
881 3919 928 3972 IX.
949 3920 983 3972 66
1442 3883 1443 3962 i

379 3997 401 4065 ²)
421 3997 511 4052 Verba
536 4013 604 4064 quae
622 3997 755 4066 Bulgaros
780 4004 905 4066 spectant
929 3998 957 4052 ia
984 3999 1098 4067 epistola
1116 4001 1230 4054 Joannis
1256 4001 1288 4052 ad
1308 3999 1404 4064 Impera·
1442 3981 1443 4038 i

307 4085 416 4212 ioddm’t
438 4076 657 4210 Ἑοὲἓὴίειηαὺίοἰε
682 4083 808 4147 corrupto
834 4094 891 4134 esse
916 4079 1070 4146 suspicatur
1094 4079 1239 4142 Berenice,
1263 4079 1297 4134 sd
1320 4095 1343 4134 a.
1364 4074 1404 4130 Siti
1440 4179 1441 4182 Ἴ

381 4239 402 4302 ³)
421 4237 469 4304 Ep.
490 4237 537 4296 783
556 4235 647 4292 Labbe
664 4237 713 4302 IX.
733 4239 776 4294 63.
885 4239 907 4308 ⁴)
926 4239 981 4307 Ep„
999 4240 1045 4306 75³3
1066 4239 1156 4295 Labbe
1175 4239 1221 4294 IX.
1239 4241 1281 4294 59.
