2932 4836
317 493 357 546 De
376 490 562 546 Demetalibns
580 491 864 547 Pseudo-Isidorisnis.
1101 492 1154 546 295

54 651 137 701 erant.
178 637 232 702 Ita
255 659 284 702 e.
307 657 340 719 g.
365 634 491 719 Synodi
517 632 798 700 Chalcedonensis
822 657 929 700 canon
953 635 1004 700 IX
1029 638 1153 718 statuit,

54 734 221 799 siclericus
251 734 300 799 cel
324 735 505 820 episcopus,
539 735 567 796 ei
590 742 700 798 contra
723 731 998 820 metropolitanam
1027 755 1156 800 eausam

53 843 148 916 mant,
179 855 249 896 eam
272 854 364 918 apere
391 842 523 917 possent
554 830 604 894 ael
626 854 731 896 eoram
757 835 897 917 primate
929 855 983 895 seu
1011 835 1154 914 caareho,

53 929 212 994 alcoram
235 931 381 1016 episcopo
404 931 509 1014 rapias
533 929 618 992 sedis
646 927 802 994 CPtaaae.
850 929 1023 1015 Ejusmodi
1048 952 1156 995 canon

53 1027 184 1092 conditus
214 1027 258 1096 ab
283 1028 447 1113 episcopis
471 1025 686 1092 orientalibus
708 1027 908 1112 respiciebat
938 1027 1073 1112 quidem
1098 1051 1157 1114 per

52 1155 78 1188 sc
97 1124 277 1208 Orientem,
312 1124 371 1190 sed
394 1123 546 1209 analogia
575 1125 718 1210 quadam
746 1126 823 1210 jure
847 1147 980 1190 censere
1004 1135 1157 1211 poterant

52 1223 169 1288 Romani
195 1222 376 1288 Pontifices
400 1223 602 1288 conveniens
626 1245 715 1304 esse,
750 1233 786 1286 ut
809 1223 899 1309 quod
922 1226 956 1288 vi
980 1223 1155 1309 privilegio

52 1321 107 1384 sedi
121 1321 273 1386 CPtanae
293 1319 546 1398 concedebatur,
572 1321 636 1405 ipsi
654 1322 728 1406 jure
744 1323 915 1406 primatus,
941 1321 1020 1386 dum
1042 1343 1157 1407 oppor-

51 1437 145 1483 tunum
171 1421 283 1484 visum
308 1421 434 1500 fnisset,
459 1429 659 1484 exercerent.

123 1519 173 1583 di.
207 1518 260 1582 Ex
291 1517 356 1580 hac
378 1518 584 1602 expositione
608 1515 764 1580 historica
794 1515 974 1599 colligitur,
1009 1539 1157 1602 eaquae

50 1617 76 1676 in
98 1614 294 1680 Collectione
323 1614 600 1680 Pseudo-Isidori
634 1614 742 1699 quoad
776 1613 919 1698 synodos
952 1624 984 1677 et
1015 1615 1157 1699 appella-

51 1715 137 1776 tiones
166 1713 397 1798 proferuntnr,
430 1712 520 1777 haud
544 1733 633 1776 nova
655 1712 771 1791 fuisse,
806 1711 864 1775 sed
888 1721 964 1775 ante
990 1713 1061 1796 jem
1086 1735 1157 1797 pro-

51 1809 103 1874 lsts
124 1821 155 1875 et
177 1811 397 1897 frequentata.
428 1849 472 1858 -
503 1810 689 1876 Romanum
715 1831 793 1874 vero
816 1809 1012 1874 Pontificem
1036 1811 1158 1875 nullius

52 1911 234 1974 amaritate}
256 1910 411 1972 humanae
427 1907 554 1996 judicio
578 1907 754 1996 subjacere,
789 1909 910 1972 veritas
935 1915 984 1972 est
1006 1929 1090 1993 quse
1115 1932 1156 1972 ex

51 2005 148 2071 divina
172 2009 381 2072 institutione
414 2015 446 2070 et
469 2005 579 2070 indole
602 2007 764 2090 primatus
786 2007 972 2071 necessario
997 2007 1155 2091 seqnitur.

49 2103 104 2168 Nec
132 2117 213 2170 tnnc
243 2128 283 2170 ea
313 2107 376 2170 fuit
400 2106 543 2189 primum
567 2104 703 2189 prolata.
752 2101 948 2169 Continetur
976 2103 1097 2168 diserte
1120 2107 1156 2171 in

51 2203 158 2267 lielasii
183 2203 200 2267 I
225 2203 475 2268 commonitorio
500 2202 543 2266 ad
559 2203 719 2266 Faustum
742 2201 889 2286 legatum
913 2203 948 2266 in
972 2223 1036 2288 quo
1062 2202 1157 2267 dicit:

51 2303 105 2386 Ipsi
136 2313 209 2366 suat
244 2323 399 2382 conopes,
434 2301 488 2384 qui
522 2298 755 2386 appellationes
791 2301 885 2364 totius
919 2298 1080 2364 Ecaleaae
1116 2301 1160 2365 ad

48 2399 124 2486 lujm
144 2399 237 2464 Sedis
261 2421 393 2462 mamea
415 2397 539 2462 volnere
564 2397 693 2484 deserui.
741 2397 791 2460 Ab
814 2401 889 2482 ipsa
912 2420 984 2462 aero
1007 2421 1160 2483 nusquam

47 2519 161 2578 proeaees
184 2497 351 2587 appellari
373 2495 483 2559 debere
507 2505 692 2574 sanceruat,
717 2518 754 2558 ac
770 2518 832 2580 per
849 2495 905 2558 hac
924 2495 1016 2560 illam
1034 2496 1072 2560 de
1093 2504 1160 2560 tota

49 2594 176 2658 lhcless'a
191 2595 359 2682 judicare,
383 2595 487 2679 ipsam
510 2593 554 2656 ad
577 2591 697 2656 nullius
721 2615 889 2656 commeare
906 2594 1080 2683 judiciam,
1105 2617 1160 2658 aec

49 2691 78 2752 tle
107 2698 172 2780 epus
203 2715 343 2778 anquam
369 2701 602 2778 praeceperant
632 2690 759 2780 judicio
785 2691 945 2779 judicare,
972 2741 978 2754 .
1002 2741 1009 2754 .
1031 2740 1063 2754 ..
1100 2692 1160 2754 Isti

50 2791 94 2870 pai
113 2793 213 2868 sacri,
247 2792 302 2877 qai
324 2790 542 2871 ecclesiastici,
575 2789 630 2875 qui
652 2788 784 2874 tepitimi
813 2787 1024 2868 celebrantur,
1049 2789 1161 2853 Sedeas

49 2887 252 2971 Apostoliaam
285 2889 329 2952 ad
353 2888 513 2978 judicium
535 2909 646 2950 vocare
679 2909 742 2950 oon
765 2897 909 2972 postcunt.
917 2887 942 2967 ¹)
988 2886 1059 2950 Imo
1088 2887 1159 2971 jam

50 2995 132 3048 antea
155 2986 306 3050 Zosimus
327 2987 368 3052 R.
392 2987 429 3050 P.
454 2985 568 3048 scribit
595 2983 639 3048 ad
663 2983 835 3048 Aurelium
864 2982 1160 3068 Carthaginensem

50 3083 244 3169 episcopum:
273 3082 423 3157 Qamois
440 3093 573 3170 patrum
598 3082 731 3146 traditio
756 3081 948 3167 apostolicae
965 3080 1042 3144 Sede·
1056 3092 1159 3144 aucto·

51 3180 161 3244 ritatem
183 3191 305 3246 tantam
329 3183 484 3260 tribuerit,
508 3181 604 3246 atde
629 3184 695 3268 ejus
711 3179 837 3268 jndicio
861 3179 1038 3264 disceptare
1053 3177 1161 3244 pallus

50 3278 176 3343 auderet.
295 3281 433 3366 Eamque
457 3281 597 3344 Romani
626 3279 787 3361 Pontifices
820 3277 898 3340 dicit
930 3279 1160 3354 auctoritatem,

52 3386 78 3434 et
95 3376 196 3442 nullas
211 3378 250 3442 de
265 3389 377 3442 nostra
392 3380 496 3464 possit
516 3387 690 3440 retractare
711 3373 908 3460 senteutia.²)
946 3373 1160 3438 BonifatinsI

51 3491 119 3537 vero
148 3475 181 3539 in
203 3474 343 3561 epistola
369 3477 423 3539 13·
446 3475 488 3539 ad
513 3475 636 3539 Rufum
660 3471 989 3536 Thessalonicensem
1014 3472 1160 3556 legatum

52 3593 135 3635 sunm
174 3573 304 3638 scribit:
340 3573 394 3637 Ad
427 3571 579 3660 synodum
621 3595 699 3658 qaae
729 3569 857 3634 dicitas·
891 3569 1001 3634 illicite
1037 3593 1160 3655 conpre-

52 3669 148 3750 paoda
253 3671 335 3736 talia
366 3672 489 3757 saepta
512 3670 705 3747 direximus,
739 3667 850 3754 quibas
879 3669 1021 3732 universi
1034 3668 1163 3753 fratrea

54 3767 234 3853 iutellipaat,
261 3772 369 3856 primo
394 3770 558 3834 convenire
582 3789 614 3832 se
646 3768 727 3830 citra
752 3775 839 3830 tuam
862 3767 1084 3832 conscientiam
1105 3767 1161 3828 mi-

54 3865 124 3928 siae
148 3867 300 3948 debuine,
333 3866 447 3932 deiude
470 3866 510 3930 de
533 3875 639 3934 aestro
663 3887 726 3928 aaa
750 3885 815 3928 esse
838 3863 964 3953 judicio
987 3873 1162 3927 retractau-

55 3959 128 4026 dum.
145 4001 185 4011 -
201 3965 309 4052 Atque
334 3967 368 4029 in
392 3962 531 4049 epistola
554 3963 608 4026 15·
631 3961 674 4027 ad
698 3961 871 4025 eumdem:
898 3961 998 4025 Nemo
1013 3983 1160 4046 anquam,

121 4186 142 4247 ¹)
159 4185 244 4240 Lahhe
262 4185 309 4240 IV.
330 4185 409 4240 1169.

121 4263 143 4332 ¹)
161 4264 305 4332 Constant,
325 4267 375 4334 Ep.
395 4265 470 4319 Rom.
491 4263 570 4320 Pont
589 4279 614 4332 p.
634 4266 694 4318 974.

1192 1909 1256 1951 Sedes
1271 1909 1297 1950 R.

1165 1970 1326 2022 nonjudlcatnr.
