2952 4832
332 441 371 494 De
392 439 555 494 l’outificatu
574 439 600 494 S.
620 439 747 510 Gregorii
766 442 829 494 VII.
1116 441 1168 494 263

62 584 218 648 beneficiis
241 583 305 648 sibi
329 584 500 648 devincire
524 585 634 646 eonati
658 593 749 665 sunt,
774 595 810 648 ut
824 584 994 650 Ecclesiae
1015 584 1169 648 addictus

62 685 149 746 ctiam
189 681 280 768 apud
311 682 546 767 Imperatorem
583 680 759 746 salutarem
802 694 971 746 exerceret
1002 681 1167 746 influxunr

63 791 164 844 sonim
186 780 268 844 alios
292 779 505 860 consiliarios,
529 780 586 864 qui
611 802 648 843 eo
674 789 821 865 tempore
845 780 1028 844 Hernicum
1052 781 1100 844 lv
1125 781 1168 844 ad

62 878 213 942 funestam
237 877 449 962 tyrannidem
466 878 501 940 in
515 875 700 941 Ecclesiam
725 889 757 941 et
773 877 922 942 subditos
946 877 1168 954 incitabant¹ju

62 975 107 1040 Ob
129 977 270 1039 rationes
294 973 416 1040 similes
441 975 564 1038 dixeris
588 977 687 1039 ctiam
709 976 884 1059 Hugonem
910 974 1098 1040 Candidum
1124 979 1168 1041 ul-

62 1075 131 1136 timo
155 1081 300 1157 tempore
324 1071 509 1136 Alexandri
532 1072 567 1136 Π
600 1074 719 1136 iterum
743 1073 923 1137 honorifice
948 1073 1097 1137 habitum
1122 1074 1169 1136 fu·

61 1171 126 1234 isse.
149 1208 191 1216 —
216 1168 281 1234 Sed
299 1171 437 1234 nimium
462 1171 600 1233 istorum
623 1169 796 1236 homiuum
821 1171 919 1234 corda
944 1169 1080 1236 ambitio
1103 1192 1169 1234 eor-

61 1277 201 1352 ruperat,
235 1270 281 1332 ita
309 1279 346 1332 ut
373 1288 433 1353 pro
457 1265 555 1332 bonis
584 1267 760 1332 redderent
784 1267 884 1348 mala,
915 1277 947 1330 et
970 1269 1064 1332 brevi
1098 1279 1170 1354 post

60 1376 178 1430 atroces
201 1366 318 1430 fierent
340 1365 521 1430 adversarii
546 1363 698 1450 Gregorii
723 1365 797 1430 Vll.

582 1743 641 1806 11.

186 1883 256 1945 De
278 1884 609 1963 Pontificem
631 1885 667 1948 S.
686 1884 914 1964 Greportt
944 1883 1036 1947 VII.

142 2075 194 2140 53.
242 2074 361 2139 Statim
384 2086 458 2162 post
482 2087 618 2140 mortem
644 2076 827 2142 Alexandri
851 2077 886 2140 ll
909 2076 1169 2158 Hildebrandus,
1189 2095 1275 2139 stairo
1292 2097 1343 2135 era

62 2173 306 2237 archidiaconus
333 2174 504 2238 Romanae
534 2174 702 2255 ecclcsiae,
736 2183 838 2259 quiem
870 2176 904 2239 in
935 2177 1084 2260 exequiis
1119 2175 1172 2239 de·
1207 2169 1265 2219 ⁸⁰⁸⁰
1281 2165 1329 2208 ΥΠ·

61 2271 159 2334 iuneti
181 2272 352 2336 Pontifieis
376 2283 603 2358 occuparetur,
628 2275 778 2337 unanimi
803 2293 965 2337 consensu
989 2274 1024 2336 in
1048 2295 1174 2336 succes·

63 2391 160 2432 sorem
184 2368 272 2433 illius
296 2370 419 2434 clectus
443 2379 501 2435 est.
549 2371 603 2434 Ex
626 2370 764 2434 basilica
787 2369 1014 2452 Lateranensi,
1046 2370 1103 2434 ubi
1128 2393 1174 2434 se-

65 2465 205 2550 pultarae
229 2468 370 2532 traditus
394 2478 464 2532 erat
479 2467 680 2550 Alexander,
705 2466 955 2532 Hildebrandus
978 2491 998 2531 a
1017 2467 1174 2532 Cardina·

63 2563 143 2628 libus
166 2588 204 2629 ac
219 2564 345 2651 reliquo
367 2566 452 2630 clero
473 2577 507 2630 et
522 2565 641 2651 populo
658 2568 783 2630 invitus
799 2566 842 2629 ad
858 2564 1031 2630 ecelesiam
1047 2589 1071 2628 s.
1085 2564 1175 2628 Petri

63 2663 101 2725 ad
131 2663 271 2727 Vincula
308 2663 471 2728 deductus
502 2665 574 2747 fuit,
611 2675 710 2750 atque
741 2663 865 2728 ibidem
896 2685 986 2727 more
1018 2671 1174 2726 consueto

63 2761 215 2824 canoniea
248 2761 363 2825 electio
395 2772 530 2848 peraeta
566 2771 623 2826 cst.
670 2761 709 2825 Id
735 2763 823 2825 enim
859 2760 978 2845 legitur·
1011 2763 1174 2846 expressis

64 2855 167 2921 verbis
199 2861 233 2922 in
266 2861 500 2924 commentario
540 2858 710 2924 electionis
749 2859 791 2924 ab
825 2859 982 2924 eeclesiae
1005 2860 1174 2924 Romanae

64 2957 181 3020 notario
205 2958 317 3020 statim
341 2957 516 3043 descripte,
542 2979 671 3043 exque
696 2959 797 3021 etiam
822 2959 956 3038 cruitur,
981 2956 1175 3021 electionem

63 3051 176 3118 iactam
200 3077 270 3118 esse
295 3054 348 3118 die
373 3055 416 3118 22
431 3055 558 3140 Aprilis
582 3056 650 3137 (die
666 3055 776 3136 lunae)
801 3055 1002 3138 anni10733
1027 3055 1175 3140 adeoque

68 3171 179 3215 errasse
202 3153 405 3216 Bonizonem
431 3153 510 3217 dum
535 3155 682 3239 scripsit,
716 3153 944 3218 Alexandrum
969 3152 1004 3216 Il
1036 3155 1070 3216 in
1095 3154 1175 3216 festo

64 3269 86 3310 s.
109 3245 239 3334 Georgii
272 3250 340 3337 (die
369 3251 411 3315 23
437 3250 575 3338 Aprilis)
608 3261 773 3316 mortuum
803 3275 882 3316 esse.
930 3251 1175 3314 Documentum

64 3344 138 3410 illud
171 3348 340 3412 electionis
368 3348 560 3434 hujusmodi
592 3359 656 3414 est:
689 3351 851 3433 Repaaate
888 3349 1024 3413 Domino
1069 3359 1175 3411 auara

61 3443 135 3508 Jesa
148 3443 280 3526 Christo,
296 3471 379 3511 carro
393 3445 650 3512 clementissimae
659 3449 895 3512 Iacaraett'oat's
912 3450 979 3534 ajaa
989 3447 1175 3525 MLXXIII,

65 3541 229 3607 indictione
254 3555 284 3607 et
307 3546 383 3609 luna
399 3546 457 3624 XI,
481 3547 514 3609 X
527 3546 695 3610 Kalendas
710 3547 805 3633 Maii,
822 3545 916 3631 feria
932 3545 975 3622 H,
1000 3544 1051 3607 die
1075 3544 1176 3630 cepal-

66 3649 145 3704 turae
168 3643 289 3706 demini
307 3643 490 3708 Aleaaaclra'
513 3643 611 3707 bonae
636 3645 801 3706 aremorico
825 3643 863 3706 ΙΙ
882 3643 1002 3728 Papae,
1026 3667 1064 3706 ae
1089 3641 1177 3704 sedes

66 3736 241 3821 Apostoliea
271 3741 327 3806 diu
355 3742 460 3828 lupeat
485 3743 621 3828 proprio
647 3742 798 3804 destituta
826 3750 966 3826 pastore,
997 3741 1177 3825 conprepati

66 3834 95 3895 ia
123 3837 255 3903 basilica
289 3839 373 3904 beati
396 3840 483 3903 Petri
513 3840 557 3903 ad
592 3837 724 3903 Vincula
759 3861 817 3902 aas
856 3848 983 3902 sanctae
1011 3839 1176 3900 Romanae

65 3935 225 4000 catholicae
250 3948 280 4000 et
294 3938 486 4026 apostolieae
503 3937 650 4002 eeclesiae
674 3936 866 4014 cardinales,
890 3935 1005 4014 elerici,
1030 3933 1176 4021 acolythi,

63 4031 256 4111 suddiaconi,
284 4035 478 4123 presbyteri,
504 4033 729 4119 praesentibus
760 4031 991 4097 areaerabilibua
1022 4033 1178 4118 episcopis

116 4167 269 4176 ——m

134 4229 152 4292 Ι)
170 4229 202 4281 V.
222 4227 326 4294 Heielc,
345 4229 374 4283 C.
394 4229 426 4283 G.
445 4229 493 4283 IV.
514 4229 538 4299 ξ.
559 4229 621 4283 568.
