3054 4834
314 485 370 535 aas
564 483 639 538 xxi.
659 484 699 538 ue
719 485 744 538 e.
764 483 898 551 cngoso
918 485 973 538 vu
993 486 1069 541 sors
1089 459 1234 542 beatifice.

316 649 485 711 prononcc
509 627 542 691 la
566 626 682 692 nutrite
715 627 795 694 d'un
820 637 893 692 acte
918 627 1067 692 invalide
1098 651 1160 714 par
1182 629 1230 694 les
1254 629 1326 708 lois,
1360 633 1438 695 mais

314 725 398 789 dont
425 724 457 788 la
486 725 603 788 nullitd
630 725 769 790 n'existe
801 747 861 811 pas
894 725 933 788 de
958 725 1049 811 plain
1081 726 1169 791 droit
1199 737 1232 791 et
1257 730 1311 792 n’a
1334 728 1440 793 d'effet

313 822 469 908 qu'apres
493 825 587 887 avoir
612 826 664 887 ete
687 826 875 908 prononcde
898 845 960 908 par
982 823 1013 887 le
1039 824 1142 909 juge“
1158 826 1191 906 ¹).
1233 824 1328 906 Quae
1351 826 1438 892 hisce

314 922 536 1002 continentur,
562 920 672 1008 quoad
696 931 818 986 statum
833 943 945 986 rerum
963 923 1020 1007 qui
1037 922 1148 988 medio
1164 945 1248 987 aevo
1272 923 1439 990 obtinebat
1500 993 1501 1006 p

315 1032 348 1082 et
374 1019 430 1103 jus
463 1018 635 1104 publicum
664 1021 796 1103 vigensss
828 1021 945 1083 merito
974 1020 1330 1086 sane-consideranda
1357 1033 1439 1087 sunt.

316 1119 474 1181 Attamen
499 1118 676 1203 explicatio
701 1117 785 1181 haec
809 1118 978 1182 sufficiens
1002 1117 1118 1182 haberi
1144 1123 1269 1206 nequit

139 1283 250 1338 raama
273 1287 305 1327 ¹·
410 1280 480 1342 130.
517 1279 585 1342 Nos
610 1277 767 1342 hocloco
792 1300 858 1343 non
884 1280 916 1343 in
942 1277 1142 1343 abstracto'
1133 1281 1346 1365 inquirimus,
1370 1302 1440 1366 quo·
1500 1273 1501 1304 ¹

138 1353 214 1400 Μ’
204 1425 244 1468 ἡ
226 1355 306 1406 ⁰³⁸⁰
317 1375 414 1440 modo
446 1401 507 1462 pei
541 1401 572 1441 se
608 1375 769 1462 explicari
805 1389 925 1461 posset,
966 1377 1054 1462 quod
1090 1377 1230 1442 Romani
1267 1377 1442 1443 Pontifices

316 1484 446 1538 tantum
484 1475 651 1538 influxum
676 1485 870 1562 tantamque
906 1485 1100 1587 potestatem
1126 1477 1159 1538 in
1185 1477 1381 1540 societatem
1404 1477 1440 1539 ci·

317 1572 416 1636 vilem
435 1572 544 1637 medio
561 1596 644 1638 aevo
662 1575 881 1654 exercuerint,
907 1573 964 1638 scd
981 1575 1182 1660 quaerimus,
1208 1573 1334 1660 quibus
1360 1576 1440 1660 prin·

314 1671 411 1755 cipiis
445 1671 483 1734 de
505 1671 599 1756 facto
632 1683 664 1734 et
687 1673 832 1736 historice
859 1672 920 1757 ipsi
946 1673 1011 1736 uisi
1035 1673 1158 1735 sintin
1184 1695 1223 1734 ea
1247 1675 1441 1736 auctoritate

314 1769 512 1853 exercenda,
537 1781 636 1855 atque
661 1770 695 1833 in
720 1771 830 1855 specie
855 1769 950 1856 quale
966 1769 1222 1834 fundamentum
1238 1772 1443 1834 auctoritatis

315 1889 395 1932 suae
420 1869 452 1930 in
478 1869 822 1932 excommunicatione
848 1879 880 1930 et
904 1868 1109 1952 depositione
1130 1867 1272 1932 Henrici
1289 1867 1343 1930 IV
1370 1867 1443 1933 Gre-

314 1966 427 2050 gorius
452 1965 517 2028 VII
542 1967 758 2051 proposuerit,
792 1989 834 2030 ex
858 1965 1046 2052 quibusque
1071 1965 1256 2030 rationibus
1281 1967 1355 2052 ipse
1379 1968 1442 2032 vin·

315 2063 480 2127 dicaverit
504 2086 597 2127 suam
622 2063 741 2148 agendi
767 2066 941 2129 rationem.
988 2063 1092 2150 Atqui
1116 2062 1199 2127 illud
1223 2065 1440 2129 certissimum

314 2172 382 2243 est,
415 2183 489 2225 eum
521 2184 587 2226 non
618 2164 776 2248 primarie
807 2173 840 2226 et
874 2162 1050 2226 ultimatim
1079 2184 1279 2248 provocasse
1309 2163 1358 2226 ad
1392 2164 1442 2248 jus

315 2259 437 2323 sociale
463 2260 552 2324 illius
577 2262 744 2346 temporis,
769 2260 827 2323 sed
851 2259 949 2344 plane
973 2259 1039 2323 alin
1063 2258 1211 2324 attulisse
1236 2271 1442 2346 argumenti.

316 2359 368 2421 Ae
393 2357 607 2422 disertissime
632 2357 783 2440 adstruit,
813 2353 1067 2422 fundamentum
1100 2380 1140 2420 ac
1164 2357 1314 2421 radicem
1351 2359 1444 2444 hujus

314 2458 524 2521 auctoritatis
560 2479 629 2521 esse
667 2458 700 2520 in
732 2456 807 2542 jure
844 2456 970 2536 divino,
1010 2467 1043 2519 et
1066 2477 1262 2542 premanere
1300 2479 1377 2520 eam
1409 2480 1444 2518 ex

315 2554 524 2640 plenitudine
549 2557 718 2640 potcstatis
742 2557 771 2618 ei
804 2577 862 2640 per
888 2555 1057 2618 Christum
1088 2555 1285 2618 commissae
1310 2554 1445 2639 regendi

316 2663 355 2716 ut
391 2675 564 2738 supremus
599 2653 755 2718 Pontifex
792 2652 975 2717 Ecclesiam
1015 2653 1217 2716 universam.
1264 2651 1378 2717 Simul
1410 2675 1447 2716 ex

316 2750 472 2815 Patribus
504 2762 536 2815 et
567 2774 608 2814 ex
633 2753 728 2814 lactis
762 2751 992 2836 praecedentis
1016 2751 1173 2836 temporis
1197 2749 1357 2830 ostendit,
1394 2751 1447 2814 llo·

317 2871 416 2913 mano
433 2849 586 2914 Pontifici
612 2849 711 2913 talem
735 2857 931 2935 potestatem
957 2850 1145 2912 convenire.
1187 2846 1225 2910 In
1251 2847 1446 2932 probatione

315 2970 377 3010 sua
408 2959 518 3012 autem
549 2949 664 3012 eadem
695 2959 891 3033 argumenta
923 2948 1018 3010 affert
1046 2969 1104 3031 pro
1129 2957 1290 3031 potestate
1319 2969 1446 3010 excom·

317 3046 524 3128 mulcandi,
558 3045 748 3133 deponendi
773 3068 876 3130 reges,
915 3057 947 3108 et
971 3044 1121 3109 solvendi
1146 3044 1298 3108 subditos
1322 3068 1345 3108 a
1365 3047 1447 3131 jura·

317 3154 429 3208 mento
460 3143 639 3208 fidelitatis.
687 3145 802 3230 Neque
831 3143 913 3208 hacc
948 3143 1064 3207 ultima
1097 3151 1134 3206 ut
1164 3163 1272 3206 meras
1305 3143 1448 3207 declara·

316 3247 434 3323 tiones,
461 3243 512 3307 vel
532 3253 566 3306 nt
585 3241 767 3328 simplicem
794 3242 1150 3306 excommunicationis
1175 3243 1445 3327 consequentiam

318 3341 518 3408 considerat.

413 3495 484 3556 131.
511 3495 736 3557 Herimannus
756 3493 910 3556 lletcnsis
934 3494 1035 3576 igitur
1045 3493 1140 3576 petiit
1156 3515 1175 3554 a
1193 3491 1360 3576 Gregorio
1378 3489 1445 3555 l'll.

318 3605 357 3655 ut
380 3590 543 3656 indicaret
567 3594 596 3655 ei
621 3592 702 3678 quid
726 3589 992 3675 respondendum
1022 3592 1064 3653 sit
1095 3588 1158 3653 illis
1190 3591 1248 3676 qui
1273 3587 1444 3654 contende-

321 3689 412 3770 bant,
438 3690 530 3754 illum
555 3712 621 3754 non
637 3691 783 3775 potuisse
807 3711 919 3773 regem
935 3687 1119 3752 Henricum
1145 3689 1444 3752 excommunicare.

319 3811 383 3854 nec
416 3811 615 3874 quemquam
652 3811 671 3852 a
700 3797 906 3852 sacramento
946 3785 1116 3850 fidelitatis
1155 3785 1227 3870 ejus
1265 3785 1443 3850 absolvere.

318 3888 416 3951 Tunc
443 3887 596 3951 Pontifex
624 3886 715 3950 harad
748 3885 882 3972 quidem
916 3884 1028 3948 subtili
1060 3886 1361 3968 argumentatione.
1391 3879 1443 3946 sed

320 4008 398 4048 cnm
417 3987 530 4070 vigore
554 3983 750 4050 sacerdotali
776 3993 971 4068 argumenta
996 3981 1133 4062 indicat,
1161 3993 1197 4044 ut
1213 3981 1378 4058 ostendat,
1402 3983 1442 4042 ic·

400 4271 420 4336 ¹)
439 4267 562 4324 Gesselin
582 4269 598 4325 l,
618 4287 640 4324 c.
660 4269 690 4323 P.
710 4269 748 4323 ΙΙ.
768 4267 963 4325 Introduction.
983 4283 1009 4319 ιι.
1029 4268 1053 4321 2.
