2952 4832
299 488 341 542 De
360 487 612 544 Praeiocsssoribus
631 491 656 545 S.
675 490 802 559 Gregorii
821 491 882 544 Vll.
1116 490 1166 542 ‘att

59 629 116 694 Sed
131 631 257 696 motiva
272 629 407 716 politica
421 633 531 718 potius
543 633 622 698 huic
638 635 836 720 oppositioni
851 631 1038 716 adfuerunt,
1063 653 1166 717 quum

60 725 208 792 Germani
233 739 414 809 censerent,
439 730 579 796 decretis
603 731 644 796 de
667 731 827 796 electione
841 729 1021 811 Pontificio,
1047 739 1080 794 et
1103 729 1167 794 foe·

59 823 128 888 dere
151 847 228 890 cum
252 826 453 892 Normannis
476 829 571 908 inito,
591 829 669 915 jura
693 829 821 914 imperii
846 827 972 893 violari.
1020 827 1167 892 Facilius

58 935 171 1004 auum,
202 945 302 1008 quum
326 925 450 990 Romae
474 947 525 990 res
552 939 619 990 tam
650 927 708 992 diu
740 926 892 991 turbatae
914 927 1063 1007 fuissent,
1094 923 1165 989 fieri

57 1023 166 1106 potuit,
200 1031 236 1084 ut
259 1023 358 1086 stiam
382 1024 446 1088 viri
470 1025 627 1108 insignes,
655 1027 752 1090 sicuti
777 1047 801 1089 s.
827 1027 925 1090 Anno
950 1022 1167 1104 Coloniensis,

57 1119 94 1182 ad
117 1121 358 1204 oppositionem
381 1122 543 1186 audacem
566 1121 805 1207 abriperentur.
848 1121 936 1186 Satis
959 1123 1080 1186 mirum
1108 1133 1167 1202 est,

57 1218 87 1280 iu
121 1216 312 1282 Annalibus
348 1220 544 1304 scriptorum
592 1219 831 1286 Germanorum
875 1219 961 1284 illius
1000 1222 1167 1305 temporie,

56 1325 183 1399 praeter
195 1313 344 1380 Annales
359 1316 568 1400 Altabensea,
592 1319 671 1384 istas
686 1317 800 1382 turbas
824 1339 890 1382 non
914 1317 1038 1383 referri.
1068 1317 1168 1380 Forte

55 1411 86 1476 id
118 1411 198 1478 inde
227 1416 390 1498 provenit,
423 1415 512 1500 quod
534 1415 670 1480 Nicolao
696 1427 798 1480 morte
822 1415 969 1500 abrepto,
1001 1413 1169 1478 breviores

55 1511 196 1592 luerunt,
220 1511 374 1597 quodque
399 1512 552 1578 monachi
577 1513 770 1578 Annalistae
795 1523 1006 1577 monerentur
1028 1535 1049 1576 a
1076 1533 1169 1597 supe·

55 1607 206 1686 rioribus,
231 1632 272 1674 ne
288 1608 378 1674 illam
402 1613 640 1696 oppositionem
665 1611 763 1697 plane
786 1611 953 1696 injustum,
979 1611 1073 1696 cujus
1090 1631 1169 1674 mox

55 1709 140 1770 viros
169 1706 290 1792 probos
318 1707 448 1793 puduit,
480 1712 514 1774 in
538 1708 685 1774 Annales
712 1710 918 1792 referreut¹).
966 1709 1169 1772 Testimonia

53 1816 162 1869 umen
180 1827 265 1890 quae
279 1816 410 1870 exstant
433 1818 500 1872 tam
525 1810 743 1893 peremptoria
767 1817 853 1890 sunt,
878 1817 914 1870 ut
929 1807 1169 1891 oppositionem

54 1901 138 1966 banc
173 1901 320 1966 adfuisse
352 1925 417 1968 uon
447 1908 550 1990 possit
574 1908 705 1991 negari3
737 1927 800 1970 nec
823 1927 862 1968 ea
885 1906 1037 1988 restringi
1064 1911 1171 1988 potest

52 2000 93 2064 ad
134 1999 299 2084 quosdam
337 2002 462 2068 aulicos
491 2003 590 2088 plane
620 2025 801 2089 perversos.
855 2002 967 2082 Quum
1005 2001 1172 2087 praesules

53 2097 256 2162 Germaniae
283 2101 319 2164 in
347 2100 632 2166 administratione
662 2102 798 2186 Imperii
834 2121 1031 2186 permagnos
1061 2109 1171 2185 partes

51 2195 226 2274 baberent,
250 2198 415 2282 principia
437 2210 547 2268 summ
573 2221 653 2264 sana
677 2199 719 2264 de
734 2198 904 2264 Ecclesiae
928 2196 1087 2282 Sedisque
1112 2199 1173 2262 Ro-

52 2315 174 2358 mauae
199 2293 459 2378 independentia
491 2307 524 2360 et
541 2297 675 2383 juribus
703 2297 744 2362 ob
769 2296 958 2361 ultimorum
987 2305 1172 2380 temporum

48 2391 179 2456 abusus
210 2399 244 2454 et
274 2405 412 2458 eventus
442 2397 522 2459 satis
554 2394 726 2459 obliterata
751 2404 866 2472 esseut,
898 2395 968 2456 fieri
992 2395 1109 2478 potuit,
1138 2402 1176 2456 ut

46 2491 201 2574 episcopi
232 2491 367 2574 quidam
392 2494 622 2578 opinarentur,
654 2492 828 2556 Nicolaum
851 2491 885 2556 ll
913 2491 1088 2575 privilegia
1111 2492 1174 2556 lm·

45 2589 133 2672 perii
160 2585 363 2672 subvertere,
389 2601 490 2676 utque
514 2594 559 2655 ita
575 2591 617 2656 ad
634 2593 874 2676 oppositionem
900 2591 1126 2653 incitarentur.

140 2776 197 2840 29.
246 2775 357 2854 Quum
381 2777 538 2842 Nicolaus
562 2777 593 2842 ll
624 2777 678 2841 die
703 2777 763 2841 22⁰
786 2777 867 2842 Julii
892 2778 971 2840 anni
990 2777 1072 2842 1061
1101 2776 1172 2842 Flo·
1195 2785 1252 2826 ΜΝ·
1266 2785 1334 2827 ¹¹⁸⁸·

43 2876 180 2938 rentiac
193 2872 339 2952 obiisset,
364 2897 504 2960 maguae
529 2875 741 2942 difficultates
765 2877 799 2940 in
812 2874 963 2959 eligendo
988 2896 1074 2940 novo
1089 2876 1173 2948 Pou-
1229 2858 1259 2898 ¹³¹
1274 2857 1304 2898 st

40 2971 140 3035 tificc
175 2981 310 3036 exortae
339 2985 429 3054 suut,
464 2984 496 3038 et
520 2995 597 3038 mox
629 2973 810 3057 lugendum
844 2972 988 3038 schisma
1022 2983 1173 3036 secutum

41 3081 106 3134 eat.
160 3069 257 3134 Multi
298 3093 451 3156 proceres
483 3072 621 3136 Romani
653 3069 899 3152 Hildebrando,
939 3069 1174 3136 Cardinalibus

38 3191 81 3232 ac
109 3167 290 3232 fervidiori
323 3171 408 3254 parti
434 3170 512 3235 cleri
537 3169 656 3234 infensi
689 3179 791 3248 erant,
825 3170 969 3234 maxime
994 3167 1082 3254 quod
1111 3187 1173 3252 ope

39 3269 323 3332 Kormanuorum
360 3269 506 3354 ipsorum
538 3268 718 3332 dominatio
752 3268 857 3332 fracta
887 3277 958 3332 erat
988 3288 1047 3351 per
1079 3266 1175 3330 Nico-

38 3366 143 3430 laum
178 3363 222 3430 ΙΙ.
270 3365 359 3431 Hinc
384 3366 526 3430 ducibus
549 3365 726 3430 comitibus
749 3364 947 3430 Tusculanis
971 3375 1004 3428 et
1027 3363 1175 3431 Gerardo

38 3463 210 3530 Galeriae
234 3466 365 3542 comite,
390 3464 524 3530 homine
548 3463 717 3528 aNicolao
742 3465 1039 3540 excommunicato,
1064 3463 1177 3528 factio·

35 3585 126 3628 nem
158 3563 400 3626 constituerunt
424 3561 639 3648 imperialem.
672 3561 717 3626 Iis
740 3585 774 3625 se
792 3563 979 3647 junxerunt
994 3559 1177 3624 Guibeuus

35 3659 276 3728 cancellarius
300 3661 483 3745 imperialis
500 3659 626 3741 Italiae,
651 3672 683 3724 et
697 3661 760 3724 viri
785 3660 999 3724 ecclesiastici
1023 3657 1176 3738 laxiores,

34 3761 181 3850 quibus
204 3781 303 3824 exosa
327 3769 421 3824 erant
444 3759 686 3824 reformationis
710 3759 852 3838 decreta,
878 3759 1021 3822 maxime
1050 3757 1177 3839 Longo·

35 3858 194 3926 bardias
225 3858 371 3942 episcopi
404 3868 436 3921 et
468 3856 588 3922 clerici.
636 3857 760 3920 luter-ea
791 3855 993 3943 Louyobarcli
1027 3855 1177 3940 episcopi,

32 3957 176 4024 scribit
186 3955 322 4034 Boniw,
346 3957 415 4019 ruti
437 3977 469 4018 se
485 3965 605 4041 tempos
620 3957 775 4018 irritavisse
790 3965 1010 4044 opportunum,
1037 3955 1069 4014 iu
1084 3950 1179 4014 aiiucl

149 4129 171 4138 e·
180 4129 259 4136 --„—

121 4233 145 4294 ¹>
171 4229 224 4284 Otr.
245 4229 364 4292 Gfroreu
384 4227 490 4296 Gregor
508 4223 570 4280 Vll.
596 4225 617 4280 1.
636 4223 696 4280 635.

60 4383 227 4427 Jungssrunu,
243 4375 427 4412 Ilissortstioucs.
443 4374 507 4410 'l'01n.
524 4372 562 4410 ll'.
