2926 4840
306 423 358 480 264
460 424 533 480 XVI.
571 425 675 480 Causae
692 425 810 482 celebres
827 433 857 482 et
874 426 1031 482 Decretalee
1048 426 1270 482 Pseudo-Isidori.

307 578 521 635 sanctorum
541 569 694 634 Patr-um
711 568 912 655 potuisset.¹)
952 568 1018 635 Sed
1041 567 1133 632 nulla
1149 569 1282 634 decreta
1301 583 1402 634 sancto·

306 685 379 728 rum
403 665 540 729 Petrum
567 665 695 752 aliquid
718 666 908 754 hujusmodi
933 675 1097 748 statuunt,
1129 669 1194 732 nisi
1218 667 1398 732 Pseudo-Dr-

307 762 444 828 eretales
467 762 601 847 Isidori,
634 764 691 828 nbi
715 764 858 850 allegata
886 765 931 832 ab
954 764 1105 832 Ebbonis
1134 763 1262 830 clericis
1290 765 1329 830 ad
1349 787 1402 828 ver-

306 859 386 924 bum
416 860 484 924 fere
507 861 660 946 leguntur
693 864 727 928 in
751 861 889 948 epistola
914 861 1034 928 Felicis
1057 863 1074 926 1
1105 884 1178 947 cap.
1206 863 1246 928 10
1276 873 1308 926 et
1328 865 1403 948 epist.

235 1037 243 1054 κ
306 959 327 1022 J
331 958 388 1023 ulii
414 981 441 1024 c.
466 961 504 1040 ὃς
533 958 653 1024 similia
678 981 757 1025 vero
781 963 880 1026 etiam
905 961 940 1027 in
964 961 1037 1026 aliis
1060 959 1294 1026 Decretalibus
1315 982 1402 1024 occur·

307 1065 393 1120 runt.
440 1055 636 1140 Allegantur
663 1058 799 1142 quidem
824 1057 880 1123 illa
910 1081 952 1122 ex
975 1058 1113 1145 epistola
1135 1057 1275 1140 Felicis,
1307 1069 1335 1122 et
1354 1058 1408 1121 alia.

307 1153 405 1239 plane
430 1153 551 1219 similia
575 1157 673 1220 etiam
698 1158 732 1220 in
748 1155 959 1240 Angilramni
984 1155 1127 1240 capitulo
1152 1157 1185 1220 2⁰
1209 1167 1242 1220 et
1262 1158 1309 1236 4⁰,
1330 1155 1408 1220 adeo-v

306 1274 370 1337 que
393 1254 506 1338 quaeri
531 1255 649 1338 possit,
684 1263 795 1318 unum
818 1254 1030 1338 Angilramni
1055 1252 1210 1338 Capitula
1240 1277 1282 1318 an
1306 1257 1404 1318 Decre-

306 1350 387 1414 tales
416 1350 533 1414 Isidori
565 1351 611 1415 illi
644 1351 753 1416 clerici
786 1374 865 1438 prae
896 1351 1001 1416 oculis
1031 1351 1216 1416 habuerint.
1269 1350 1403 1416 Attamen

307 1469 409 1533 quum
433 1449 558 1512 decr-etc
582 1460 770 1514 sanctorum
790 1459 922 1535 patrum
939 1459 1206 1533 commemorent,
1231 1448 1405 1514 concluden-

307 1545 387 1608 dum
411 1548 518 1630 potius
535 1557 592 1627 est,
617 1547 659 1610 ad
676 1547 866 1612 Decretales
881 1548 1144 1612 Pseudo-Isidori
1164 1546 1238 1612 illos
1252 1550 1407 1633 respicere.

306 1642 421 1728 Itaque
452 1642 608 1708 Collectio
638 1645 758 1710 Isidori
789 1656 876 1710 certe
906 1667 993 1710 anno
1023 1647 1104 1728 857,
1142 1669 1181 1710 ac
1212 1646 1408 1731 probabiliter

307 1763 394 1806 anno
419 1742 483 1806 853
501 1742 572 1827 jam
598 1743 733 1828 vulgata
756 1753 835 1809 eret.
1430 1776 1431 1852 p

395 1876 448 1940 52.
480 1875 575 1940 Alius
600 1897 677 1940 vero
702 1879 862 1941 terminus
886 1877 1040 1940 editionis
1065 1877 1248 1956 invenitur,
1273 1878 1299 1940 si
1323 1878 1432 1948 atter-l

308 1971 396 2036 ditur
423 1973 466 2036 ad
490 1981 635 2058 tempus,
662 1996 726 2060 quo
750 1974 873 2060 prodiit
896 1973 1069 2038 Benedicti
1093 1975 1234 2038 Levitae
1259 1973 1433 2038 collectici

307 2069 537 2134 Decretalibus
569 2071 687 2136 Isidori
718 2074 871 2138 anterior.
919 2073 1120 2136 Benedictus
1158 2075 1193 2136 in
1223 2071 1434 2158 praefationel

307 2167 441 2248 indicat,
466 2191 499 2232 se
524 2166 759 2234 Collectionem
784 2193 877 2234 suam
902 2169 1045 2234 edidisse
1069 2181 1142 2255 post
1166 2184 1303 2234 mortem
1319 2169 1409 2233 Ludo·
1434 2182 1435 2196 ³

306 2267 373 2328 vici
403 2267 455 2329 Pii
487 2265 530 2353 (a.
556 2266 633 2352 840)
666 2279 698 2332 et
728 2267 926 2332 divisionem
958 2269 1093 2353 Imperii
1126 2271 1212 2332 iuter
1242 2271 1313 2354 ejus
1342 2266 1436 2330 tilios

308 2363 471 2428 Viroduni
494 2387 522 2428 a.
540 2367 603 2430 843
620 2367 752 2432 factam.
792 2365 862 2430 Imo
879 2388 980 2451 quum
997 2366 1095 2446 dicat,
1122 2366 1318 2430 documenta
1334 2388 1365 2428 se
1380 2387 1412 2426 ox

306 2463 434 2525 scriniis
451 2463 608 2527 ecelesiae
623 2463 837 2548 Mogunlinae
855 2463 1025 2548 collegisse
1041 2466 1264 2550 praecipiente
1280 2461 1412 2546 Olgario.

308 2561 384 2645 „qui
402 2571 472 2623 tanc
488 2561 701 2645 Moguntinus
717 2563 889 2647 episcopus
912 2567 1013 2642 erat“,
1039 2563 1165 2626 indicat
1180 2561 1333 2647 profecta,
1352 2561 1412 2646 jam

308 2661 415 2743 ipsum
439 2679 506 2722 non
530 2659 671 2745 amplius
696 2659 764 2722 sedi
790 2657 868 2722 huic
893 2681 1053 2744 praeesse.
1094 2659 1231 2724 Constat
1251 2669 1358 2723 autem
1380 2679 1414 2720 ex

307 2753 495 2819 Annalibus
519 2757 742 2822 Fuldensibus
773 2758 912 2842 aliisque
943 2757 1031 2820 illius
1063 2759 1179 2820 aetatis
1210 2757 1413 2820 documentis.

306 2853 479 2936 Otgarium
513 2857 705 2940 episcopum
729 2855 962 2938 Moguntinum
994 2855 1115 2919 obiisse
1146 2855 1199 2919 die
1223 2855 1279 2918 24⁰
1302 2852 1415 2938 Aprilis

307 2951 385 3014 antri
403 2952 478 3015 847.
517 2953 672 3039 Sequitur
696 2951 844 3037 proinde,
870 2964 943 3038 post
964 2953 1053 3016 hunc
1069 2955 1247 3016 terminum
1268 2952 1415 3037 prodiisse

307 3047 541 3112 Collectioncm
572 3049 743 3114 Benedicti
769 3051 908 3113 Levitae
941 3059 973 3112 et
996 3050 1343 3114 Pseudo-Decretales
1366 3047 1415 3111 Isi·

308 3145 395 3226 dori3
428 3169 466 3210 ac
491 3147 651 3211 decennio
676 3149 737 3210 isto
762 3147 803 3210 ab
829 3169 915 3211 anno
941 3149 1003 3210 847
1034 3147 1077 3211 ad
1102 3169 1225 3211 annum
1250 3148 1312 3211 857
1337 3143 1415 3208 evul-

308 3245 395 3329 gatio
427 3246 524 3307 trium
558 3244 796 3310 Collectionum
828 3245 1000 3309 Benedicti
1028 3245 1185 3326 Levitae,
1217 3243 1415 3330 Angilramni

310 3351 342 3404 et
365 3341 627 3406 Pseudo-Isidori
652 3342 880 3406 concludenda
904 3354 961 3408 est.

163 3485 196 3524 uis
211 3491 292 3522 eaeor.
398 3469 452 3531 53.
490 3465 641 3540 Quisnam
664 3491 773 3531 rerem
788 3467 894 3552 ficert't
918 3478 1028 3530 auctor
1051 3465 1263 3531 Collectionis
1286 3463 1417 3530 Pseudo·

308 3563 426 3628 Isidori
450 3565 621 3650 hucusque
641 3566 760 3628 eruditi
786 3587 851 3628 non
874 3573 1051 3650 potuerunt
1076 3562 1214 3628 delinire
1230 3564 1416 3628 accuratius.

307 3675 339 3726 et
371 3685 455 3750 quae
489 3687 508 3726 a
533 3665 633 3727 variis
656 3664 764 3726 factae
798 3674 874 3726 sunt
906 3663 1149 3748 suppositiones
1180 3661 1346 3743 diversae,
1379 3658 1416 3721 ab

306 3760 378 3824 aliis
403 3761 556 3846 explosae
580 3762 680 3826 fuere.
705 3799 748 3808 -—
777 3760 939 3846 Diligenti
964 3771 1075 3823 tamen
1100 3759 1250 3823 instituto
1274 3757 1416 3822 examiru·

306 3881 343 3922 eo
368 3869 563 3944 perventum
589 3869 654 3942 est,
680 3871 715 3923 ut
739 3859 1029 3938 determinaretur,
1054 3881 1117 3942 qua
1140 3859 1174 3920 in
1198 3860 1320 3943 repioae
1343 3877 1418 3940 opus

307 3955 387 4020 illud
411 3957 579 4042 prodierit.
628 3955 877 4021 Contenderunt
907 3956 1017 4042 plures
1040 3963 1206 4037 auctores,
1238 3957 1321 4020 inter
1343 3973 1418 4038 quos

379 4195 399 4262 ¹)
420 4195 550 4262 Boisquct,
571 4196 679 4250 Recrreil
699 4197 727 4250 T.
749 4196 811 4252 Vll.
833 4214 857 4265 p.
879 4199 945 4262 277;
964 4211 1006 4263 ap.
1027 4193 1187 4248 Hinsebium
1207 4194 1225 4251 l.
1245 4211 1267 4250 c.
1286 4209 1311 4264 p.
1328 4190 1389 4247 etr.
