2932 4836
277 441 329 494 280
431 439 504 493 xt'l.
541 437 646 496 Canae
664 439 781 494 celebres
800 445 828 494 et
846 439 1002 495 Decretales
1020 439 1243 496 Pseudo-Isidori.

278 585 305 647 si
340 582 471 648 nonde
505 581 622 646 eodem
654 579 832 664 foramine,
869 582 910 648 de
934 583 1050 648 eodem
1082 592 1195 648 amen
1225 585 1403 648 conamine
1461 653 1462 656 Ἴ

277 690 473 762 manarunt,
508 679 549 744 de
580 701 645 765 quo
683 689 716 745 et
745 682 925 746 anteriores
956 680 1109 764 (litterae)
1140 681 1331 760 fluxerant,
1368 681 1403 744 in
1461 723 1462 742 1

277 779 398 866 quibus
422 779 623 860 continetur,
647 789 682 842 ut
704 800 754 842 res
777 801 882 842 ornnes
905 779 1080 844 Hiacmoro
1104 781 1284 844 commissae
1308 777 1403 842 eccle-

276 880 359 956 siae,
385 877 481 940 donec
506 875 708 964 adpropriet
729 887 951 956 reverteretur,
981 875 1074 942 nobie
1095 877 1346 954 ammittat-etia,
1370 887 1405 939 at

276 975 436 1039 indemnes
456 975 659 1038 condetereat
677 984 708 1037 et
722 973 853 1060 aliquod
871 973 1075 1060 dispendium
1092 977 1403 1040 antecesserant
1461 971 1462 1014 ἶ

277 1073 344 1156 (Ειι
367 1071 433 1136 alia
456 1070 570 1156 regula
594 1093 694 1158 quam
717 1081 754 1136 ut
777 1072 953 1138 confictam
977 1073 1117 1156 irridet).
1165 1072 1285 1156 „Unde
1315 1073 1405 1135 sient
1461 1089 1462 1106 ¹

276 1169 373 1236 vobis
407 1171 654 1255 rescripsimus,
773 1171 851 1256 quia
886 1191 979 1254 reges
1002 1171 1206 1236 Francorum
1242 1179 1275 1233 ct
1309 1170 1403 1253 regio
1461 1148 1462 1202 l

276 1291 396 1354 genere
419 1270 504 1350 nati,
535 1290 599 1332 noa
622 1269 839 1354 episcoporum
861 1269 1049 1332 vicedomini
1072 1268 1129 1334 red
1153 1278 1255 1332 terrac
1279 1267 1407 1332 ἀοπιίπὲ

277 1365 438 1430 hactenus
461 1366 586 1430 fuimus
610 1367 825 1452 computati..
844 1416 876 1432 ..
911 1365 1007 1430 Talia
1030 1365 1197 1448 mandata,
1222 1365 1321 1430 sicuti
1349 1362 1404 1428 ha·
1461 1385 1462 1388 ¹

277 1462 398 1527 bentur
420 1465 456 1528 in
478 1462 595 1528 litteris
619 1486 662 1527 ex
685 1467 820 1530 nomine
843 1473 952 1529 vestro
977 1462 1073 1528 nobis
1097 1463 1241 1544 directis,
1261 1511 1270 1528 .
1290 1509 1323 1526 ..
1352 1461 1404 1525 de
1461 1511 1462 1560 ,

277 1582 421 1625 cessores
446 1569 572 1625 nostros
596 1583 616 1626 a
640 1561 869 1626 decessoribus
884 1564 1003 1626 vestris
1023 1563 1190 1646 accepisse
1209 1559 1405 1626 nullatenus
1461 1587 1462 1676 p

278 1659 465 1724 invenietis.
483 1708 490 1722 .
507 1707 538 1723 ..
560 1659 727 1724 Mendetis
741 1658 780 1724 B.
796 1657 947 1744 Gregorii
962 1658 1224 1745 praedecessoris
1240 1659 1347 1722 vestri
1364 1657 1404 1722 de

276 1757 339 1838 his,
364 1758 421 1842 qui
437 1756 580 1822 necdum
595 1755 724 1842 judicio
740 1757 892 1841 synodali
908 1756 1057 1842 legaliter
1075 1779 1115 1821 ac
1130 1755 1326 1842 regulariter
1344 1777 1404 1841 pro

278 1854 473 1919 criminibus
486 1856 554 1918 suis
566 1854 658 1918 fuere
671 1854 823 1939 depositi,
839 1848 965 1920 collatis
977 1877 1054 1919 cum
1066 1857 1197 1940 scriptis
1209 1876 1252 1918 ex
1264 1855 1404 1918 nomine

277 1963 386 2018 vestro
405 1953 501 2018 nobis
522 1952 665 2034 directis,
681 1975 732 2016 ¹eu
755 1951 825 2040 (de)
850 1973 887 2017 eo
907 1954 963 2038 qui
983 1950 1133 2038 legaliter
1150 1975 1191 2017 ao
1206 1949 1405 2035 regulariter

277 2073 336 2136 pro
361 2052 428 2114 suis
453 2048 645 2114 excessibus
662 2048 792 2136 judicio
817 2049 968 2134 synodali
992 2050 1133 2114 habetur
1156 2050 1341 2136 depositam,
1368 2059 1405 2112 ut

279 2170 356 2213 eum
380 2157 490 2212 nostra
513 2149 633 2212 fretum
657 2149 804 2233 potentia
826 2147 967 2213 Romam
987 2150 1167 2230 mittemus,
1191 2169 1276 2234 quae
1291 2148 1404 2232 potius

279 2245 449 2331 sequenda
479 2247 546 2310 sint
563 2244 724 2331 judicate.
770 2246 839 2310 Nos
866 2256 978 2310 autem
1002 2247 1231 2312 auctoritatem
1254 2253 1403 2308 vestram

272 2343 499 2431 judicaturam
523 2345 633 2429 potius
657 2344 833 2427 credimus,
859 2354 895 2409 ut
918 2367 958 2408 ea
978 2367 1164 2430 sequamur,
1189 2365 1273 2429 quae
1292 2342 1405 2406 denes·
1461 2349 1462 2412 Ῑ

279 2462 367 2506 sores
390 2464 429 2505 ac
452 2441 720 2527 praedecessores
743 2444 844 2506 vestri
869 2442 1052 2508 secundum
1070 2441 1316 2528 Scripturarum
1341 2451 1405 2504 tra·
1461 2421 1462 2468 ¹

279 2541 392 2604 mitem
416 2538 763 2625 praedicationemque
788 2539 950 2626 majorum
975 2541 1195 2625 scripserunt,
1221 2561 1321 2625 quam
1348 2537 1404 2602 ille
1461 2589 1462 2620 ,

280 2658 364 2722 quae
388 2638 528 2722 scriptor
548 2635 770 2722 saepedictae
789 2638 946 2722 epistolae
968 2661 1010 2702 ex
1026 2640 1160 2704 nomine
1175 2647 1284 2702 vestro
1305 2635 1404 2703 nobis
1461 2621 1462 2682 3

279 2735 424 2799 directae
440 2735 600 2820 confluxit.
623 2785 653 2801 ..
672 2785 679 2799 .
705 2735 896 2802 Videndum
914 2747 964 2800 est
978 2738 1087 2820 igitur,
1113 2735 1192 2822 quid
1209 2735 1264 2800 bic
1280 2743 1404 2798 tremes

278 2837 466 2897 sanctarum
481 2831 726 2919 Scripturarum
742 2845 775 2898 et
790 2834 993 2920 praedicatio
1011 2835 1173 2921 majorum
1190 2832 1362 2898 definient.
1375 2879 1404 2894 ..
1461 2819 1462 2894 J

279 2931 367 2996 Satis
391 2933 503 2996 mirari
536 2953 602 2996 uon
626 2954 818 3017 possumus,
849 2932 937 2998 unde
961 2936 1100 3018 scriptor
1124 2930 1282 3017 epistolae
1305 2927 1404 2992 nobis
1461 2963 1462 2978 2

279 3053 322 3094 ex
352 3031 486 3094 nomine
510 3039 619 3094 vestro
651 3028 779 3094 delatae
803 3029 889 3094 hanc
914 3029 1009 3116 lapara
1039 3029 1131 3116 apud
1153 3051 1188 3094 se
1216 3049 1296 3092 auro
1320 3024 1402 3090 scul-
1461 3079 1462 3086 ,

279 3137 370 3213 ptam
404 3127 578 3212 produxit,
613 3150 713 3213 quam
737 3129 903 3193 Dominus
935 3127 1038 3213 digito
1070 3150 1128 3192 suo
1162 3149 1228 3192 non
1262 3125 1402 3210 scripsit,

279 3248 341 3291 nec
365 3223 574 3290 scribendam
599 3226 755 3312 cuiquam
780 3227 971 3312 inspiravit,
1002 3249 1110 3313 neque
1134 3224 1321 3290 ordinatam
1344 3243 1404 3307 per
1461 3263 1462 3268 κ

277 3322 415 3408 angelos
439 3324 473 3402 in
491 3344 591 3388 manu
608 3323 799 3388 mediatoris
820 3323 908 3390 illius
923 3324 1031 3390 dedit:
1056 3346 1156 3410 quam
1172 3345 1238 3388 non
1253 3343 1403 3408 paganus

280 3421 421 3500 indixit,
457 3441 524 3490 non
555 3419 754 3487 christianus
785 3422 937 3506 induxit,
974 3445 1041 3488 non
1077 3422 1321 3488 ecclesiasticus
1350 3419 1403 3481 vir
1461 3411 1462 3446 l

280 3520 445 3600 decrevit,
483 3539 569 3604 quae
606 3519 648 3584 de
685 3520 746 3585 sub
780 3522 841 3584 istc
880 3521 969 3585 coelo
1004 3522 1089 3584 siout
1120 3541 1187 3586 non
1219 3526 1401 3584 atramento

280 3641 381 3684 manu
400 3616 566 3701 justitiae,
597 3618 644 3680 ita
667 3640 729 3684 nec
752 3620 870 3704 spiritu
895 3621 960 3683 Dei
984 3620 1056 3683 vivi
1081 3622 1203 3703 scripta
1234 3615 1401 3703 personuit
1461 3607 1462 3616 ’

280 3716 349 3804 (lex
372 3713 473 3800 ficta),
499 3735 564 3799 qua
585 3737 638 3780 me
652 3739 763 3802 regem
783 3740 803 3781 a
819 3719 893 3782 Deo
910 3719 1126 3782 constitutum
1150 3763 1208 3782 ...
1232 3717 1280 3779 rei
1304 3723 1399 3798 atquc

280 3815 429 3880 damnati
444 3822 543 3898 atque
558 3813 830 3880 anathematizati
839 3815 1006 3901 faetorem
1021 3838 1086 3880 esec
1096 3817 1268 3901 praecipit,
1278 3811 1399 3899 jubens

280 3925 317 3979 ut
340 3913 560 3978 Hincmerum
583 3933 751 3977 sacrarum
775 3912 886 3996 legum
910 3914 1210 3998 praevaricatorem
1236 3959 1284 3992 ..,
1307 3911 1397 3992 regni

280 4011 552 4098 perturbatorem,
570 4009 750 4096 perjurum,
774 4010 981 4096 sacrilegum,
1005 4009 1228 4074 fraudatorem
1243 4017 1276 4073 et
1289 4006 1398 4072 exstir-

280 4121 428 4197 patorem
453 4110 700 4196 episcoporum,
725 4131 764 4172 ac
788 4111 889 4174 totius
912 4107 1024 4194 populi
1049 4117 1234 4172 nostrarum
1258 4107 1397 4191 partium

277 4207 586 4290 scandalizatorem,
611 4206 794 4272 alienarum
816 4229 926 4272 rerum
949 4227 1161 4291 pervasorem
1185 4215 1217 4268 et
1237 4201 1397 4268 veniendo
