2898 4836
320 539 370 588 106
565 531 667 588 XVIII.
693 532 806 586 Romani
824 532 970 586 Pontifices
987 531 1089 587 soeculi
1109 533 1213 587 decimi.

318 678 436 742 clasiae
470 678 558 742 bona
593 675 654 740 sub
686 677 906 761 patrocinium
940 674 1081 762 speciale
1105 675 1201 740 Sedis
1232 672 1407 760 Apostolicae

317 777 451 861 recepit.
498 773 661 838 Robertus
694 795 752 836 rex
785 773 951 838 mandatis
974 773 1146 838 Pontificis
1177 772 1344 838 obsecutus
1367 781 1407 832 est

317 875 561 958 auctoritasque
585 871 681 937 Sedis
695 871 863 935 Romanae
888 872 922 935 in
937 869 1055 936 Galliis
1078 891 1278 957 magnopere
1299 869 1409 933 firmata·

318 972 383 1037 Sed
409 993 510 1057 quum
536 969 715 1054 Gregorius
732 969 762 1031 V
786 971 901 1055 optimi
926 971 1096 1055 regiminis
1120 991 1212 1055 spem
1236 969 1409 1032 faceretma·

318 1071 461 1151 ximam,
488 1069 559 1153 jam
585 1067 638 1132 die
665 1068 705 1132 18
729 1067 903 1132 Februarii
927 1069 1006 1132 anni
1031 1067 1096 1132 999
1121 1069 1288 1152 inopinate
1311 1087 1347 1128 ex
1366 1063 1410 1126 luc

319 1169 388 1231 vita
412 1176 544 1252 ereptus
567 1175 623 1231 est.

157 1311 258 1354 'iltuto
275 1313 300 1353 ¹1·
410 1299 482 1364 106.
521 1299 616 1362 Tunc
651 1300 777 1383 primus
802 1321 843 1362 ex
867 1297 1038 1362 Gallorum
1063 1299 1195 1363 natione
1219 1299 1363 1364 Pontifex
1381 1295 1410 1359 al

318 1397 438 1463 Sedem
463 1395 688 1482 Apostolicam
712 1405 846 1461 evectus
870 1405 919 1460 est
942 1394 1132 1476 Gerbertus‚
1158 1399 1215 1484 qui
1241 1393 1413 1462 Silaoatarll

318 1495 423 1559 voluit
454 1494 655 1581 appellari.²)
701 1493 793 1558 Inter
826 1515 966 1558 coaevos
997 1496 1068 1580 ipse
1098 1496 1183 1558 varii
1216 1497 1343 1580 generis
1362 1513 1411 1556 eru·

320 1593 444 1657 ditione
478 1593 622 1656 maxime
653 1590 831 1656 eminebat.
885 1591 1027 1656 Natione
1060 1591 1266 1678 Aquitanas,
1299 1593 1412 1658 obscuro

318 1713 437 1774 genere
467 1699 580 1774 natus,
613 1713 634 1754 a
666 1691 807 1776 pueritia
838 1688 1019 1754 monachus
1051 1689 1113 1753 fuit
1146 1692 1179 1754 iu
1211 1688 1411 1756 Aureliacensi

319 1789 489 1867 coenobio,
512 1787 569 1852 ubi
595 1787 678 1851 duce
694 1786 891 1871 Raymundo
908 1785 1049 1868 Abbate,
1074 1811 1176 1874 quum
1199 1791 1329 1872 ingenio
1343 1787 1413 1850 valor

319 1896 413 1966 esset,
430 1885 618 1971 praeclarus
633 1887 667 1949 in
682 1885 798 1949 litteris
815 1887 930 1948 evasit.
961 1886 1142 1969 Impetrata
1158 1885 1292 1950 licentia
1305 1898 1414 1972 propter

318 1984 513 2049 aviditatem
546 1985 727 2069 sapientiae
760 1979 862 2046 multa
896 1984 1050 2048 circuivit
1082 2005 1200 2069 regna,
1237 1995 1269 2047 et
1299 1995 1363 2048 turn
1390 1983 1412 2042 iu

319 2083 461 2146 Francia
494 2092 564 2146 tum
590 2079 764 2145 Cordubae
789 2082 822 2143 in
846 2079 1010 2166 Hispania
1040 2081 1130 2167 apud
1154 2081 1301 2164 Mauros,
1335 2081 1412 2144 varii.-

319 2201 388 2243 sese
413 2179 557 2244 excoluit
580 2177 774 2264 disciplinis.
821 2179 979 2263 Magister
1007 2179 1084 2244 dein
1115 2180 1178 2243 fuit
1201 2179 1329 2244 scholae
1351 2179 1412 2264 epis·

320 2276 443 2362 copalis
465 2277 677 2358 Rhemensis3
711 2299 797 2340 anno
829 2277 894 2341 982
925 2275 967 2340 ab
1001 2277 1122 2342 Ottone
1151 2277 1183 2342 II
1213 2278 1351 2343 obtinuit
1373 2275 1411 2340 ab·

319 2375 443 2439 batiam
468 2372 701 2456 Bobbiensem,
726 2374 785 2438 sed
808 2377 917 2438 varius
941 2375 983 2438 ob
1008 2374 1221 2439 difficultates
1237 2375 1362 2440 Italiam
1382 2397 1414 2434 re-

319 2472 424 2558 liquit,
450 2474 634 2558 iterumque
658 2471 789 2536 scholae
805 2471 983 2536 Rbomsnsi
1001 2474 1153 2558 praefuit.
1188 2474 1415 2560 Praeceptorcu

319 2592 450 2656 quoque
474 2572 541 2656 egit
564 2569 698 2634 Roberti
724 2571 810 2656 regis
834 2580 866 2634 et
890 2569 1021 2635 Ottonis
1045 2571 1105 2654 111,
1137 2581 1251 2657 atque,
1285 2575 1329 2634 uti
1352 2568 1415 2632 xidi-

319 2691 401 2750 mus,
437 2690 514 2732 mox
538 2667 649 2732 sedem
674 2667 894 2732 Rbemensem
918 2667 1061 2754 relegato
1086 2668 1260 2756 Arnulpbo
1284 2669 1413 2734 obtinuit.

320 2767 431 2850 Quum
463 2768 492 2829 ei
526 2767 715 2830 renuntiare
747 2775 880 2830 coactus
904 2777 1006 2848 esset,
1040 2768 1083 2832 ad
1114 2766 1269 2832 Ottonem
1294 2767 1341 2832 ΙΙΙ
1361 2786 1416 2829 sose

317 2865 490 2950 recipiens,
516 2885 591 2927 sum
616 2863 650 2927 in
673 2862 804 2927 Italiam
829 2885 958 2949 quoque
984 2865 1157 2928 comitatus
1181 2874 1239 2946 est,
1264 2875 1354 2952 atque
1374 2863 1415 2928 dir

318 2964 378 3026 28⁰
409 2960 534 3048 Aprilis
567 2963 645 3026 anni
680 2962 744 3026 998
775 2985 796 3025 a
828 2961 987 3046 Gregorio
1024 2963 1052 3026 V
1080 2962 1343 3048 archiepiscopus
1368 2961 1415 3023 Ra-

319 3083 447 3124 vennae
470 3061 678 3124 renuntiatus
693 3060 764 3124 fuit.
803 3061 947 3124 Domum
972 3059 1013 3124 ab
1037 3059 1238 3147 Imperatore
1253 3060 1363 3126 Ottone
1378 3057 1414 3120 lll

318 3159 415 3222 enixe
439 3157 698 3238 commendatus,
724 3158 846 3221 alectus
868 3169 917 3222 est
931 3155 1095 3238 Pontifex,
1120 3181 1159 3221 ac
1181 3158 1234 3222 die
1261 3159 1298 3222 2⁰
1314 3155 1416 3242 Aprilis

317 3257 396 3319 unni
422 3257 486 3319 999
511 3254 671 3340 Gregorio
695 3256 726 3318 V
751 3256 784 3320 iu
810 3253 894 3320 Sede
919 3255 1008 3319 Petri
1039 3257 1205 3320 successit.
1224 3255 1353 3320 -Non
1372 3253 1405 3316 ds
1434 3257 1435 3284 ¹

317 3355 450 3417 fuerunt
473 3353 608 3440 quidem
630 3351 791 3418 Gerberto
817 3355 924 3437 naevi,
949 3352 1114 3418 humanae
1138 3365 1275 3418 naturae
1299 3353 1415 3440 plemm-

318 3474 382 3538 que
405 3451 625 3516 inhaerentes
664 3451 778 3515 Animi
803 3451 904 3516 fuisse
928 3451 1061 3516 videtur
1085 3453 1252 3540 irrequieti
1277 3473 1316 3515 ac
1339 3449 1412 3512 selre-

317 3551 503 3626 mentioris‚
539 3571 601 3614 nec
633 3549 824 3614 ambitionis
860 3571 993 3635 expers,
1027 3561 1059 3613 et
1095 3551 1127 3614 in
1163 3551 1204 3614 iis
1241 3572 1323 3637 quae
1354 3547 1412 3610 fea

316 3669 356 3710 ac
380 3648 512 3733 scripsit
535 3649 569 3710 in
593 3648 725 3732 negotio
750 3646 907 3711 ecclesiae
931 3645 1126 3712 Rhemensis
1149 3647 1369 3711 moderationis
1387 3659 1411 3702 rr

316 3746 523 3809 reverentiae
557 3745 688 3809 debitae
722 3747 756 3808 in
789 3744 906 3809 Sedem
933 3744 1157 3832 Apostolicam
1192 3767 1334 3810 normam
1360 3763 1402 3805 rra:

316 3845 448 3927 penitus
481 3854 612 3906 secutus
650 3853 708 3906 eat.
747 3841 812 3906 Sed
838 3843 946 3906 miuus
977 3865 1083 3928 aequa
1113 3845 1216 3907 animi
1250 3865 1338 3906 sensa
1353 3841 1407 3924 jam

317 3953 494 4027 antequam
518 3941 672 4005 Pontifex
697 3941 789 4004 fieret
819 3941 1048 4024 cor·rexerat.²)
1089 3939 1263 4005 Caeterum
1286 3935 1410 4002 verovlr

390 4152 411 4221 ¹)
432 4153 471 4205 De
491 4153 615 4206 silvestri
635 4153 663 4205 II
677 4153 736 4205 vita
755 4159 783 4206 et
797 4152 884 4221 gestis
897 4151 973 4207 ride:
993 4153 1039 4208 Dr.
1060 4153 1093 4206 K.
1113 4151 1403 4218 warmacensem
1433 4135 1434 4207 l

316 4231 443 4296 aurillac
463 4232 507 4286 dia
525 4232 626 4286 Kirche
645 4233 699 4286 und
719 4233 921 4288 Wissauschaft
938 4233 1026 4287 seiner
1044 4234 1113 4292 Zeit.
1150 4233 1230 4289 WIcn
1250 4233 1320 4287 1879

390 4311 527 4364 ²¹1Ilerito
552 4311 673 4366 advertit
697 4313 824 4378 Werner,
853 4312 871 4368 l.
896 4331 918 4369 c.
936 4329 963 4381 p.
982 4313 1025 4379 98,
1053 4313 1121 4368 bono
1148 4314 1230 4368 aniani
1256 4309 1395 4368 marauna
