2926 4840
309 509 362 562 244
467 508 540 562 XVI.
579 509 682 562 Causae
702 507 818 564 celebres
837 515 865 562 et
884 507 1038 563 Decreteles
1056 508 1278 563 Pseudo-Isidori.

308 651 365 714 alii
399 651 550 716 canonici
574 649 776 714 Rhemenses
809 660 908 736 atque
940 650 1066 737 aliquot
1097 651 1268 734 monachi,
1303 653 1417 738 synodo

309 748 547 834 supplicarunt,
572 759 608 812 ut
631 750 666 814 in
687 749 837 813 ordinem
857 771 990 813 suorum
1006 749 1263 814 ministeriorum
1284 753 1418 815 restituc-

309 856 440 927 rentur,
465 848 655 928 contestati,
681 869 716 910 se
738 847 827 912 bona
850 844 915 911 fide
939 847 981 910 ab
1005 846 1146 912 Ebbone
1169 848 1302 914 ordines
1325 871 1420 912 susce·

309 946 414 1029 pisse3
439 967 474 1008 se
498 946 586 1008 enirn
611 946 816 1008 existimasse
839 967 909 1008 reru
934 945 1018 1009 bene
1042 944 1174 1027 habere,
1199 967 1237 1009 eo
1262 947 1350 1032 quod
1369 947 1419 1010 sci·

310 1044 428 1124 verint,
453 1063 529 1106 eum
552 1041 595 1106 ab
620 1044 782 1129 episcopis
806 1045 841 1106 in
864 1043 1004 1106 ecclesia
1027 1065 1086 1106 sue
1108 1044 1295 1107 restitutum
1319 1045 1419 1118 fuisse,

310 1141 484 1225 ipsumque
507 1139 655 1204 viderint
677 1139 766 1206 nullo
791 1139 1037 1206 contradicente
1060 1139 1249 1206 solemniter
1281 1165 1321 1206 ac
1343 1144 1421 1228 paci·

309 1237 371 1300 fiee
402 1259 495 1302 sacra
519 1236 751 1302 celebrantem.
797 1236 996 1302 Petitionem
1024 1259 1119 1301 suam
1148 1237 1333 1303 fulciebant
1355 1260 1421 1324 quo·
1452 1315 1453 1324 ἵ

310 1357 374 1420 que
390 1357 428 1398 eo
444 1336 607 1420 principio
618 1336 704 1421 juris
720 1337 883 1413 canonici,
908 1337 1101 1421 episcopum
1116 1334 1159 1399 ab
1175 1335 1288 1423 aliqua
1305 1337 1420 1421 synodo

310 1435 381 1498 sine
419 1435 614 1498 auctoritate
646 1433 787 1497 Romani
821 1433 991 1498 Pontificio
1028 1456 1095 1498 non
1132 1435 1277 1519 potuisse
1311 1435 1420 1520 deponi
1452 1449 1453 1532 ,

311 1529 611 1617 (Pseudo-isidor.),
636 1529 784 1616 adeoque
804 1530 954 1596 Ebbonis
978 1531 1216 1616 depositionem
1240 1552 1308 1595 non
1332 1532 1421 1595 fuisse
1452 1605 1453 1610 γ

309 1628 503 1711 legitimam.
550 1627 708 1692 Attamen
724 1628 927 1693 Hincmarus
950 1651 1026 1693 cum
1041 1629 1115 1693 aliis
1130 1629 1248 1714 synodi
1269 1631 1422 1714 episcopis
1452 1689 1453 1708 ,

311 1724 467 1808 decrevit,
492 1736 529 1790 ut
544 1725 723 1790 Wulfadus
747 1727 883 1812 ejusque
912 1729 992 1791 socii
1022 1727 1181 1812 gradibus
1200 1725 1422 1791 ecclesiasticis

310 1823 432 1908 privati
457 1834 637 1888 manerent.

399 1922 451 1986 28.
484 1921 686 1985 Hincmarus
724 1921 851 1985 studuit
882 1943 902 1985 a
935 1921 1020 1986 Sede
1053 1922 1245 2008 Apostolica
1284 1922 1422 1986 obtinere
1452 1929 1453 1988 l

311 2016 429 2102 synodi
463 2018 762 2100 confirmationem,
797 2007 879 2083 forte
915 2018 978 2084 hac
1011 2021 1104 2084 inre
1136 2021 1260 2106 pariter
1293 2042 1423 2106 sequens
1452 2079 1453 2092 ,

310 2115 458 2200 regulam
492 2116 579 2201 juris
614 2117 649 2180 in
683 2116 1078 2182 Pseudo-Decretalibus
1113 2126 1314 2183 contentam.
1367 2116 1423 2181 Sed
1452 2123 1453 2192 l

309 2215 419 2278 renuit
442 2213 598 2278 Pontifex
621 2214 689 2278 Leo
713 2212 782 2298 IV,
807 2223 877 2278 tum
901 2215 989 2300 quod
1012 2223 1087 2280 acta
1111 2215 1198 2280 illius
1222 2215 1344 2300 synodi
1367 2237 1422 2279 non
1452 2225 1453 2304 J

310 2311 451 2374 fuissent
473 2310 518 2374 ad
532 2310 651 2376 Sedem
668 2311 893 2397 Apostolicam
917 2315 1118 2396 transmissa,
1141 2323 1212 2378 turn
1237 2314 1328 2399 quod
1343 2311 1423 2376 u'ul-
1452 2375 1453 2382 ,

310 2407 407 2472 fadus
437 2409 574 2494 ejusque
605 2411 686 2474 socii
716 2431 776 2494 per
808 2413 957 2496 proprias
980 2410 1105 2476 litteras
1135 2410 1289 2476 eamdem
1313 2411 1423 2476 Sedent
1452 2481 1453 2488 ἵ

309 2505 538 2591 appellassent.
585 2506 759 2592 Praecepit
788 2516 898 2572 autem
930 2509 998 2572 Leo
1022 2509 1132 2595 Papa,
1165 2519 1202 2573 ut
1228 2509 1424 2574 Hincmarus
1452 2528 1453 2592 l

310 2625 387 2668 curn
411 2603 509 2668 dictis
534 2604 661 2669 clericis
684 2596 867 2670 recurreret
895 2606 940 2670 ad
962 2606 1145 2691 synodum,
1168 2605 1212 2671 ad
1236 2629 1339 2692 quarn
1362 2609 1424 2691 ipss

309 2699 444 2764 Petrum
476 2703 668 2787 episcopum
693 2702 909 2787 Spoletanum
941 2725 958 2768 e
989 2702 1090 2768 latere
1118 2703 1243 2789 legaret
1272 2706 1317 2769 ad
1344 2725 1425 2769 reno·
1452 2704 1453 2743 l

310 2798 459 2863 vandum
483 2801 556 2864 vice
581 2823 640 2864 sua
659 2801 842 2886 judicium,
872 2803 918 2865 ita
942 2801 1078 2887 quidem
1101 2813 1138 2865 ut
1161 2805 1188 2867 si
1211 2805 1248 2868 in
1273 2826 1312 2867 ea
1338 2803 1425 2888 depo·
1452 2773 1453 2864 i

311 2898 463 2962 cilionem
486 2898 710 2983 praefatorum
729 2897 923 2963 clericorum
947 2899 1136 2966 confirmari
1160 2903 1377 2987 contingeret,
1399 2911 1426 2962 et
1452 2925 1453 2982 3

310 2992 358 3057 illi
383 2995 502 3058 iterum
526 2994 569 3060 ad
583 2995 810 3081 Apostolicam
827 2995 947 3062 Sedenr
970 2996 1184 3083 appellarent,
1210 2998 1275 3064 illis
1298 2998 1425 3064 licentia
1452 2984 1453 3018 ¹

310 3091 354 3156 ad
384 3114 457 3156 eam
481 3093 639 3159 veniendi
663 3095 914 3178 concederetur,
945 3117 987 3159 ne
1020 3095 1169 3182 ejusdem
1202 3118 1315 3162 sacrae
1339 3094 1426 3160 Sedis
1452 3111 1453 3172 ζ

312 3188 545 3256 dissolveretur
576 3190 805 3278 privilegium
837 3193 1039 3258 Hincmarus
1069 3193 1123 3258 vel
1146 3193 1217 3279 ejus
1242 3203 1427 3279 procurator
1452 3199 1453 3214 ³

312 3286 477 3352 cumillis
502 3289 641 3354 Romam
665 3291 811 3373 veniret,
842 3301 1005 3376 quatenus
1029 3290 1146 3355 collato
1170 3313 1247 3355 cunr
1276 3290 1426 3356 fratribus
1452 3313 1453 3334 ³

311 3385 378 3447 suis
402 3387 565 3472 episcopis
589 3387 734 3468 consilio,
759 3397 897 3474 unaque
920 3399 1014 3474 parte
1036 3391 1265 3468 conveniente,
1292 3409 1424 3454 causae
1452 3403 1453 3472 f

312 3492 426 3546 sancta
450 3481 535 3547 Sede
559 3483 717 3550 finiretur.
726 3483 751 3570 1)

281 3649 286 3660 ,
400 3581 453 3644 29.
486 3581 583 3645 Anno
618 3581 682 3646 855
724 3582 879 3646 defuncto
916 3583 1021 3648 Leoni
1054 3583 1103 3648 IV
1140 3585 1300 3648 successit
1331 3585 1425 3649 Beue·
1452 3585 1453 3660 ᾗ

312 3675 419 3742 dictus
443 3679 511 3761 III,
543 3687 575 3742 et
604 3680 647 3744 ab
681 3702 718 3743 eo
750 3681 952 3746 Hincmarus
982 3682 1232 3748 conditionalem
1262 3681 1425 3748 confirma·
1452 3689 1453 3756 ζ

310 3777 434 3841 tionem
460 3777 578 3860 synodi
602 3779 809 3863 impetravit,
834 3777 1001 3862 videlicet,
1024 3782 1050 3845 si
1077 3782 1189 3845 omnia
1212 3803 1247 3844 se
1273 3779 1426 3846 haberent
1452 3791 1453 3794 ’

312 3875 359 3936 uti
390 3873 432 3937 ab
465 3875 535 3960 ipso
569 3878 718 3962 exposita
750 3875 885 3963 erant.²)
931 3877 996 3942 Per
1025 3877 1252 3965 obreptionem
1283 3881 1382 3944 etiam
1410 3897 1425 3938 a

386 4050 408 4118 ¹)
428 4049 483 4105 cfr.
503 4049 583 4120 chii
608 4051 700 4108 Critic.
725 4051 823 4106 Baron.
849 4053 884 4108 ed
908 4070 932 4108 a.
951 4055 1004 4109 853
1028 4071 1054 4109 n.
1073 4055 1104 4123 3;
1130 4055 1268 4110 NicolaiI
1293 4055 1372 4125 epist.
1396 4051 1426 4106 ed
1452 4049 1453 4060 ¹

312 4125 489 4183 Hincmsrnm
507 4129 683 4186 Rhenensem
702 4132 794 4187 datam
813 4149 836 4188 e.
856 4133 917 4199 866,
936 4149 979 4202 ap.
997 4133 1089 4190 Labbe
1106 4135 1138 4190 T.
1157 4135 1234 4190 VIIL
1253 4137 1301 4192 col.
1320 4137 1380 4191 Bbl.

387 4209 407 4269 ’l
428 4209 622 4275 „Definitiones
639 4211 825 4268 fraternitatis
842 4218 907 4268 tuae
925 4219 954 4268 et
973 4219 1140 4270 caeterorum
1156 4215 1346 4286 episcoporum.
1365 4229 1424 4282 quse

312 4287 342 4342 in
360 4289 484 4355 praelato
501 4289 602 4358 syuodo
615 4290 769 4359 apostolicis
787 4292 974 4361 canonicisque
985 4294 1194 4350 auctoritatibus
1207 4297 1322 4365 propriis
1334 4293 1424 4365 digitis
