2904 4834
339 481 487 536 Concilium
505 481 702 536 commonitum
720 487 853 536 mtavnm.
1103 479 1155 536 391
1184 531 1186 534 .

58 625 220 690 rationibus
252 621 436 708 colligitur,
471 621 640 687 Anastasii
671 631 798 686 textum
822 621 1051 688 authenticum
1074 643 1156 688 esse.

57 725 228 788 Generatim
271 731 382 786 textus
419 743 558 805 graecus
598 719 738 786 Concilii
778 721 834 806 qui
878 719 975 784 modo
1017 719 1159 784 babetur

56 821 224 906 compendii
257 821 361 884 instar
392 829 458 899 est,
492 819 539 882 uti
575 818 662 900 clare
697 819 841 884 ostendit
873 815 1157 905 Hergenrbther.¹)

55 917 201 982 Libellum
228 917 307 982 fidei
332 915 660 1002 Constantinopolis
685 914 821 980 Graecis
844 925 1033 1002 susceptum
1057 915 1158 980 fnisse

54 1018 134 1101 eique
162 1016 386 1102 subscriptum
409 1015 510 1100 juxta
539 1024 668 1078 textum
691 1014 831 1079 latinum
855 1016 911 1099 qui
935 1022 1057 1095 exstat,
1089 1012 1157 1078 nrrl·

53 1113 167 1199 lamque
205 1114 422 1178 mutationem
455 1110 661 1176 essentialem
695 1112 835 1196 factam,
875 1110 1040 1197 colligitur
1069 1111 1157 1194 inde,

53 1210 126 1294 quod
158 1210 355 1275 Anastasius
390 1209 551 1290 advertit,
596 1211 631 1274 in
667 1219 761 1275 textu
797 1231 915 1295 graeco
952 1207 1067 1274 haberi
1103 1231 1157 1273 ve·

53 1309 193 1372 dodones
217 1307 378 1394 quasdam
411 1309 565 1372 minimas
598 1307 640 1372 ob
673 1307 819 1373 indolem
848 1307 981 1392 linguae
1008 1329 1157 1392 graecae.

53 1405 105 1468 Hie
125 1407 156 1470 ia
181 1405 287 1470 codiee
311 1406 486 1470 comendae
509 1427 638 1490 praeeo,
664 1404 795 1490 scribit,
814 1417 891 1491 post
914 1405 1048 1471 latinum
1071 1404 1158 1468 libel-

53 1503 104 1566 lum
119 1504 245 1589 positast
269 1513 315 1566 est
337 1503 420 1567 idem
442 1505 509 1589 ipse
531 1502 656 1568 libellas
669 1524 778 1590 praem
792 1505 1029 1590 interpretatas,
1053 1526 1147 1589 paam

52 1602 89 1664 cio
104 1623 164 1686 pro
188 1603 375 1686 ipamaotia
398 1601 571 1666 lamnarum
586 1601 762 1665 litterarum
778 1605 850 1691 jam
865 1620 948 1666 auae
966 1599 1064 1665 &etim
1079 1601 1159 1665 bauo

51 1698 170 1762 souillers
196 1699 314 1764 Graeci
332 1699 494 1785 paulatim
517 1701 673 1762 omitteret.
721 1697 784 1762 Sed
806 1699 980 1762 potandam
1003 1709 1059 1779 ast,
1083 1700 1158 1784 qaia

51 1797 178 1886 altijae
201 1793 304 1860 libelli
327 1794 436 1881 aliqua
459 1797 494 1860 io
516 1819 631 1884 praeca
653 1798 913 1883 interpretatione
936 1797 1083 1862 uideatur
1104 1797 1157 1861 lra-

52 1891 107 1956 beri
127 1892 223 1958 aliter
247 1917 340 1978 ᾳιιαπι
362 1895 397 1958 iu
421 1893 526 1958 latino
549 1893 695 1974 editioae,
718 1917 782 1958 aaa
804 1892 964 1960 volomtate
988 1894 1043 1958 sed
1057 1915 1157 1959 aecae·

50 1993 131 2054 ritate
163 1992 293 2078 foetura
325 2003 380 2057 est.
438 1993 600 2079 interpres
632 1994 713 2057 caios
747 1993 782 2056 ia
816 1991 1002 2078 quibasdam
1035 1991 1159 2077 pelidem

46 2090 248 2174 proprietates
276 2111 408 2174 praseae
438 2090 587 2154 dictionis
613 2091 716 2154 miuus
739 2112 941 2176 waseqaem,
971 2091 1007 2154 ia
1035 2088 1158 2176 quibas·

50 2185 112 2248 ‹trm
139 2209 209 2251 cero
243 2187 415 2252 latinitatis
445 2185 571 2273 eloquio
601 2187 720 2272 liquide
747 2189 905 2267 amemus,
931 2211 1050 2274 paruae
1078 2187 1156 2273 qaid

49 2305 82 2346 re
110 2285 214 2348 eomas
247 2282 352 2348 libello
384 2295 520 2349 motasse
552 2283 787 2370 dipaosca‘tar.²)
833 2285 949 2373 Neque
983 2283 1082 2372 legati
1120 2285 1154 2350 id

49 2383 275 2464 permisissent,
311 2391 348 2448 ut
380 2405 419 2446 ea
451 2383 486 2447 in
522 2392 616 2446 textu
648 2405 767 2468 graeco
791 2385 1033 2465 omitterentur,
1069 2405 1154 2469 quae

111 2570 132 2631 ¹)
151 2567 290 2632 Photins,
303 2566 339 2621 11.
365 2582 391 2635 p.
411 2567 446 2622 63
463 2583 520 2634 sqq.
547 2599 580 2623 τ-
606 2570 735 2623 Actorum
759 2569 854 2636 synodi
879 2583 912 2624 ex
931 2567 1019 2624 officio
1037 2569 1155 2636 quinque

48 2647 199 2714 exemplans
230 2645 305 2700 iacta
335 2655 415 2701 erant
446 2663 494 2716 pro
522 2648 639 2715 quiaque
663 2649 833 2716 patriarchis.
871 2647 922 2702 Sed
953 2649 1048 2712 codex,
1076 2663 1155 2714 quem

50 2725 147 2780 somam
165 2726 324 2780 deferebant
342 2727 429 2796 legati
448 2727 602 2793 Pontificio,
620 2727 687 2796 ipsis
705 2729 813 2782 ablatus
832 2736 887 2794 est,
912 2745 994 2796 quum
1012 2729 1155 2784 redeuntes

48 2805 70 2857 in
86 2807 229 2872 praedones
247 2805 417 2873 Incidiseent3
443 2807 498 2861 alia
517 2814 634 2874 quatuor
652 2809 815 2876 exemplaria
833 2810 930 2864 amisse
949 2815 1026 2873 snut,
1046 2824 1078 2862 ac
1095 2823 1155 2876 pro·

48 2883 125 2940 babile
142 2899 197 2951 est,
223 2901 256 2940 ea
273 2901 332 2940 esse
355 2887 508 2953 destructe,
536 2889 642 2955 quando
661 2889 774 2944 Photius
792 2889 891 2944 iterum
909 2889 998 2944 sedem
1017 2888 1154 2942 OPteuam

48 2965 147 3022 iurarit
183 2967 233 3022 Sed
257 2966 419 3022 Anastasius
442 2966 528 3034 Bibl,
560 2967 606 3035 qni
637 2975 757 3036 tempore
782 2968 894 3024 concilii
919 2967 1154 3036 Constantinopoli

48 3048 216 3110 stramiacus
235 3046 269 3099 ab
288 3046 455 3114 Imperatore
472 3048 609 3103 Ludorico
627 3049 665 3114 11,
684 3055 716 3103 ut
733 3049 767 3103 de
785 3047 915 3103 connubio
933 3047 1007 3104 inter
1024 3047 1154 3102 Commu-

48 3125 125 3180 tinum
148 3125 233 3180 filium
251 3125 347 3180 Basilii
371 3132 400 3180 et
418 3127 623 3198 Irmengardam
640 3127 770 3183 Ludorici
790 3127 873 3182 filiam
891 3135 1001 3198 ageret,
1027 3127 1154 3182 nameri-

48 3213 127 3269 pscrat
145 3206 268 3272 codicem,
287 3211 316 3259 et
335 3205 392 3274 ejus
410 3205 572 3276 diligentiae
590 3207 764 3263 tribuendum
781 3213 831 3274 est,
851 3207 921 3275 quod
933 3208 1020 3262 latina
1031 3207 1155 3262 versione

48 3286 155 3350 genuina
173 3287 244 3340 Acta
262 3285 375 3340 Consilii
394 3285 555 3342 habeantur.
594 3289 745 3354 „Diversoa
764 3287 859 3343 scribit
877 3288 906 3342 in
925 3287 1053 3354 Praetat,
1071 3287 1154 3342 homi-

48 3379 103 3418 nnm
119 3373 231 3422 eventus
249 3365 436 3434 considerans,
461 3373 541 3436 gesta
565 3367 645 3437 hujus
663 3369 778 3436 Synodi‚
805 3383 873 3435 qnae
891 3367 1061 3436 Apostolioae
1079 3367 1154 3422 Sedis

48 3443 92 3498 loci
108 3454 257 3500 servatores
275 3445 304 3500 in
317 3461 370 3500 nno
383 3447 519 3504 volumine
536 3463 625 3504 secum
636 3449 773 3517 portaturi
786 3449 1008 3516 conscripserant,
1027 3447 1056 3502 iu
1068 3448 1154 3502 altero

47 3524 124 3580 adia
148 3525 329 3594 transscripta
347 3527 459 3580 Romam
483 3542 567 3594 nsque
592 3527 697 3583 deterre
715 3528 849 3597 proposui.
888 3528 964 3583 Unde
983 3527 1085 3583 iactum
1104 3534 1153 3594 est,

48 3614 75 3656 ru
92 3607 182 3662 eisdem
202 3605 252 3660 loci
271 3605 454 3662 servatoribus
473 3605 502 3662 in
519 3607 665 3675 praedones
685 3607 873 3674 incidentibus,
892 3614 921 3662 et
937 3608 1053 3662 codicem
1066 3607 1154 3676 ipsum

48 3699 100 3738 rum
115 3687 235 3741 omnibns
253 3685 465 3754 supellectilibus
484 3687 540 3742 suis
558 3689 757 3755 amittentibus,
777 3705 827 3758 ego
846 3687 961 3743 codicem
980 3703 1058 3754 quem
1077 3687 1153 3742 detu-

48 3763 119 3820 leram
135 3768 247 3822 Romam
266 3765 372 3821 vexisse
393 3767 580 3836 dignoscerer,
605 3783 684 3835 quem
702 3769 838 3824 Sanctitas
856 3775 949 3824 vestra
973 3771 1054 3836 grato
1072 3768 1154 3823 susci-

49 3845 113 3910 pisns
135 3848 238 3912 animo,
268 3846 333 3901 mihi
360 3846 577 3904 transferendum
601 3849 630 3903 in
656 3848 771 3904 latinam
794 3849 909 3903 tradidit
933 3848 1153 3904 dictionem.

49 3925 220 3996 Interpretans
245 3927 333 3996 igitur
359 3926 428 3982 hano
452 3943 556 3982 sacram
574 3929 710 3995 synodum
735 3929 846 3984 verbnm
864 3944 879 3984 e
898 3927 992 3994 verbo,
1021 3933 1151 3994 quantum

49 4004 134 4060 iliona
144 4007 258 4061 Iatirmm
267 4005 398 4074 permisit,
415 4007 547 4076 excerpsi;
561 4023 759 4076 nonnumquam
768 4025 840 4075 vero,
857 4013 983 4064 manente
993 4023 1079 4074 sensu,
1094 4023 1153 4062 oon-

50 4087 208 4142 stmotionem
222 4101 347 4156 graecam
362 4087 391 4142 in
406 4087 521 4142 latinam
534 4089 683 4143 necessario
697 4088 885 4143 commutavi.“
904 4086 996 4142 Labbe
1005 4088 1081 4142 VIII.
1092 4089 1152 4142 969.

112 4175 131 4227 r,
148 4176 224 4230 Cone.
254 4175 345 4230 Const.
373 4175 421 4229 l'V.
451 4177 511 4230 Act.
540 4175 561 4230 1.
596 4177 736 4232 Anastasii
770 4183 836 4230 uota
868 4177 902 4230 ad
929 4176 1047 4230 libellum
1076 4175 1153 4244 fidei,

52 4249 129 4308 stbe
145 4255 218 4310 VIII.
238 4257 298 4312 991.
337 4254 392 4310 Cir.
412 4255 624 4325 Hergenrbtlrer,
644 4257 758 4312 Plotius
777 4257 813 4312 II.
832 4271 858 4324 p.
879 4257 913 4309 78
931 4265 997 4310 nota
1016 4255 1057 4311 16,
