2932 4836
328 499 369 553 De
387 497 572 554 Decretallbus
590 497 872 554 Pseudo-Isidoriania
1111 497 1165 552 305

58 643 234 708 ostmdimus
256 642 380 706 oollam
410 640 623 726 differentiam
645 664 710 706 esse
734 642 818 706 iales·
849 661 888 703 aa
910 639 1052 718 demota,
1085 664 1164 725 quae

57 743 88 802 io
110 737 216 805 Codice
238 762 393 805 maenum
416 737 570 802 labentur
593 739 676 802 sedis
700 737 893 824 apostolicae
911 739 1112 824 praesulum,
1136 750 1166 804 el

57 861 90 900 eu
110 859 183 922 price
199 861 284 924 prae
305 836 505 902 mallimdiue
527 837 584 900 uia
602 859 664 922 per
686 833 813 922 mapula
827 834 1018 900 uoluminum
1031 857 1165 922 corpora

57 937 251 1020 reperiuntur.

134 1033 184 1098 99.
219 1031 383 1112 Quamvis
415 1030 511 1116 plura
548 1053 590 1096 ex
623 1031 664 1094 iis
702 1051 788 1116 quae
819 1029 977 1094 Nicolaus
1009 1030 1092 1096 dicit
1123 1032 1164 1098 de

58 1129 275 1194 Decretalibns
299 1129 481 1215 priscorum
498 1128 697 1192 Pontificum
720 1129 756 1192 in
773 1127 896 1192 Codice
912 1149 1076 1193 canonum
1098 1151 1164 1196 non

52 1229 215 1310 contentis,
240 1237 376 1314 possent
398 1249 457 1312 per
480 1249 514 1292 se
533 1225 646 1292 referri
669 1226 712 1290 ad
731 1226 887 1312 epistolas
905 1225 1033 1312 aliquas
1052 1229 1165 1311 genui·

56 1347 123 1404 nas,
146 1327 193 1390 uti
218 1325 261 1390 ad
285 1324 369 1391 Julii
393 1323 581 1409 epistolam,
611 1323 665 1388 vel
687 1324 731 1388 ad
757 1324 920 1410 quaedam
944 1326 1066 1408 scripta
1089 1347 1165 1410 apo·

53 1423 169 1508 crypha
202 1424 274 1508 jam
308 1422 435 1488 dudum
469 1421 620 1506 vulgata,
655 1424 703 1486 uti
737 1431 813 1486 acta
844 1421 995 1487 Silvestri
1029 1423 1164 1509 ejusque

53 1521 179 1604 synodi,
216 1531 328 1586 tamen
359 1519 523 1606 quaedam
556 1520 591 1583 in
615 1518 705 1583 hisco
729 1528 922 1600 occurrunt,
958 1541 1042 1604 quae
1066 1543 1163 1586 sensu

51 1617 141 1682 obvio
172 1629 206 1682 et
234 1617 378 1683 naturali
409 1618 584 1701 designaut
606 1617 798 1682 Decretales
825 1618 1008 1702 priscorum
1030 1619 1163 1685 Pontifi-

52 1738 119 1780 cum
143 1719 178 1781 in
199 1715 402 1781 Collectione
421 1715 541 1780 Isidori
566 1723 747 1780 contentas.
789 1715 879 1778 Dum
904 1717 992 1778 enim
1007 1716 1198 1818 Nicolaus
1190 1717 1314 1761 ''fimi'‘

52 1813 88 1877 de
108 1813 325 1879 Pontificibus
356 1813 517 1899 loquitur,
551 1814 605 1896 qui
627 1810 887 1876 crebrescentibus
909 1813 1072 1896 panuliam
1089 1778 1323 1900 per-willel*

51 1913 250 1978 smtaoaibue
273 1914 482 2022 scriptionem,
516 1909 567 1974 vel
591 1911 646 1996 qul
667 1932 723 1974 suo
747 1933 856 1974 oratore
880 1908 1054 1974 Ecclesiam
1077 1912 1163 1978 deco-

53 2021 166 2088 rarunt,
191 2009 233 2074 ad
258 2011 360 2074 trium
383 2010 528 2092 priorum
554 2005 761 2072 saeculorum
785 2006 962 2071 Pontifices
985 2028 1163 2095 eorumque

52 2105 167 2172 litteras
189 2106 318 2172 alludit.
347 2143 390 2154 -
419 2105 511 2170 Idem
537 2106 617 2169 satis
640 2105 718 2170 inde
740 2114 893 2189 apparet,
926 2105 1015 2190 quod
1037 2107 1164 2173 refellat

49 2226 115 2268 eam
139 2204 378 2290 objectionem,
412 2225 510 2289 quam
542 2203 720 2288 praecipue
744 2202 945 2266 Hincmarus
967 2202 1162 2270 Rhomensis

50 2302 201 2368 afferebat
233 2304 407 2368 occasione
430 2299 656 2366 Decretalium
680 2299 972 2392 Pseudo-Isidori,
1006 2301 1163 2368 videlicet

52 2399 186 2465 valorem
203 2402 403 2466 canonicum
422 2397 544 2464 habere
566 2417 709 2463 canones
733 2407 765 2462 et
781 2398 972 2463 Decretales
988 2401 1022 2464 in
1039 2399 1162 2465 Codice

50 2509 172 2584 recepto
197 2507 366 2578 contenta,
392 2519 459 2562 nou
483 2518 561 2560 vero
585 2495 666 2560 alias
688 2495 892 2562 Decretales.
937 2495 1102 2579 Advertit,
1127 2499 1162 2564 id

49 2595 106 2660 dici
128 2620 151 2660 a
174 2595 374 2682 quibusdam
398 2596 455 2680 qui
479 2603 590 2658 tamen
615 2594 677 2678 ipsi
701 2593 745 2659 ad
769 2616 829 2658 sua
849 2593 1024 2679 privilegia
1038 2596 1162 2660 tuenda

49 2695 84 2757 iis
103 2693 336 2758 Decretalibus
368 2701 523 2772 utuntur-3
554 2701 587 2756 et
616 2693 697 2755 citat
726 2692 812 2756 inter
842 2689 908 2755 alia
931 2689 1055 2756 Gelasii
1077 2692 1162 2758 Pon-

47 2791 135 2856 tifieis
161 2793 270 2872 effata,
296 2800 333 2854 ut
355 2792 455 2856 etiam
471 2788 704 2854 Decretalibus
727 2788 818 2853 hisce
840 2790 1070 2854 auctoritatam
1090 2792 1161 2856 vin-

47 2888 137 2955 dicet
174 2889 271 2955 Haeo
294 2889 418 2973 optime
442 2888 646 2952 conveniunt
669 2907 745 2952 eum
766 2888 894 2952 ratione
917 2886 1038 2970 agendi
1060 2888 1162 2952 Hinc-

48 2988 122 3051 nari
144 2987 361 3064 Rhemensis,
394 2985 490 3070 cujus
522 2984 634 3070 aliqua
667 2985 790 3069 scripta
822 2986 856 3049 in
880 2987 987 3048 causis
1010 2983 1160 3050 Wulfadi

47 3093 76 3146 et
95 3085 245 3150 Ebbonis
269 3094 369 3169 atque
385 3081 542 3148 Rothadii
567 3092 654 3146 certe
669 3082 794 3146 Romae
810 3081 1028 3149 habebantur.
1061 3083 1160 3148 Vide-

47 3194 94 3245 tur
114 3193 226 3246 autem
250 3182 452 3246 Hincmarus
476 3182 511 3244 in
535 3179 692 3265 opusculo
715 3179 777 3244 LV
802 3178 1047 3265 Capitulorum,
1072 3181 1161 3266 quod

46 3299 73 3340 a.
95 3279 158 3344 870
181 3288 312 3343 mortuo
332 3280 404 3364 jam
427 3277 564 3342 Nicolao
589 3278 747 3358 confecit,
773 3277 816 3342 ad
840 3277 896 3344 illa
918 3278 1047 3343 Nicolai
1073 3279 1161 3344 diota

45 3375 204 3458 alludere,
239 3399 341 3462 quum
374 3375 620 3441 distinctionem
653 3397 747 3440 suam
772 3397 940 3460 exponens
972 3375 1065 3462 (vide
1088 3398 1160 3462 sup.

49 3493 76 3536 n.
111 3473 186 3560 65),
226 3472 393 3559 explicare
431 3475 530 3538 etiam
565 3473 676 3538 studet
705 3471 829 3537 Gelasii
863 3472 984 3555 verba,
1027 3495 1111 3559 quae
1141 3498 1160 3538 a

48 3568 175 3636 b'ieolao
197 3570 297 3636 allata
312 3581 415 3636 erant.
463 3570 571 3652 Unde,
596 3593 698 3656 quum
715 3571 917 3636 Hincmarus
932 3570 1057 3636 ibidem
1072 3581 1159 3636 certe

47 3666 84 3730 de
100 3669 331 3734 Decretalibus
345 3668 464 3733 Isidori
481 3668 643 3753 loquatur,
668 3667 822 3753 colligere
836 3667 923 3750 licet,
939 3689 1014 3734 eum
1030 3669 1158 3734 Nicolai

47 3763 128 3830 dicta
161 3767 203 3832 de
234 3767 326 3832 hisce
357 3765 590 3830 Decretalibus
623 3765 834 3830 intellexisse.
889 3764 1064 3831 Caeterum
1098 3789 1159 3831 nec

48 3881 100 3946 per
120 3886 155 3928 se
179 3864 312 3929 videtur
334 3862 515 3949 probabile,
540 3863 664 3928 Romae
688 3863 806 3928 Isidori
832 3863 1032 3946 Decretales,
1057 3887 1158 3950 quum

48 3971 149 4026 tantus
189 3984 302 4028 earum
343 3984 421 4026 usus
461 3971 546 4026 esset
590 3962 622 4024 in
663 3961 824 4042 Francia,
864 3970 897 4024 et
940 3960 1027 4025 illius
1066 3964 1158 4046 regni

47 4059 185 4146 episcopi
215 4059 413 4145 multiplicia
444 4068 514 4122 tum
538 4058 699 4124 haberent
732 4081 807 4122 cum
831 4058 992 4124 Pontifice
1017 4062 1158 4144 negotia,

49 4157 167 4221 tamdiu
198 4160 310 4242 ignota
333 4159 507 4241 mansisse,
542 4167 577 4220 ut
600 4156 756 4222 Nicolaus
780 4179 835 4222 eas
866 4180 896 4222 a.
921 4156 986 4220 865
1010 4157 1159 4223 nondum

51 4255 181 4320 noverit.

90 4360 215 4412 lungun,
229 4363 404 4407 Dlnsmtlonea·
429 4364 543 4408 'lom-111.
1018 4360 1053 4416 20
