3002 4836
325 498 361 550 78
677 497 718 552 De
735 496 841 552 haeresi
860 496 1094 554 Ieouoclsstsrnm.
1488 559 1489 578 ,

1488 585 1489 626 l

326 643 445 724 genius
467 641 502 706 II
525 661 695 705 assensum
720 642 951 726 praestitisset,
981 641 1166 728 Imperator
1188 665 1276 708 anno
1300 645 1363 709 825
1383 643 1431 708 eli·
1488 633 1489 658 ¹

325 749 408 825 quot
439 741 610 826 episcopos
640 749 673 802 et
704 740 793 803 viros
826 738 939 803 doctos
960 740 1098 804 Parisiis
1128 743 1351 828 congregavit.
1393 741 1431 804 Hi

326 834 507 919 Praesules,
533 835 623 901 ducti
647 837 751 902 veteri
784 858 893 902 errore
924 836 965 901 de
989 835 1138 903 Concilio
1161 839 1310 904 Nicaeno
1334 841 1378 924 ss,
1399 862 1432 903 ae

326 936 354 1000 si
378 937 413 1000 in
436 956 475 999 eo
499 936 600 1000 sacris
624 935 826 1020 imaginibus
850 934 938 1000 idem
962 957 1002 1000 ac
1026 935 1164 1002 deificae
1184 937 1356 1003 Trinitatis
1378 937 1432 1002 cul·

323 1045 379 1098 tus
402 1034 495 1120 isque
519 1031 687 1097 absolutus
710 1032 826 1098 fuisset
842 1032 1002 1115 decretus,
1023 1033 1190 1121 fidemque
1213 1035 1371 1101 habentes
1391 1035 1432 1099 lit·

324 1133 405 1196 teris
419 1130 592 1196 Michaelis
613 1130 709 1196 Balbi
735 1131 776 1196 de
799 1129 959 1196 abusibus
982 1133 1016 1195 in
1041 1133 1224 1218 imaginum
1249 1134 1372 1199 cultum
1394 1134 1432 1196 in·
1488 1167 1489 1258 p

327 1231 441 1312 vectis,
465 1251 531 1294 non
556 1239 684 1294 tantum
717 1251 859 1295 errorem
882 1229 1178 1296 Iconomechornm
1203 1235 1260 1318 qui
1284 1232 1434 1316 imagines

325 1326 556 1415 despiciebant
579 1338 612 1391 et
634 1327 898 1413 confringebant,
922 1328 1104 1393 sedetiam
1128 1327 1316 1394 Concilium
1330 1329 1434 1394 Nicee·
1488 1365 1489 1412 ,

327 1447 407 1490 num
431 1436 464 1490 et
486 1425 650 1490 Hadriani
674 1426 785 1512 Papae
807 1426 943 1508 litteras,
968 1449 1007 1492 ee
1031 1429 1057 1490 si
1083 1429 1117 1491 in
1141 1428 1182 1491 iis
1206 1427 1373 1491 indebitus
1394 1447 1434 1488 sa·
1488 1423 1489 1518 l

327 1545 457 1588 ererum
482 1525 666 1609 imaginum
697 1523 804 1588 cultus
833 1523 948 1590 fuisset
979 1525 1195 1611 approbatus,
1230 1523 1434 1612 reprehende-

327 1631 419 1704 runt3
444 1631 712 1708 statueruntque,
736 1623 819 1708 qrsod
842 1623 995 1707 imagines
1019 1621 1205 1687 Sanctorum
1233 1623 1333 1688 stulto
1349 1643 1434 1710 prce·
1488 1647 1489 1728 p

325 1723 500 1806 eromptioae
533 1743 596 1784 eon
628 1732 702 1785 suet
735 1720 992 1805 confringendae,
1023 1745 1079 1784 nec
1101 1724 1273 1786 damtione
1297 1721 1435 1808 supersti·
1488 1735 1489 1814 l

327 1821 409 1882 licea
423 1816 582 1895 colendae,
603 1829 659 1882 aut
680 1818 878 1897 adorandae,
901 1819 956 1883 sed
968 1820 1081 1904 potius
1098 1819 1276 1908 bujrssmodi
1294 1818 1436 1905 oupersli
1488 1831 1489 1886 Ϊ

327 1917 410 1980 tione
423 1925 543 1980 remoto
549 1921 650 2006 pisctu
663 1939 770 1980 ceram
784 1916 966 2002 religionem
980 1919 1145 1982 memorius
1161 1918 1323 1981 clamoris
1338 1938 1435 1988 causo,
1488 1935 1489 2002 l

326 2015 363 2078 eb
379 2015 628 2078 recordationem
649 2036 754 2078 eorum
767 2037 897 2101 quoram
916 2026 988 2079 sunt
1010 2017 1161 2102 imagines
1178 2013 1351 2095 habendae,
1367 2015 1437 2076 sicssl
1488 2027 1489 2090 ξ

326 2137 347 2175 a
361 2111 399 2176 B.
417 2112 569 2196 Gregorio
587 2113 665 2176 satie
680 2111 829 2176 catholice
842 2115 1067 2200 perspicueque
1086 2114 1203 2177 dietam
1219 2111 1400 2176 declarator·
1407 2109 1435 2194 ¹).
1488 2121 1489 2124 ’

415 2211 468 2274 91.
492 2209 592 2274 Plura
614 2211 752 2274 Petrum
784 2212 972 2275 testimonia
1003 2209 1205 2295 collegerunt
1238 2222 1308 2274 tum
1333 2219 1436 2274 contre

326 2329 381 2372 eos
410 2308 468 2393 qui
501 2309 663 2393 imagines
693 2307 889 2374 Sanctorum
923 2308 1179 2394 confringendae
1209 2317 1243 2372 et
1265 2306 1437 2372 abolendas
1488 2359 1489 2392 3

326 2427 396 2469 esse
413 2404 571 2488 dicerent,
595 2417 665 2469 tum
690 2415 804 2470 contre
819 2427 874 2471 eos
895 2408 952 2492 qui
969 2405 1041 2471 illas
1064 2405 1240 2472 adorarent
1263 2415 1322 2470 eut
1336 2425 1437 2491 super·
1488 2405 1489 2438 l

325 2504 451 2568 stitiose
474 2501 628 2570 colerent.
677 2502 786 2584 Quam
811 2502 1037 2568 collectionem
1062 2527 1137 2569 cum
1161 2503 1299 2590 epistole
1323 2503 1366 2568 ed
1380 2503 1437 2566 Lu·
1488 2503 1489 2532 ³

326 2601 482 2667 doricum
514 2601 751 2688 Imperatorem
782 2600 985 2668 direxerunt.
1032 2601 1245 2668 Addiderunt
1275 2611 1439 2687 praeterea

324 2699 495 2786 exemplar
517 2699 709 2785 epistoleea
732 2699 907 2764 Ludovico'
928 2700 972 2764 ad
987 2685 1181 2768 Poritiiicem
1205 2696 1438 2782 scribendae¹),

324 2819 400 2862 cum
415 2797 567 2883 exemplo
592 2797 727 2863 alterius
751 2798 917 2884 epistolae,
941 2820 1041 2884 quem
1065 2798 1259 2863 aPontifice
1282 2797 1327 2861 ed
1344 2797 1437 2862 Grae·

400 3012 422 3082 ¹)
440 3011 474 3066 V.
494 3009 584 3066 blansi
602 3010 668 3068 coll.
688 3010 767 3067 Cone.
795 3011 826 3065 Τ.
854 3009 928 3067 XIV.
953 3013 1104 3067 sal-460.
1123 3041 1157 3052 -
1176 3011 1335 3080 Opportune
1352 3009 1395 3064 hie
1412 3021 1440 3061 ee

323 3097 419 3148 notare
434 3084 641 3160 juvaminum
658 3091 692 3146 de
719 3091 789 3146 actis
816 3097 965 3146 conventus
983 3089 1145 3147 Persisnsis
1173 3090 1269 3146 scribit
1287 3089 1392 3159 Pegins
1409 3086 1439 3141 od

323 3190 348 3230 a.
372 3173 425 3227 825
444 3188 471 3228 n.
490 3173 514 3225 a.
536 3173 631 3239 ,Auno
660 3174 729 3226 1606
747 3170 849 3240 prodiit
866 3171 1040 3227 Frencofurti
1068 3171 1174 3227 libellus
1199 3187 1258 3226 cnm
1276 3172 1327 3226 hoc
1345 3169 1439 3225 titulo:

325 3253 453 3322 Synodus
471 3252 639 3306 Por-iriensis
664 3252 696 3305 de
713 3251 879 3320 imaginibus
903 3267 977 3304 anno
997 3250 1100 3306 christi
1117 3249 1298 3307 Decem
1301 3251 1333 3314 V,
1353 3267 1387 3302 eu
1404 3265 1440 3302 oe-

325 3333 471 3385 testiseimo
487 3331 581 3386 Codice
592 3331 765 3398 descriptori
780 3347 854 3384 nunc
869 3333 990 3398 primm
1002 3332 1030 3384 io
1047 3331 1220 3386 inremedilo.
1239 3329 1361 3385 Sedcum
1371 3343 1438 3382 care·

323 3417 366 3465 ret
385 3409 504 3466 auctoris
522 3409 638 3475 nomine,
657 3408 703 3476 qui
722 3409 830 3464 invenit
848 3416 877 3465 et
889 3409 1018 3465 edendam
1037 3411 1152 3477 curavit,
1171 3410 1216 3465 vel
1235 3425 1342 3477 exque
1361 3407 1439 3464 luerit

319 3497 434 3559 accepts
451 3489 621 3555 bibliotheca,
641 3497 669 3545 et
688 3489 833 3544 manifesto
851 3497 966 3558 pateret,
986 3507 1052 3560 opus
1071 3491 1139 3546 illud
1157 3491 1185 3547 in
1204 3491 1294 3546 odium
1306 3491 1439 3546 Romsnse

323 3571 460 3628 Ecclesiae
478 3571 651 3640 divulgatum
664 3585 729 3636 esse,
740 3569 920 3626 Bellsrminus
939 3571 1035 3627 stetim
1053 3570 1175 3626 libellum
1193 3571 1270 3626 illum
1288 3569 1439 3624 confutavit

319 3658 453 3720 unorum
470 3651 539 3706 falso
557 3649 691 3718 synodum
709 3649 890 3706 Porisiensem
917 3651 1084 3721 inscriptum.
1122 3652 1220 3707 Petrus
1238 3651 1346 3719 quidem
1365 3649 1439 3704 Dele-

322 3732 401 3788 lende
419 3731 604 3788 theseus-erius
623 3729 750 3785 ecclesiae
768 3730 793 3785 S.
812 3730 967 3786 Frambaldi
995 3732 1204 3787 silvanectensis
1222 3730 1343 3785 eamdem
1362 3729 1439 3797 Syne

319 3813 386 3866 dum
404 3817 499 3881 postes
516 3810 666 3879 publicavit
696 3826 730 3865 ex
749 3810 845 3866 Codice
862 3810 1048 3867 Bibliothecee
1075 3813 1204 3867 'l'hnsnse
1222 3825 1296 3866 num
1316 3810 1378 3874 llio,
1397 3807 1443 3864 scd

323 3907 372 3948 nec
390 3892 513 3948 labbeus
531 3891 560 3948 in
579 3891 743 3946 Collectione
770 3891 950 3947 conciliorum
977 3894 1153 3962 generalium,
1171 3908 1221 3947 nec
1239 3890 1396 3945 Sirmendns
1412 3889 1439 3943 in

319 3971 449 4027 Conciliis
468 3971 617 4026 Gallicanis
635 3970 711 4026 illam
729 3971 864 4040 Synodum
891 3972 1016 4040 retulere
1036 3974 1106 4041 quod
1125 3971 1265 4027 Gallorum
1283 3970 1358 4025 illius
1377 3975 1439 4023 tem·

322 4052 395 4122 poris
408 4053 443 4108 sb
455 4051 605 4122 imaginum
618 4051 775 4106 adcretione
785 4050 988 4107 abhorrentium
1000 4053 1133 4107 haeresim
1143 4051 1262 4107 redoleat
1275 4053 1288 4080 ‘⁴
1303 4079 1339 4090 -
1352 4052 1440 4120 Agno-

322 4139 423 4188 vernnt
435 4140 526 4188 temen
545 4131 714 4201 posteriores,
734 4137 797 4186 acts
814 4132 909 4199 synodi
921 4147 980 4188 esse
997 4132 1131 4201 genuina;
1168 4131 1232 4199 quid
1250 4145 1314 4185 vero
1334 4129 1367 4183 de
1381 4127 1439 4182 Gel-

321 4213 409 4268 lorum
428 4213 554 4282 opinione
572 4213 733 4268 censendum
751 4211 797 4277 sit,
816 4225 849 4267 ex
868 4211 948 4267 dictis
966 4213 1112 4282 colligitur.

397 4294 417 4364 ¹)
436 4292 524 4348 hiansi
543 4292 559 4347 l.
580 4309 603 4349 c.
621 4309 647 4362 p.
666 4291 728 4349 461.
