<?xml version="1.0" encoding="UTF-8"?>
<!DOCTYPE html PUBLIC "-//W3C//DTD XHTML 1.0 Transitional//EN"
    "http://www.w3.org/TR/xhtml1/DTD/xhtml1-transitional.dtd">
<html xmlns="http://www.w3.org/1999/xhtml" xml:lang="en" lang="en">
 <head>
  <title>
</title>
<meta http-equiv="Content-Type" content="text/html;charset=utf-8" />
  <meta name='ocr-system' content='tesseract 3.04.00' />
  <meta name='ocr-capabilities' content='ocr_page ocr_carea ocr_par ocr_line ocrx_word'/>
</head>
<body>
  <div class='ocr_page' id='page_1' title='image "./dissertationess01junggoog_0022.png"; bbox 0 0 3002 4836; ppageno 0'>
   <div class='ocr_carea' id='block_1_1' title="bbox 485 513 1204 571">
    <p class='ocr_par' dir='ltr' id='par_1_1' title="bbox 485 513 1204 571">
     <span class='ocr_line' id='line_1_1' title="bbox 485 513 1204 571; baseline 0.003 -3"><span class='ocrx_word' id='word_1_1' title='bbox 485 515 524 568; x_wconf 85' lang='lat' dir='ltr'><strong>De</strong></span> <span class='ocrx_word' id='word_1_2' title='bbox 542 513 661 568; x_wconf 72' lang='lat' dir='ltr'><strong>Concilio</strong></span> <span class='ocrx_word' id='word_1_3' title='bbox 679 515 815 571; x_wconf 67' lang='lat' dir='ltr'><strong>ffidsna</strong></span> <span class='ocrx_word' id='word_1_4' title='bbox 1174 517 1204 570; x_wconf 90' lang='lat'><strong>11</strong></span> 
     </span>
    </p>
   </div>
   <div class='ocr_carea' id='block_1_2' title="bbox 1 655 1210 4071">
    <p class='ocr_par' dir='ltr' id='par_1_2' title="bbox 1 655 1210 4071">
     <span class='ocr_line' id='line_1_2' title="bbox 92 655 1206 743; baseline 0.004 -25"><span class='ocrx_word' id='word_1_5' title='bbox 92 655 223 740; x_wconf 86' lang='lat' dir='ltr'><strong>tinopoli</strong></span> <span class='ocrx_word' id='word_1_6' title='bbox 248 657 367 740; x_wconf 83' lang='lat' dir='ltr'><strong>egerit,</strong></span> <span class='ocrx_word' id='word_1_7' title='bbox 393 657 589 742; x_wconf 83' lang='lat' dir='ltr'><strong>scriptorum</strong></span> <span class='ocrx_word' id='word_1_8' title='bbox 604 658 716 743; x_wconf 89' lang='lat' dir='ltr'><strong>inopia</strong></span> <span class='ocrx_word' id='word_1_9' title='bbox 731 667 763 721; x_wconf 88' lang='lat' dir='ltr'><strong>et</strong></span> <span class='ocrx_word' id='word_1_10' title='bbox 786 657 915 722; x_wconf 87' lang='lat' dir='ltr'><strong>silentio</strong></span> <span class='ocrx_word' id='word_1_11' title='bbox 938 657 1036 738; x_wconf 87' lang='lat' dir='ltr'><strong>latet,·</strong></span> <span class='ocrx_word' id='word_1_12' title='bbox 1058 659 1116 724; x_wconf 91' lang='lat' dir='ltr'><strong>sed</strong></span> <span class='ocrx_word' id='word_1_13' title='bbox 1139 661 1206 743; x_wconf 80' lang='lat' dir='ltr'><strong>agi·</strong></span> 
     </span>
     <span class='ocr_line' id='line_1_3' title="bbox 92 753 1207 822; baseline 0.004 -7"><span class='ocrx_word' id='word_1_14' title='bbox 92 761 186 816; x_wconf 75' lang='lat' dir='ltr'><strong>tetam</strong></span> <span class='ocrx_word' id='word_1_15' title='bbox 210 753 316 818; x_wconf 86' lang='lat' dir='ltr'><strong>fuisse</strong></span> <span class='ocrx_word' id='word_1_16' title='bbox 347 765 429 818; x_wconf 87' lang='lat' dir='ltr'><strong>tunc</strong></span> <span class='ocrx_word' id='word_1_17' title='bbox 461 757 716 820; x_wconf 84' lang='lat' dir='ltr'><strong>controversiam</strong></span> <span class='ocrx_word' id='word_1_18' title='bbox 747 756 789 821; x_wconf 89' lang='lat' dir='ltr'><strong>de</strong></span> <span class='ocrx_word' id='word_1_19' title='bbox 822 755 1005 820; x_wconf 85' lang='lat' dir='ltr'><strong>canonibus</strong></span> <span class='ocrx_word' id='word_1_20' title='bbox 1029 756 1207 822; x_wconf 78' lang='lat' dir='ltr'><strong>Trullsnae</strong></span> 
     </span>
     <span class='ocr_line' id='line_1_4' title="bbox 91 850 1206 938; baseline 0.005 -26"><span class='ocrx_word' id='word_1_21' title='bbox 91 850 216 934; x_wconf 75' lang='lat' dir='ltr'><strong>synodi,</strong></span> <span class='ocrx_word' id='word_1_22' title='bbox 229 852 412 932; x_wconf 76' lang='lat' dir='ltr'><strong>Baronius,</strong></span> <span class='ocrx_word' id='word_1_23' title='bbox 437 851 514 918; x_wconf 83' lang='lat' dir='ltr'><strong>Chr.</strong></span> <span class='ocrx_word' id='word_1_24' title='bbox 538 853 669 937; x_wconf 81' lang='lat' dir='ltr'>Lupus,</span> <span class='ocrx_word' id='word_1_25' title='bbox 693 854 790 937; x_wconf 83' lang='lat' dir='ltr'>Pagi,</span> <span class='ocrx_word' id='word_1_26' title='bbox 814 852 939 938; x_wconf 85' lang='lat' dir='ltr'><strong>aliique</strong></span> <span class='ocrx_word' id='word_1_27' title='bbox 960 861 1110 918; x_wconf 74' lang='lat' dir='ltr'><strong>auctores</strong></span> <span class='ocrx_word' id='word_1_28' title='bbox 1134 877 1206 918; x_wconf 86' lang='lat' dir='ltr'><strong>cen·</strong></span> 
     </span>
     <span class='ocr_line' id='line_1_5' title="bbox 91 949 1208 1038; baseline 0.004 -26"><span class='ocrx_word' id='word_1_29' title='bbox 91 959 172 1031; x_wconf 85' lang='lat' dir='ltr'><strong>sent,</strong></span> <span class='ocrx_word' id='word_1_30' title='bbox 211 973 290 1014; x_wconf 89' lang='lat' dir='ltr'><strong>cum</strong></span> <span class='ocrx_word' id='word_1_31' title='bbox 325 949 415 1014; x_wconf 88' lang='lat' dir='ltr'><strong>nulls</strong></span> <span class='ocrx_word' id='word_1_32' title='bbox 448 950 501 1014; x_wconf 91' lang='lat' dir='ltr'><strong>his</strong></span> <span class='ocrx_word' id='word_1_33' title='bbox 533 951 737 1036; x_wconf 81' lang='lat' dir='ltr'><strong>temporibus</strong></span> <span class='ocrx_word' id='word_1_34' title='bbox 760 951 826 1016; x_wconf 87' lang='lat' dir='ltr'><strong>alia</strong></span> <span class='ocrx_word' id='word_1_35' title='bbox 855 951 1002 1038; x_wconf 76' lang='lat' dir='ltr'><strong>quaestio</strong></span> <span class='ocrx_word' id='word_1_36' title='bbox 1026 961 1208 1016; x_wconf 79' lang='lat' dir='ltr'><strong>verteretur</strong></span> 
     </span>
     <span class='ocr_line' id='line_1_6' title="bbox 90 1046 1206 1134; baseline 0.004 -24"><span class='ocrx_word' id='word_1_37' title='bbox 90 1047 170 1112; x_wconf 87' lang='lat' dir='ltr'><strong>inter</strong></span> <span class='ocrx_word' id='word_1_38' title='bbox 195 1046 382 1114; x_wconf 83' lang='lat' dir='ltr'><strong>Orientales</strong></span> <span class='ocrx_word' id='word_1_39' title='bbox 415 1058 447 1112; x_wconf 90' lang='lat' dir='ltr'><strong>et</strong></span> <span class='ocrx_word' id='word_1_40' title='bbox 470 1047 710 1114; x_wconf 78' lang='lat' dir='ltr'><strong>occidentales.</strong></span> <span class='ocrx_word' id='word_1_41' title='bbox 757 1050 796 1114; x_wconf 89' lang='lat' dir='ltr'><strong>Iu</strong></span> <span class='ocrx_word' id='word_1_42' title='bbox 820 1050 900 1114; x_wconf 85' lang='lat' dir='ltr'><strong>Vita</strong></span> <span class='ocrx_word' id='word_1_43' title='bbox 922 1048 1073 1134; x_wconf 67' lang='lat' dir='ltr'><strong>(iregorii</strong></span> <span class='ocrx_word' id='word_1_44' title='bbox 1096 1050 1130 1114; x_wconf 95' lang='lat' dir='ltr'><strong>II</strong></span> <span class='ocrx_word' id='word_1_45' title='bbox 1153 1050 1206 1114; x_wconf 88' lang='lat' dir='ltr'><strong>Li·</strong></span> 
     </span>
     <span class='ocr_line' id='line_1_7' title="bbox 90 1143 1206 1234; baseline 0.004 -26"><span class='ocrx_word' id='word_1_46' title='bbox 90 1143 144 1208; x_wconf 84' lang='lat' dir='ltr'><strong>ber</strong></span> <span class='ocrx_word' id='word_1_47' title='bbox 163 1143 374 1210; x_wconf 84' lang='lat' dir='ltr'><strong>Pontificalis</strong></span> <span class='ocrx_word' id='word_1_48' title='bbox 402 1145 485 1210; x_wconf 86' lang='lat' dir='ltr'><strong>haec</strong></span> <span class='ocrx_word' id='word_1_49' title='bbox 513 1145 629 1211; x_wconf 89' lang='lat' dir='ltr'><strong>habet:</strong></span> <span class='ocrx_word' id='word_1_50' title='bbox 666 1145 836 1234; x_wconf 74' lang='lat' dir='ltr'><strong>Greposim</strong></span> <span class='ocrx_word' id='word_1_51' title='bbox 858 1147 1042 1234; x_wconf 84' lang='lat' dir='ltr'><strong>(Romanae</strong></span> <span class='ocrx_word' id='word_1_52' title='bbox 1063 1156 1134 1212; x_wconf 89' lang='lat' dir='ltr'><strong>tum</strong></span> <span class='ocrx_word' id='word_1_53' title='bbox 1157 1169 1206 1212; x_wconf 88' lang='lat' dir='ltr'><strong>ec·</strong></span> 
     </span>
     <span class='ocr_line' id='line_1_8' title="bbox 89 1241 1207 1330; baseline 0.004 -24"><span class='ocrx_word' id='word_1_54' title='bbox 89 1241 206 1308; x_wconf 79' lang='lat' dir='ltr'><strong>clasiae</strong></span> <span class='ocrx_word' id='word_1_55' title='bbox 230 1243 424 1328; x_wconf 79' lang='lat' dir='ltr'><strong>diaccncus)</strong></span> <span class='ocrx_word' id='word_1_56' title='bbox 447 1267 516 1308; x_wconf 85' lang='lat' dir='ltr'><strong>enm</strong></span> <span class='ocrx_word' id='word_1_57' title='bbox 537 1248 605 1308; x_wconf 83' lang='lat' dir='ltr'><strong>uiro</strong></span> <span class='ocrx_word' id='word_1_58' title='bbox 628 1255 737 1317; x_wconf 84' lang='lat' dir='ltr'><strong>sancto</strong></span> <span class='ocrx_word' id='word_1_59' title='bbox 763 1243 969 1310; x_wconf 82' lang='lat' dir='ltr'><strong>Cmsstantino</strong></span> <span class='ocrx_word' id='word_1_60' title='bbox 992 1245 1141 1330; x_wconf 71' lang='lat' dir='ltr'><strong>Pontifiee</strong></span> <span class='ocrx_word' id='word_1_61' title='bbox 1163 1243 1207 1310; x_wconf 87' lang='lat' dir='ltr'><strong>ad</strong></span> 
     </span>
     <span class='ocr_line' id='line_1_9' title="bbox 88 1341 1206 1428; baseline 0.002 -24"><span class='ocrx_word' id='word_1_62' title='bbox 88 1344 207 1428; x_wconf 78' lang='lat' dir='ltr'><strong>repiam</strong></span> <span class='ocrx_word' id='word_1_63' title='bbox 224 1341 392 1428; x_wconf 80' lang='lat' dir='ltr'><strong>profectus</strong></span> <span class='ocrx_word' id='word_1_64' title='bbox 414 1351 461 1406; x_wconf 72' lang='lat' dir='ltr'><strong>est</strong></span> <span class='ocrx_word' id='word_1_65' title='bbox 482 1343 605 1420; x_wconf 71' lang='lat' dir='ltr'><strong>nedem,</strong></span> <span class='ocrx_word' id='word_1_66' title='bbox 631 1355 722 1428; x_wconf 81' lang='lat' dir='ltr'><strong>atque</strong></span> <span class='ocrx_word' id='word_1_67' title='bbox 745 1367 766 1407; x_wconf 90' lang='lat' dir='ltr'><strong>a</strong></span> <span class='ocrx_word' id='word_1_68' title='bbox 783 1343 971 1406; x_wconf 79' lang='lat' dir='ltr'><strong>Justiniano</strong></span> <span class='ocrx_word' id='word_1_69' title='bbox 989 1343 1138 1428; x_wconf 65' lang='lat' dir='ltr'><strong>princepe</strong></span> <span class='ocrx_word' id='word_1_70' title='bbox 1160 1345 1206 1407; x_wconf 86' lang='lat' dir='ltr'><strong>in·</strong></span> 
     </span>
     <span class='ocr_line' id='line_1_10' title="bbox 88 1439 1206 1528; baseline 0 -24"><span class='ocrx_word' id='word_1_71' title='bbox 88 1441 222 1524; x_wconf 67' lang='lat' dir='ltr'><strong>quatem</strong></span> <span class='ocrx_word' id='word_1_72' title='bbox 257 1440 295 1503; x_wconf 90' lang='lat' dir='ltr'><strong>de</strong></span> <span class='ocrx_word' id='word_1_73' title='bbox 325 1439 511 1525; x_wconf 78' lang='lat' dir='ltr'><strong>quibusdam</strong></span> <span class='ocrx_word' id='word_1_74' title='bbox 542 1440 707 1527; x_wconf 74' lang='lat' dir='ltr'><strong>eapinslis,</strong></span> <span class='ocrx_word' id='word_1_75' title='bbox 732 1443 852 1528; x_wconf 84' lang='lat' dir='ltr'><strong>optima</strong></span> <span class='ocrx_word' id='word_1_76' title='bbox 874 1442 1076 1527; x_wconf 65' lang='lat' dir='ltr'><strong>responsione</strong></span> <span class='ocrx_word' id='word_1_77' title='bbox 1099 1463 1206 1506; x_wconf 80' lang='lat' dir='ltr'><strong>anam</strong></span> 
     </span>
     <span class='ocr_line' id='line_1_11' title="bbox 87 1538 1206 1624; baseline 0.002 -24"><span class='ocrx_word' id='word_1_78' title='bbox 87 1559 238 1624; x_wconf 65' lang='lat' dir='ltr'><strong>manasse</strong></span> <span class='ocrx_word' id='word_1_79' title='bbox 270 1538 366 1602; x_wconf 81' lang='lat' dir='ltr'><strong>soluit</strong></span> <span class='ocrx_word' id='word_1_80' title='bbox 394 1540 613 1623; x_wconf 61' lang='lat' dir='ltr'><strong>messionem.</strong></span> <span class='ocrx_word' id='word_1_81' title='bbox 648 1575 692 1588; x_wconf 89' lang='lat'><em>-</em></span> <span class='ocrx_word' id='word_1_82' title='bbox 721 1539 926 1604; x_wconf 77' lang='lat' dir='ltr'><strong>Existimant</strong></span> <span class='ocrx_word' id='word_1_83' title='bbox 951 1540 1054 1622; x_wconf 81' lang='lat' dir='ltr'><strong>igitur</strong></span> <span class='ocrx_word' id='word_1_84' title='bbox 1075 1539 1206 1623; x_wconf 87' lang='lat' dir='ltr'><strong>eruditi,</strong></span> 
     </span>
     <span class='ocr_line' id='line_1_12' title="bbox 88 1633 1207 1702; baseline 0 -2"><span class='ocrx_word' id='word_1_85' title='bbox 88 1633 343 1702; x_wconf 86' lang='lat' dir='ltr'><strong>Constantinum</strong></span> <span class='ocrx_word' id='word_1_86' title='bbox 357 1635 553 1700; x_wconf 86' lang='lat' dir='ltr'><strong>Pontificem</strong></span> <span class='ocrx_word' id='word_1_87' title='bbox 577 1635 687 1700; x_wconf 88' lang='lat' dir='ltr'><strong>media</strong></span> <span class='ocrx_word' id='word_1_88' title='bbox 710 1639 936 1700; x_wconf 73' lang='lat' dir='ltr'><strong>visuensem</strong></span> <span class='ocrx_word' id='word_1_89' title='bbox 961 1637 1007 1700; x_wconf 88' lang='lat' dir='ltr'><strong>ita</strong></span> <span class='ocrx_word' id='word_1_90' title='bbox 1029 1657 1098 1700; x_wconf 88' lang='lat' dir='ltr'><strong>rem</strong></span> <span class='ocrx_word' id='word_1_91' title='bbox 1122 1658 1207 1700; x_wconf 87' lang='lat' dir='ltr'><strong>com-</strong></span> 
     </span>
     <span class='ocr_line' id='line_1_13' title="bbox 87 1733 1206 1819; baseline 0.001 -23"><span class='ocrx_word' id='word_1_92' title='bbox 87 1735 256 1817; x_wconf 87' lang='lat' dir='ltr'><strong>posuisse,</strong></span> <span class='ocrx_word' id='word_1_93' title='bbox 288 1743 325 1797; x_wconf 88' lang='lat' dir='ltr'><strong>ut</strong></span> <span class='ocrx_word' id='word_1_94' title='bbox 354 1743 481 1818; x_wconf 83' lang='lat' dir='ltr'><strong>partem</strong></span> <span class='ocrx_word' id='word_1_95' title='bbox 512 1755 677 1799; x_wconf 89' lang='lat' dir='ltr'><strong>canonum</strong></span> <span class='ocrx_word' id='word_1_96' title='bbox 700 1734 888 1798; x_wconf 84' lang='lat' dir='ltr'><strong>admitteret</strong></span> <span class='ocrx_word' id='word_1_97' title='bbox 916 1733 969 1798; x_wconf 88' lang='lat' dir='ltr'><strong>vel</strong></span> <span class='ocrx_word' id='word_1_98' title='bbox 999 1733 1206 1819; x_wconf 86' lang='lat' dir='ltr'><strong>approbaret,</strong></span> 
     </span>
     <span class='ocr_line' id='line_1_14' title="bbox 86 1829 1207 1916; baseline 0 -22"><span class='ocrx_word' id='word_1_99' title='bbox 86 1830 156 1894; x_wconf 85' lang='lat' dir='ltr'><strong>aliis</strong></span> <span class='ocrx_word' id='word_1_100' title='bbox 180 1833 345 1916; x_wconf 74' lang='lat' dir='ltr'><strong>sepositis.</strong></span> <span class='ocrx_word' id='word_1_101' title='bbox 393 1829 489 1896; x_wconf 83' lang='lat' dir='ltr'><strong>Certo</strong></span> <span class='ocrx_word' id='word_1_102' title='bbox 513 1831 609 1896; x_wconf 88' lang='lat' dir='ltr'><strong>nobis</strong></span> <span class='ocrx_word' id='word_1_103' title='bbox 633 1842 762 1897; x_wconf 86' lang='lat' dir='ltr'><strong>constat</strong></span> <span class='ocrx_word' id='word_1_104' title='bbox 784 1831 825 1896; x_wconf 90' lang='lat' dir='ltr'><strong>de</strong></span> <span class='ocrx_word' id='word_1_105' title='bbox 853 1833 1016 1895; x_wconf 88' lang='lat' dir='ltr'><strong>sententia</strong></span> <span class='ocrx_word' id='word_1_106' title='bbox 1038 1829 1207 1895; x_wconf 81' lang='lat' dir='ltr'><strong>Ecclesiae</strong></span> 
     </span>
     <span class='ocr_line' id='line_1_15' title="bbox 87 1928 1207 2016; baseline 0.002 -24"><span class='ocrx_word' id='word_1_107' title='bbox 87 1929 258 1993; x_wconf 83' lang='lat' dir='ltr'><strong>Romanae</strong></span> <span class='ocrx_word' id='word_1_108' title='bbox 281 1928 343 1993; x_wconf 88' lang='lat' dir='ltr'><strong>sub</strong></span> <span class='ocrx_word' id='word_1_109' title='bbox 368 1929 500 1994; x_wconf 86' lang='lat' dir='ltr'><strong>Joanne</strong></span> <span class='ocrx_word' id='word_1_110' title='bbox 524 1929 624 2010; x_wconf 80' lang='lat' dir='ltr'><strong>VIII,</strong></span> <span class='ocrx_word' id='word_1_111' title='bbox 648 1933 705 2016; x_wconf 90' lang='lat' dir='ltr'><strong>qui</strong></span> <span class='ocrx_word' id='word_1_112' title='bbox 729 1929 816 1994; x_wconf 89' lang='lat' dir='ltr'><strong>sedit</strong></span> <span class='ocrx_word' id='word_1_113' title='bbox 838 1929 880 1994; x_wconf 88' lang='lat' dir='ltr'><strong>ab</strong></span> <span class='ocrx_word' id='word_1_114' title='bbox 904 1951 990 1994; x_wconf 85' lang='lat' dir='ltr'><strong>anno</strong></span> <span class='ocrx_word' id='word_1_115' title='bbox 1016 1929 1080 1994; x_wconf 75' lang='lat'><strong>872</strong></span> <span class='ocrx_word' id='word_1_116' title='bbox 1103 1951 1207 2016; x_wconf 88' lang='lat' dir='ltr'><strong>usque</strong></span> 
     </span>
     <span class='ocr_line' id='line_1_16' title="bbox 86 2027 1207 2113; baseline 0.002 -23"><span class='ocrx_word' id='word_1_117' title='bbox 86 2027 127 2090; x_wconf 87' lang='lat' dir='ltr'><strong>ad</strong></span> <span class='ocrx_word' id='word_1_118' title='bbox 166 2047 296 2092; x_wconf 90' lang='lat' dir='ltr'><strong>annum</strong></span> <span class='ocrx_word' id='word_1_119' title='bbox 332 2027 408 2092; x_wconf 80' lang='lat'><strong>882.</strong></span> <span class='ocrx_word' id='word_1_120' title='bbox 463 2027 586 2094; x_wconf 75' lang='lat' dir='ltr'>Scribit</span> <span class='ocrx_word' id='word_1_121' title='bbox 620 2027 777 2092; x_wconf 88' lang='lat' dir='ltr'><strong>videlicet</strong></span> <span class='ocrx_word' id='word_1_122' title='bbox 811 2027 1008 2092; x_wconf 77' lang='lat' dir='ltr'><strong>Anastasius</strong></span> <span class='ocrx_word' id='word_1_123' title='bbox 1043 2031 1077 2092; x_wconf 92' lang='lat' dir='ltr'><strong>in</strong></span> <span class='ocrx_word' id='word_1_124' title='bbox 1116 2050 1207 2113; x_wconf 86' lang='lat' dir='ltr'><strong>prae-</strong></span> 
     </span>
     <span class='ocr_line' id='line_1_17' title="bbox 1 2123 1208 2209; baseline 0.002 -21"><span class='ocrx_word' id='word_1_125' title='bbox 1 2131 2 2136; x_wconf 76' lang='grc'>’</span> <span class='ocrx_word' id='word_1_126' title='bbox 85 2125 209 2190; x_wconf 78' lang='lat' dir='ltr'><strong>satione</strong></span> <span class='ocrx_word' id='word_1_127' title='bbox 234 2123 440 2190; x_wconf 77' lang='lat' dir='ltr'><strong>dedicatoria</strong></span> <span class='ocrx_word' id='word_1_128' title='bbox 463 2127 625 2190; x_wconf 84' lang='lat' dir='ltr'><strong>versionis</strong></span> <span class='ocrx_word' id='word_1_129' title='bbox 648 2125 808 2190; x_wconf 86' lang='lat' dir='ltr'><strong>Actorum</strong></span> <span class='ocrx_word' id='word_1_130' title='bbox 832 2125 950 2209; x_wconf 82' lang='lat' dir='ltr'><strong>synodi</strong></span> <span class='ocrx_word' id='word_1_131' title='bbox 975 2127 1208 2190; x_wconf 86' lang='lat' dir='ltr'><strong>oecumenicae</strong></span> 
     </span>
     <span class='ocr_line' id='line_1_18' title="bbox 86 2223 1209 2309; baseline 0.001 -21"><span class='ocrx_word' id='word_1_132' title='bbox 86 2225 267 2308; x_wconf 86' lang='lat' dir='ltr'><strong>septimae:</strong></span> <span class='ocrx_word' id='word_1_133' title='bbox 296 2223 386 2287; x_wconf 87' lang='lat' dir='ltr'><strong>Unde</strong></span> <span class='ocrx_word' id='word_1_134' title='bbox 399 2223 592 2309; x_wconf 78' lang='lat' dir='ltr'><strong>Apostolum</strong></span> <span class='ocrx_word' id='word_1_135' title='bbox 614 2235 714 2288; x_wconf 83' lang='lat' dir='ltr'><strong>oestro</strong></span> <span class='ocrx_word' id='word_1_136' title='bbox 738 2224 919 2287; x_wconf 74' lang='lat' dir='ltr'><strong>decernente</strong></span> <span class='ocrx_word' id='word_1_137' title='bbox 942 2245 1006 2286; x_wconf 84' lang='lat' dir='ltr'><strong>nan</strong></span> <span class='ocrx_word' id='word_1_138' title='bbox 1028 2223 1112 2287; x_wconf 85' lang='lat' dir='ltr'><strong>solos</strong></span> <span class='ocrx_word' id='word_1_139' title='bbox 1134 2223 1209 2290; x_wconf 83' lang='lat' dir='ltr'><strong>iiius</strong></span> 
     </span>
     <span class='ocr_line' id='line_1_19' title="bbox 87 2320 1209 2408; baseline 0 -22"><span class='ocrx_word' id='word_1_140' title='bbox 87 2323 320 2408; x_wconf 69' lang='lat' dir='ltr'><strong>quinquaqinta</strong></span> <span class='ocrx_word' id='word_1_141' title='bbox 338 2343 474 2385; x_wconf 73' lang='lat' dir='ltr'><strong>ennom</strong></span> <span class='ocrx_word' id='word_1_142' title='bbox 488 2320 698 2406; x_wconf 88' lang='lat' dir='ltr'><strong>(apostolicos</strong></span> <span class='ocrx_word' id='word_1_143' title='bbox 711 2321 783 2407; x_wconf 87' lang='lat' dir='ltr'><strong>jam</strong></span> <span class='ocrx_word' id='word_1_144' title='bbox 798 2322 981 2408; x_wconf 86' lang='lat' dir='ltr'><strong>antiquitus</strong></span> <span class='ocrx_word' id='word_1_145' title='bbox 1004 2320 1046 2386; x_wconf 88' lang='lat' dir='ltr'><strong>ab</strong></span> <span class='ocrx_word' id='word_1_146' title='bbox 1058 2321 1209 2386; x_wconf 80' lang='lat' dir='ltr'><strong>Ecclesia</strong></span> 
     </span>
     <span class='ocr_line' id='line_1_20' title="bbox 87 2417 1207 2505; baseline 0 -21"><span class='ocrx_word' id='word_1_147' title='bbox 87 2419 239 2484; x_wconf 85' lang='lat' dir='ltr'><strong>Romana</strong></span> <span class='ocrx_word' id='word_1_148' title='bbox 253 2417 419 2505; x_wconf 81' lang='lat' dir='ltr'><strong>receptos)</strong></span> <span class='ocrx_word' id='word_1_149' title='bbox 433 2419 575 2482; x_wconf 59' lang='lat' dir='ltr'><strong>&amp;alesia</strong></span> <span class='ocrx_word' id='word_1_150' title='bbox 597 2421 726 2505; x_wconf 70' lang='lat' dir='ltr'><strong>recipit,</strong></span> <span class='ocrx_word' id='word_1_151' title='bbox 743 2419 799 2482; x_wconf 84' lang='lat' dir='ltr'><strong>sed</strong></span> <span class='ocrx_word' id='word_1_152' title='bbox 818 2430 848 2482; x_wconf 84' lang='lat' dir='ltr'><strong>et</strong></span> <span class='ocrx_word' id='word_1_153' title='bbox 866 2441 970 2483; x_wconf 86' lang='lat' dir='ltr'><strong>omnes</strong></span> <span class='ocrx_word' id='word_1_154' title='bbox 991 2441 1106 2496; x_wconf 86' lang='lat' dir='ltr'><strong>eornm,</strong></span> <span class='ocrx_word' id='word_1_155' title='bbox 1125 2419 1207 2504; x_wconf 86' lang='lat' dir='ltr'>(RR.</span> 
     </span>
     <span class='ocr_line' id='line_1_21' title="bbox 88 2515 1209 2603; baseline 0.002 -23"><span class='ocrx_word' id='word_1_156' title='bbox 88 2516 305 2602; x_wconf 83' lang='lat' dir='ltr'><strong>Pontificum)</strong></span> <span class='ocrx_word' id='word_1_157' title='bbox 325 2527 433 2603; x_wconf 82' lang='lat' dir='ltr'><strong>utpote</strong></span> <span class='ocrx_word' id='word_1_158' title='bbox 448 2515 589 2602; x_wconf 78' lang='lat' dir='ltr'><strong>Spiritus</strong></span> <span class='ocrx_word' id='word_1_159' title='bbox 610 2519 713 2580; x_wconf 82' lang='lat' dir='ltr'><strong>saneti</strong></span> <span class='ocrx_word' id='word_1_160' title='bbox 732 2517 896 2594; x_wconf 75' lang='lat' dir='ltr'><strong>tabas-sim,</strong></span> <span class='ocrx_word' id='word_1_161' title='bbox 923 2519 999 2602; x_wconf 79' lang='lat' dir='ltr'><strong>qssin</strong></span> <span class='ocrx_word' id='word_1_162' title='bbox 1020 2529 1049 2582; x_wconf 90' lang='lat' dir='ltr'><strong>et</strong></span> <span class='ocrx_word' id='word_1_163' title='bbox 1072 2520 1209 2582; x_wconf 63' lang='lat' dir='ltr'><strong>ominium</strong></span> 
     </span>
     <span class='ocr_line' id='line_1_22' title="bbox 86 2613 1208 2701; baseline 0.004 -24"><span class='ocrx_word' id='word_1_164' title='bbox 86 2617 214 2680; x_wconf 85' lang='lat' dir='ltr'><strong>omnino</strong></span> <span class='ocrx_word' id='word_1_165' title='bbox 230 2613 447 2700; x_wconf 81' lang='lat' dir='ltr'><strong>probabilium</strong></span> <span class='ocrx_word' id='word_1_166' title='bbox 461 2614 592 2678; x_wconf 63' lang='lat' dir='ltr'><strong>Passim</strong></span> <span class='ocrx_word' id='word_1_167' title='bbox 611 2625 641 2677; x_wconf 84' lang='lat' dir='ltr'><strong>et</strong></span> <span class='ocrx_word' id='word_1_168' title='bbox 659 2625 842 2695; x_wconf 78' lang='lat' dir='ltr'><strong>sanatorum¹</strong></span> <span class='ocrx_word' id='word_1_169' title='bbox 856 2613 1066 2679; x_wconf 72' lang='lat' dir='ltr'><strong>Consiliorum</strong></span> <span class='ocrx_word' id='word_1_170' title='bbox 1082 2616 1208 2701; x_wconf 59' lang='lat' dir='ltr'><strong>reputas</strong></span> 
     </span>
     <span class='ocr_line' id='line_1_23' title="bbox 87 2711 1209 2797; baseline 0.002 -21"><span class='ocrx_word' id='word_1_171' title='bbox 87 2723 115 2776; x_wconf 86' lang='lat' dir='ltr'><strong>et</strong></span> <span class='ocrx_word' id='word_1_172' title='bbox 128 2713 347 2776; x_wconf 75' lang='lat' dir='ltr'><strong>institutiones</strong></span> <span class='ocrx_word' id='word_1_173' title='bbox 356 2712 510 2789; x_wconf 80' lang='lat' dir='ltr'><strong>admittit,</strong></span> <span class='ocrx_word' id='word_1_174' title='bbox 520 2711 598 2776; x_wconf 81' lang='lat' dir='ltr'><strong>ilias</strong></span> <span class='ocrx_word' id='word_1_175' title='bbox 607 2711 786 2791; x_wconf 69' lang='lat' dir='ltr'><strong>dumtaxat,</strong></span> <span class='ocrx_word' id='word_1_176' title='bbox 797 2735 875 2797; x_wconf 82' lang='lat' dir='ltr'><strong>qaae</strong></span> <span class='ocrx_word' id='word_1_177' title='bbox 886 2735 943 2776; x_wconf 83' lang='lat' dir='ltr'><strong>nee</strong></span> <span class='ocrx_word' id='word_1_178' title='bbox 954 2723 1057 2776; x_wconf 87' lang='lat' dir='ltr'><strong>rectae</strong></span> <span class='ocrx_word' id='word_1_179' title='bbox 1063 2714 1145 2796; x_wconf 84' lang='lat' dir='ltr'><strong>fidei</strong></span> <span class='ocrx_word' id='word_1_180' title='bbox 1153 2739 1209 2778; x_wconf 88' lang='lat' dir='ltr'><strong>nec</strong></span> 
     </span>
     <span class='ocr_line' id='line_1_24' title="bbox 83 2809 1207 2895; baseline 0.002 -21"><span class='ocrx_word' id='word_1_181' title='bbox 83 2811 196 2895; x_wconf 82' lang='lat' dir='ltr'><strong>probis</strong></span> <span class='ocrx_word' id='word_1_182' title='bbox 204 2810 345 2873; x_wconf 80' lang='lat' dir='ltr'><strong>nweibns</strong></span> <span class='ocrx_word' id='word_1_183' title='bbox 357 2809 497 2890; x_wconf 81' lang='lat' dir='ltr'><strong>obviant,</strong></span> <span class='ocrx_word' id='word_1_184' title='bbox 509 2811 567 2874; x_wconf 88' lang='lat' dir='ltr'><strong>sed</strong></span> <span class='ocrx_word' id='word_1_185' title='bbox 576 2833 632 2874; x_wconf 86' lang='lat' dir='ltr'><strong>nae</strong></span> <span class='ocrx_word' id='word_1_186' title='bbox 640 2809 731 2873; x_wconf 82' lang='lat' dir='ltr'><strong>Sedis</strong></span> <span class='ocrx_word' id='word_1_187' title='bbox 741 2811 904 2874; x_wconf 85' lang='lat' dir='ltr'><strong>Romanae</strong></span> <span class='ocrx_word' id='word_1_188' title='bbox 917 2810 1049 2874; x_wconf 80' lang='lat' dir='ltr'><strong>decretis</strong></span> <span class='ocrx_word' id='word_1_189' title='bbox 1058 2812 1102 2874; x_wconf 87' lang='lat' dir='ltr'><strong>ad</strong></span> <span class='ocrx_word' id='word_1_190' title='bbox 1110 2813 1207 2877; x_wconf 88' lang='lat' dir='ltr'><strong>modi-</strong></span> 
     </span>
     <span class='ocr_line' id='line_1_25' title="bbox 1 2899 1210 2994; baseline 0.002 -22"><span class='ocrx_word' id='word_1_191' title='bbox 1 2899 2 2902; x_wconf 24' lang='lat'><em>*</em></span> <span class='ocrx_word' id='word_1_192' title='bbox 88 2931 154 2972; x_wconf 82' lang='lat' dir='ltr'><strong>enm</strong></span> <span class='ocrx_word' id='word_1_193' title='bbox 185 2907 264 2993; x_wconf 80' lang='lat' dir='ltr'><strong>qnid</strong></span> <span class='ocrx_word' id='word_1_194' title='bbox 286 2907 453 2985; x_wconf 83' lang='lat' dir='ltr'><strong>resultant,</strong></span> <span class='ocrx_word' id='word_1_195' title='bbox 476 2911 531 2992; x_wconf 81' lang='lat' dir='ltr'><strong>qni</strong></span> <span class='ocrx_word' id='word_1_196' title='bbox 554 2909 665 2994; x_wconf 84' lang='lat' dir='ltr'><strong>potins</strong></span> <span class='ocrx_word' id='word_1_197' title='bbox 689 2907 907 2987; x_wconf 58' lang='lat' dir='ltr'><strong>mensarios,</strong></span> <span class='ocrx_word' id='word_1_198' title='bbox 941 2912 964 2974; x_wconf 88' lang='lat' dir='ltr'><strong>i.</strong></span> <span class='ocrx_word' id='word_1_199' title='bbox 989 2933 1013 2972; x_wconf 90' lang='lat' dir='ltr'><strong>e.</strong></span> <span class='ocrx_word' id='word_1_200' title='bbox 1038 2910 1210 2976; x_wconf 76' lang='lat' dir='ltr'><strong>haereticos</strong></span> 
     </span>
     <span class='ocr_line' id='line_1_26' title="bbox 86 3007 1207 3095; baseline 0.001 -25"><span class='ocrx_word' id='word_1_201' title='bbox 86 3016 235 3091; x_wconf 81' lang='lat' dir='ltr'><strong>potenter</strong></span> <span class='ocrx_word' id='word_1_202' title='bbox 256 3008 453 3092; x_wconf 74' lang='lat' dir='ltr'><strong>impnpnant.</strong></span> <span class='ocrx_word' id='word_1_203' title='bbox 500 3007 583 3092; x_wconf 80' lang='lat' dir='ltr'><strong>Erpa</strong></span> <span class='ocrx_word' id='word_1_204' title='bbox 607 3007 743 3090; x_wconf 77' lang='lat' dir='ltr'><strong>repulus,</strong></span> <span class='ocrx_word' id='word_1_205' title='bbox 767 3029 845 3092; x_wconf 73' lang='lat' dir='ltr'><strong>queas</strong></span> <span class='ocrx_word' id='word_1_206' title='bbox 863 3007 980 3070; x_wconf 78' lang='lat' dir='ltr'><strong>Graeci</strong></span> <span class='ocrx_word' id='word_1_207' title='bbox 1002 3031 1023 3070; x_wconf 88' lang='lat' dir='ltr'><strong>a</strong></span> <span class='ocrx_word' id='word_1_208' title='bbox 1046 3019 1139 3072; x_wconf 75' lang='lat' dir='ltr'><strong>sexta</strong></span> <span class='ocrx_word' id='word_1_209' title='bbox 1152 3008 1207 3095; x_wconf 71' lang='lat' dir='ltr'><strong>sy-</strong></span> 
     </span>
     <span class='ocr_line' id='line_1_27' title="bbox 89 3101 1204 3192; baseline 0.003 -24"><span class='ocrx_word' id='word_1_210' title='bbox 89 3105 170 3168; x_wconf 88' lang='lat' dir='ltr'><strong>nodo</strong></span> <span class='ocrx_word' id='word_1_211' title='bbox 175 3105 346 3190; x_wconf 74' lang='lat' dir='ltr'><strong>perbibent</strong></span> <span class='ocrx_word' id='word_1_212' title='bbox 359 3104 463 3168; x_wconf 82' lang='lat' dir='ltr'><strong>editas</strong></span> <span class='ocrx_word' id='word_1_213' title='bbox 473 3102 684 3190; x_wconf 83' lang='lat' dir='ltr'><strong>(Trullsnas),</strong></span> <span class='ocrx_word' id='word_1_214' title='bbox 695 3107 744 3168; x_wconf 85' lang='lat' dir='ltr'><strong>ita</strong></span> <span class='ocrx_word' id='word_1_215' title='bbox 757 3106 793 3168; x_wconf 90' lang='lat' dir='ltr'><strong>in</strong></span> <span class='ocrx_word' id='word_1_216' title='bbox 804 3105 861 3168; x_wconf 78' lang='lat' dir='ltr'><strong>itas</strong></span> <span class='ocrx_word' id='word_1_217' title='bbox 876 3101 1003 3191; x_wconf 79' lang='lat' dir='ltr'><strong>Synode</strong></span> <span class='ocrx_word' id='word_1_218' title='bbox 1012 3104 1106 3192; x_wconf 87' lang='lat' dir='ltr'>(VII)</span> <span class='ocrx_word' id='word_1_219' title='bbox 1115 3110 1204 3192; x_wconf 82' lang='lat' dir='ltr'><strong>prin</strong></span> 
     </span>
     <span class='ocr_line' id='line_1_28' title="bbox 1 3201 1208 3289; baseline 0 -21"><span class='ocrx_word' id='word_1_220' title='bbox 1 3261 2 3268; x_wconf 72' lang='grc'>,</span> <span class='ocrx_word' id='word_1_221' title='bbox 89 3203 204 3288; x_wconf 66' lang='lat' dir='ltr'><strong>cipalis</strong></span> <span class='ocrx_word' id='word_1_222' title='bbox 219 3201 316 3266; x_wconf 80' lang='lat' dir='ltr'><strong>Sedes</strong></span> <span class='ocrx_word' id='word_1_223' title='bbox 339 3202 495 3282; x_wconf 81' lang='lat' dir='ltr'><strong>admittit,</strong></span> <span class='ocrx_word' id='word_1_224' title='bbox 519 3211 555 3266; x_wconf 86' lang='lat' dir='ltr'><strong>at</strong></span> <span class='ocrx_word' id='word_1_225' title='bbox 575 3201 758 3266; x_wconf 68' lang='lat' dir='ltr'><strong>entonam</strong></span> <span class='ocrx_word' id='word_1_226' title='bbox 781 3225 821 3266; x_wconf 77' lang='lat' dir='ltr'><strong>ea</strong></span> <span class='ocrx_word' id='word_1_227' title='bbox 843 3204 892 3266; x_wconf 69' lang='lat' dir='ltr'><strong>tte</strong></span> <span class='ocrx_word' id='word_1_228' title='bbox 913 3201 1208 3289; x_wconf 82' lang='lat' dir='ltr'><strong>iliaerecipinntnr,</strong></span> 
     </span>
     <span class='ocr_line' id='line_1_29' title="bbox 89 3299 1209 3390; baseline 0.004 -28"><span class='ocrx_word' id='word_1_229' title='bbox 89 3323 167 3384; x_wconf 77' lang='lat' dir='ltr'><strong>qnae</strong></span> <span class='ocrx_word' id='word_1_230' title='bbox 186 3299 352 3386; x_wconf 76' lang='lat' dir='ltr'><strong>prioribsss</strong></span> <span class='ocrx_word' id='word_1_231' title='bbox 375 3300 547 3364; x_wconf 83' lang='lat' dir='ltr'><strong>canonibus</strong></span> <span class='ocrx_word' id='word_1_232' title='bbox 569 3299 619 3364; x_wconf 86' lang='lat' dir='ltr'><strong>uel</strong></span> <span class='ocrx_word' id='word_1_233' title='bbox 641 3301 774 3363; x_wconf 82' lang='lat' dir='ltr'><strong>decretis</strong></span> <span class='ocrx_word' id='word_1_234' title='bbox 801 3311 979 3365; x_wconf 77' lang='lat' dir='ltr'><strong>sanctornm</strong></span> <span class='ocrx_word' id='word_1_235' title='bbox 1004 3301 1095 3365; x_wconf 84' lang='lat' dir='ltr'><strong>Sedis</strong></span> <span class='ocrx_word' id='word_1_236' title='bbox 1118 3301 1209 3390; x_wconf 76' lang='lat' dir='ltr'><strong>hayus</strong></span> 
     </span>
     <span class='ocr_line' id='line_1_30' title="bbox 90 3393 1208 3484; baseline 0.003 -23"><span class='ocrx_word' id='word_1_237' title='bbox 90 3393 289 3484; x_wconf 66' lang='lat' dir='ltr'><strong>Pontificum,</strong></span> <span class='ocrx_word' id='word_1_238' title='bbox 321 3409 378 3462; x_wconf 74' lang='lat' dir='ltr'><strong>aest</strong></span> <span class='ocrx_word' id='word_1_239' title='bbox 412 3409 492 3462; x_wconf 83' lang='lat' dir='ltr'><strong>certe</strong></span> <span class='ocrx_word' id='word_1_240' title='bbox 527 3397 618 3462; x_wconf 83' lang='lat' dir='ltr'><strong>bonis</strong></span> <span class='ocrx_word' id='word_1_241' title='bbox 650 3398 788 3462; x_wconf 83' lang='lat' dir='ltr'><strong>moribus</strong></span> <span class='ocrx_word' id='word_1_242' title='bbox 821 3400 1024 3464; x_wconf 73' lang='lat' dir='ltr'><strong>inueniuntur</strong></span> <span class='ocrx_word' id='word_1_243' title='bbox 1046 3400 1208 3478; x_wconf 58' lang='lat' dir='ltr'><strong>moereas,</strong></span> 
     </span>
     <span class='ocr_line' id='line_1_31' title="bbox 1 3497 1208 3582; baseline 0.002 -23"><span class='ocrx_word' id='word_1_244' title='bbox 1 3533 2 3548; x_wconf 35' lang='grc' dir='ltr'><strong>κ</strong></span> <span class='ocrx_word' id='word_1_245' title='bbox 90 3501 229 3582; x_wconf 65' lang='lat' dir='ltr'><strong>meamne</strong></span> <span class='ocrx_word' id='word_1_246' title='bbox 251 3519 357 3560; x_wconf 90' lang='lat' dir='ltr'><strong>omnes</strong></span> <span class='ocrx_word' id='word_1_247' title='bbox 379 3497 525 3560; x_wconf 70' lang='lat' dir='ltr'><strong>bactensis</strong></span> <span class='ocrx_word' id='word_1_248' title='bbox 549 3519 589 3560; x_wconf 79' lang='lat' dir='ltr'><strong>em</strong></span> <span class='ocrx_word' id='word_1_249' title='bbox 624 3505 688 3560; x_wconf 87' lang='lat' dir='ltr'><strong>tota</strong></span> <span class='ocrx_word' id='word_1_250' title='bbox 723 3507 872 3560; x_wconf 86' lang='lat' dir='ltr'><strong>maneant</strong></span> <span class='ocrx_word' id='word_1_251' title='bbox 895 3497 982 3582; x_wconf 83' lang='lat' dir='ltr'><strong>apud</strong></span> <span class='ocrx_word' id='word_1_252' title='bbox 1006 3497 1138 3561; x_wconf 77' lang='lat' dir='ltr'><strong>Latiam</strong></span> <span class='ocrx_word' id='word_1_253' title='bbox 1160 3500 1208 3562; x_wconf 87' lang='lat' dir='ltr'><strong>in·</strong></span> 
     </span>
     <span class='ocr_line' id='line_1_32' title="bbox 91 3595 1209 3680; baseline 0 -22"><span class='ocrx_word' id='word_1_254' title='bbox 91 3598 248 3680; x_wconf 73' lang='lat' dir='ltr'><strong>capnitae,</strong></span> <span class='ocrx_word' id='word_1_255' title='bbox 273 3597 349 3680; x_wconf 72' lang='lat' dir='ltr'><strong>puin</strong></span> <span class='ocrx_word' id='word_1_256' title='bbox 370 3617 427 3658; x_wconf 84' lang='lat' dir='ltr'><strong>neo</strong></span> <span class='ocrx_word' id='word_1_257' title='bbox 448 3596 689 3679; x_wconf 77' lang='lat' dir='ltr'><strong>interpretatae,</strong></span> <span class='ocrx_word' id='word_1_258' title='bbox 717 3595 772 3658; x_wconf 87' lang='lat' dir='ltr'><strong>sed</strong></span> <span class='ocrx_word' id='word_1_259' title='bbox 800 3615 856 3658; x_wconf 84' lang='lat' dir='ltr'><strong>nee</strong></span> <span class='ocrx_word' id='word_1_260' title='bbox 879 3596 914 3658; x_wconf 89' lang='lat' dir='ltr'><strong>in</strong></span> <span class='ocrx_word' id='word_1_261' title='bbox 937 3605 1130 3659; x_wconf 71' lang='lat' dir='ltr'><strong>caeteras-am</strong></span> <span class='ocrx_word' id='word_1_262' title='bbox 1150 3619 1209 3680; x_wconf 85' lang='lat' dir='ltr'><strong>pa·</strong></span> 
     </span>
     <span class='ocr_line' id='line_1_33' title="bbox 93 3691 1210 3778; baseline -0.001 -22"><span class='ocrx_word' id='word_1_263' title='bbox 93 3693 308 3758; x_wconf 74' lang='lat' dir='ltr'><strong>tsiardsaiium</strong></span> <span class='ocrx_word' id='word_1_264' title='bbox 330 3692 450 3758; x_wconf 83' lang='lat' dir='ltr'><strong>sedium</strong></span> <span class='ocrx_word' id='word_1_265' title='bbox 473 3691 545 3756; x_wconf 83' lang='lat' dir='ltr'><strong>lieet</strong></span> <span class='ocrx_word' id='word_1_266' title='bbox 567 3715 682 3778; x_wconf 60' lang='lat' dir='ltr'><strong>paean</strong></span> <span class='ocrx_word' id='word_1_267' title='bbox 715 3703 848 3756; x_wconf 80' lang='lat' dir='ltr'><strong>utantur</strong></span> <span class='ocrx_word' id='word_1_268' title='bbox 875 3692 985 3777; x_wconf 69' lang='lat' dir='ltr'><strong>linqua</strong></span> <span class='ocrx_word' id='word_1_269' title='bbox 1006 3695 1210 3778; x_wconf 83' lang='lat' dir='ltr'><strong>reperiantur</strong></span> 
     </span>
     <span class='ocr_line' id='line_1_34' title="bbox 94 3787 1209 3876; baseline -0.002 -20"><span class='ocrx_word' id='word_1_270' title='bbox 94 3793 238 3870; x_wconf 72' lang='lat' dir='ltr'><strong>uredinis,</strong></span> <span class='ocrx_word' id='word_1_271' title='bbox 253 3792 415 3868; x_wconf 66' lang='lat' dir='ltr'><strong>nimiunn,</strong></span> <span class='ocrx_word' id='word_1_272' title='bbox 431 3791 507 3875; x_wconf 79' lang='lat' dir='ltr'><strong>qnia</strong></span> <span class='ocrx_word' id='word_1_273' title='bbox 524 3787 616 3855; x_wconf 84' lang='lat' dir='ltr'><strong>nulia</strong></span> <span class='ocrx_word' id='word_1_274' title='bbox 630 3813 748 3869; x_wconf 83' lang='lat' dir='ltr'><strong>aarum,</strong></span> <span class='ocrx_word' id='word_1_275' title='bbox 768 3811 837 3854; x_wconf 84' lang='lat' dir='ltr'><strong>cnm</strong></span> <span class='ocrx_word' id='word_1_276' title='bbox 860 3789 1034 3870; x_wconf 80' lang='lat' dir='ltr'><strong>ederentur,</strong></span> <span class='ocrx_word' id='word_1_277' title='bbox 1059 3801 1116 3854; x_wconf 88' lang='lat' dir='ltr'><strong>aut</strong></span> <span class='ocrx_word' id='word_1_278' title='bbox 1132 3812 1209 3876; x_wconf 84' lang='lat' dir='ltr'><strong>pro-</strong></span> 
     </span>
     <span class='ocr_line' id='line_1_35' title="bbox 1 3887 1142 3976; baseline 0.002 -26"><span class='ocrx_word' id='word_1_279' title='bbox 1 3893 2 3950; x_wconf 67' lang='lat' dir='ltr'><strong>i</strong></span> <span class='ocrx_word' id='word_1_280' title='bbox 95 3889 231 3976; x_wconf 73' lang='lat' dir='ltr'><strong>nuiqans</strong></span> <span class='ocrx_word' id='word_1_281' title='bbox 255 3899 312 3953; x_wconf 87' lang='lat' dir='ltr'><strong>ant</strong></span> <span class='ocrx_word' id='word_1_282' title='bbox 333 3889 528 3952; x_wconf 79' lang='lat' dir='ltr'><strong>mnsentiens</strong></span> <span class='ocrx_word' id='word_1_283' title='bbox 551 3898 607 3952; x_wconf 85' lang='lat' dir='ltr'><strong>ant</strong></span> <span class='ocrx_word' id='word_1_284' title='bbox 629 3887 741 3952; x_wconf 84' lang='lat' dir='ltr'><strong>saitem</strong></span> <span class='ocrx_word' id='word_1_285' title='bbox 758 3909 913 3973; x_wconf 84' lang='lat' dir='ltr'><strong>praesens</strong></span> <span class='ocrx_word' id='word_1_286' title='bbox 935 3890 1065 3954; x_wconf 86' lang='lat' dir='ltr'><strong>invento</strong></span> <span class='ocrx_word' id='word_1_287' title='bbox 1087 3899 1142 3953; x_wconf 86' lang='lat' dir='ltr'><strong>est.</strong></span> 
     </span>
     <span class='ocr_line' id='line_1_36' title="bbox 179 3984 1208 4071; baseline -0.003 -21"><span class='ocrx_word' id='word_1_288' title='bbox 179 3987 230 4052; x_wconf 82' lang='lat'><strong>12.</strong></span> <span class='ocrx_word' id='word_1_289' title='bbox 254 3985 309 4050; x_wconf 84' lang='lat' dir='ltr'><strong>Ex</strong></span> <span class='ocrx_word' id='word_1_290' title='bbox 343 3985 433 4050; x_wconf 85' lang='lat' dir='ltr'><strong>hisce</strong></span> <span class='ocrx_word' id='word_1_291' title='bbox 465 3985 631 4068; x_wconf 84' lang='lat' dir='ltr'><strong>videmus,</strong></span> <span class='ocrx_word' id='word_1_292' title='bbox 668 3984 776 4071; x_wconf 79' lang='lat' dir='ltr'><strong>qualis</strong></span> <span class='ocrx_word' id='word_1_293' title='bbox 808 3994 887 4048; x_wconf 89' lang='lat' dir='ltr'><strong>tunc</strong></span> <span class='ocrx_word' id='word_1_294' title='bbox 921 3985 1021 4048; x_wconf 83' lang='lat' dir='ltr'><strong>fuerit</strong></span> <span class='ocrx_word' id='word_1_295' title='bbox 1045 3986 1208 4050; x_wconf 85' lang='lat' dir='ltr'><strong>sententia</strong></span> 
     </span>
    </p>
   </div>
   <div class='ocr_carea' id='block_1_3' title="bbox 1 4081 1210 4364">
    <p class='ocr_par' dir='ltr' id='par_1_3' title="bbox 1 4081 1210 4364">
     <span class='ocr_line' id='line_1_37' title="bbox 96 4081 1208 4170; baseline -0.003 -21"><span class='ocrx_word' id='word_1_296' title='bbox 96 4083 183 4150; x_wconf 84' lang='lat' dir='ltr'><strong>Sedis</strong></span> <span class='ocrx_word' id='word_1_297' title='bbox 205 4085 375 4148; x_wconf 87' lang='lat' dir='ltr'><strong>Romanae</strong></span> <span class='ocrx_word' id='word_1_298' title='bbox 409 4083 519 4170; x_wconf 88' lang='lat' dir='ltr'><strong>quoad</strong></span> <span class='ocrx_word' id='word_1_299' title='bbox 551 4105 695 4148; x_wconf 88' lang='lat' dir='ltr'><strong>canones</strong></span> <span class='ocrx_word' id='word_1_300' title='bbox 725 4083 856 4148; x_wconf 89' lang='lat' dir='ltr'><strong>concilii</strong></span> <span class='ocrx_word' id='word_1_301' title='bbox 889 4081 1049 4148; x_wconf 81' lang='lat' dir='ltr'><strong>Trullani.</strong></span> <span class='ocrx_word' id='word_1_302' title='bbox 1096 4082 1208 4146; x_wconf 91' lang='lat' dir='ltr'><strong>Minus</strong></span> 
     </span>
     <span class='ocr_line' id='line_1_38' title="bbox 96 4179 1208 4268; baseline -0.003 -22"><span class='ocrx_word' id='word_1_303' title='bbox 96 4182 176 4247; x_wconf 82' lang='lat' dir='ltr'><strong>clare</strong></span> <span class='ocrx_word' id='word_1_304' title='bbox 199 4181 393 4248; x_wconf 84' lang='lat' dir='ltr'><strong>Hadrianus</strong></span> <span class='ocrx_word' id='word_1_305' title='bbox 426 4181 442 4246; x_wconf 95' lang='grc' dir='ltr'>Ι</span> <span class='ocrx_word' id='word_1_306' title='bbox 472 4182 544 4268; x_wconf 91' lang='lat' dir='ltr'><strong>jam</strong></span> <span class='ocrx_word' id='word_1_307' title='bbox 568 4179 698 4248; x_wconf 89' lang='lat' dir='ltr'><strong>saeculo</strong></span> <span class='ocrx_word' id='word_1_308' title='bbox 734 4180 952 4268; x_wconf 88' lang='lat' dir='ltr'><strong>praecedente</strong></span> <span class='ocrx_word' id='word_1_309' title='bbox 976 4179 1142 4244; x_wconf 87' lang='lat' dir='ltr'><strong>scribebat</strong></span> <span class='ocrx_word' id='word_1_310' title='bbox 1164 4179 1208 4244; x_wconf 91' lang='lat' dir='ltr'><strong>ad</strong></span> 
     </span>
     <span class='ocr_line' id='line_1_39' title="bbox 1 4277 1210 4364; baseline -0.003 -20"><span class='ocrx_word' id='word_1_311' title='bbox 1 4287 2 4290; x_wconf 75' lang='grc'>’</span> <span class='ocrx_word' id='word_1_312' title='bbox 100 4279 278 4346; x_wconf 87' lang='lat' dir='ltr'><strong>Concilium</strong></span> <span class='ocrx_word' id='word_1_313' title='bbox 302 4281 551 4344; x_wconf 85' lang='lat' dir='ltr'><strong>oecumenicum</strong></span> <span class='ocrx_word' id='word_1_314' title='bbox 576 4280 640 4344; x_wconf 92' lang='lat' dir='ltr'><strong>VII</strong></span> <span class='ocrx_word' id='word_1_315' title='bbox 653 4303 661 4344; x_wconf 74' lang='lat' dir='ltr'><em>z</em></span> <span class='ocrx_word' id='word_1_316' title='bbox 701 4280 813 4343; x_wconf 86' lang='lat' dir='ltr'><strong>Omnes</strong></span> <span class='ocrx_word' id='word_1_317' title='bbox 836 4289 964 4344; x_wconf 81' lang='lat' dir='ltr'><strong>sanatas</strong></span> <span class='ocrx_word' id='word_1_318' title='bbox 986 4301 1042 4342; x_wconf 80' lang='lat' dir='ltr'><strong>sem</strong></span> <span class='ocrx_word' id='word_1_319' title='bbox 1065 4277 1210 4364; x_wconf 65' lang='lat' dir='ltr'><strong>Synoem</strong></span> 
     </span>
    </p>
   </div>
   <div class='ocr_carea' id='block_1_4' title="bbox 0 0 1506 4836">
    <p class='ocr_par' dir='ltr' id='par_1_4' title="bbox 0 0 1506 4836">
     <span class='ocr_line' id='line_1_40' title="bbox 0 0 1506 4836; baseline 0 0"><span class='ocrx_word' id='word_1_320' title='bbox 0 0 1506 4836; x_wconf 95' lang='lat' dir='ltr'><strong> </strong></span> 
     </span>
    </p>
   </div>
  </div>
 </body>
</html>
