2922 4832
415 497 623 553 Dissertatiouis
641 497 751 554 indoles
1094 503 1142 556 ist

49 637 192 704 difficilior
214 639 278 704 fuit
300 637 384 703 haec
412 639 519 724 lucta,
552 641 641 726 qnod
664 641 799 727 plurimi
825 641 991 708 obstinata
1021 648 1142 711 tenaci·

48 747 99 799 tate
119 737 407 802 consuetudinibus
429 741 542 824 pravis
558 737 688 804 illorum
711 750 896 825 temporum
920 741 1140 826 inhaererent,
1150 745 1311 790 ΜΝ*

46 835 98 898 imo
130 857 169 900 ex
204 834 257 899 his
294 838 379 900 varii
413 838 465 902 sin
500 839 610 900 miuus
646 836 712 900 fide
753 836 857 920 bona,
898 838 1013 904 saltem
1053 839 1141 904 infir·
1183 808 1273 852 ’Μ’

47 934 140 996 mitate
162 933 307 998 humana
329 935 563 1020 potiusquam
587 956 743 1020 perversa
767 934 945 1016 voluntate,
970 959 1048 1001 usus
1070 937 1142 1002 illos

46 1027 136 1094 licitos
156 1053 225 1094 esse
250 1029 498 1097 contenderent.
528 1031 667 1120 Aliquot
690 1034 791 1097 etiam
809 1035 977 1118 praesules
1001 1045 1141 1100 caetero·

44 1127 109 1210 quin
131 1127 169 1192 de
193 1129 361 1214 religionis
383 1128 470 1194 bono
495 1129 637 1211 solliciti,
661 1129 752 1194 haud
775 1132 838 1194 visi
867 1142 944 1196 sunt
966 1131 1064 1218 plene
1088 1157 1141 1218 ag·

41 1246 156 1291 noscere
180 1226 404 1292 characterem
435 1229 656 1314 perniciosum
689 1250 816 1292 morum
840 1230 897 1314 qui
926 1228 1141 1296 christianam

42 1324 211 1388 societatem
234 1335 468 1411 pervaserant,
501 1325 653 1411 adeoque
676 1327 710 1389 in
741 1324 901 1390 abusibus
923 1329 1141 1412 reprimendis

40 1421 118 1485 initio
132 1421 263 1487 desides
277 1444 311 1486 se
332 1421 556 1490 ostenderunt.
584 1423 759 1508 Principes
781 1445 859 1488 vero
870 1423 949 1510 jura
972 1446 1031 1489 sua
1054 1425 1140 1491 laedi

40 1521 208 1604 conquesti,
240 1541 320 1584 mox
347 1519 472 1586 bellum
502 1531 598 1586 atrox
628 1523 663 1586 in
687 1521 864 1586 Pontifices
887 1521 1052 1586 Romanos
1076 1545 1141 1588 mo·

38 1628 149 1698 rerunt,
173 1619 209 1681 in
242 1639 385 1703 suasque
407 1628 517 1704 partes
545 1620 655 1683 varios
687 1617 855 1703 praesules
886 1627 1069 1702 attraxere,
1101 1643 1141 1686 ao

38 1711 201 1780 schismata
224 1715 297 1780 dira
320 1717 356 1781 in
378 1715 529 1780 Ecclesia
553 1719 807 1783 suscitaverunt.
831 1715 897 1781 Sed
921 1715 1004 1782 haec
1026 1721 1141 1804 paucis

39 1811 227 1895 praelibasse
250 1813 404 1881 sufficiat.

106 1965 136 2033 5.
159 1963 221 2030 Sat
244 1975 358 2030 notum
381 1959 439 2050 e'st,
464 1986 629 2052 quaenam
652 1965 775 2031 fuerint
791 1965 878 2030 mala
901 1966 966 2050 ills,
990 1967 1032 2032 ob
1056 1991 1141 2055 qnae

33 2063 149 2128 saeculo
183 2061 362 2128 undecimo
400 2062 652 2150 periclitabatur
687 2061 848 2129 Ecclesia.
907 2065 1142 2131 Inoostnnerstia

31 2157 204 2225 clericorum
231 2183 317 2247 quae
348 2162 451 2226 variis
481 2163 516 2225 in
541 2160 731 2244 regionibus
756 2161 958 2242 invaluerat,
989 2164 1141 2227 amonica

31 2253 106 2322 lobes
128 2258 289 2323 latissime
312 2269 510 2344 propagata,
541 2268 573 2323 et
604 2261 766 2344 oppressio
796 2259 953 2324 libertatis
981 2259 1140 2325 Ecclesiae

30 2375 82 2438 per
103 2359 293 2443 principum
324 2366 539 2444 potestatum,
571 2358 687 2419 merito
717 2368 930 2422 recensentur
958 2367 995 2421 ut
1016 2361 1140 2443 gravis·

29 2455 176 2520 simorum
202 2453 363 2520 malorum
385 2453 474 2519 illius
496 2457 655 2539 temporis
670 2454 787 2520 fontes.
822 2457 875 2518 De
898 2453 950 2518 his
974 2454 1140 2540 capitibus

27 2551 185 2632 igiturex
209 2552 325 2617 ordine
349 2551 446 2618 nobis
468 2552 646 2638 agendum.

105 2693 259 2759 Conferri
282 2705 421 2780 possunt
443 2693 553 2781 quoad
575 2693 636 2758 has
660 2695 884 2780 quaestiones:
916 2692 1052 2756 Beronii
1076 2693 1141 2758 Ao·
1170 2713 1289 2766 sensam

25 2791 114 2870 uoles,
140 2791 308 2857 Saeculum
321 2793 526 2872 andecimum,
551 2816 619 2857 com
645 2791 765 2857 Critiae
787 2791 899 2878 Popii;
921 2791 1015 2875 Pagii
1032 2791 1139 2854 Brevi·
1163 2776 1296 2820 mmm

25 2891 119 2953 mium
143 2901 214 2969 etc,
248 2891 412 2976 Pontifices
444 2889 572 2955 Succidi
599 2891 775 2970 ιιπᾶοσίτηίῑ
805 2888 1013 2970 Watterioh,
1050 2889 1139 2953 Vitae

26 2989 90 3052 RB.
122 2989 311 3073 Pontificum
343 2991 428 3054 Tem.
460 2989 496 3069 I;
530 2986 679 3053 Ratherii
703 2989 904 3053 Veronensis
932 2988 1038 3074 Opera
1060 2986 1138 3074 (Ed.

24 3083 191 3151 Ballerinii
223 3087 340 3151 fratres
363 3087 517 3151 Veronae
549 3109 579 3152 a.
606 3087 723 3168 1765),
758 3085 891 3149 Attonis
920 3083 1139 3150 Vercellensis

26 3183 128 3268 Opera
153 3184 328 3270 (Vercellis
352 3207 382 3249 a.
410 3183 526 3271 1768);
560 3183 593 3250 S.
618 3183 707 3248 Petri
732 3183 890 3248 Damiani
918 3183 1025 3269 Opera
1047 3182 1139 3270 (Bas

22 3283 87 3344 sani
127 3281 243 3362 1783);
282 3281 314 3348 J.
338 3279 610 3364 Kleinermanns,
646 3281 714 3344 Der
745 3281 787 3345 bl.
823 3281 935 3344 Petras
971 3280 1137 3358 Damiooi,

21 3377 108 3464 Steyl
136 3379 240 3462 18823
272 3379 399 3464 Helela,
428 3379 518 3445 Cone.
547 3379 653 3445 Gescb.
683 3379 721 3443 Β.
750 3379 772 3442 I
778 3379 808 3443 V.
839 3379 890 3458 V.,·
913 3379 1060 3463 Beitrs'tpe
1082 3401 1139 3441 aar

20 3477 323 3563 Kircltenpssebiolste
355 3489 410 3543 etc.
443 3479 469 3543 I.
502 3482 540 3544 5:
572 3478 635 3542 Die
666 3473 883 3562 Enttoiclclanp
912 3475 967 3540 des
998 3472 1139 3539 Celihats

19 3587 89 3656 ete.,·
114 3576 264 3658 Gfrbrer,
288 3577 388 3662 Papst
407 3574 579 3660 Greporius
598 3576 663 3639 VII
673 3575 740 3639 aad
757 3577 825 3639 sein
839 3572 999 3651 Zeitnlter,
1015 3573 1054 3636 B.
1074 3573 1138 3653 Vl.,

19 3672 262 3737 b'ohaffhausen
288 3673 390 3757 18613
423 3673 548 3754 Hbfler,
572 3674 635 3737 Dis
659 3674 824 3737 deutschen
848 3673 973 3758 Pdpste,
997 3669 1139 3755 Regens·

17 3752 100 3856 urg
135 3771 241 3852 1839;
274 3770 385 3857 voigi,
419 3771 628 3836 arissam
660 3771 737 3835 oser
769 3771 870 3858 Papa
909 3767 1030 3854 oreqor
1067 3767 1137 3844 vri,

18 3867 180 3948 (Historia
213 3869 258 3933 dn
288 3871 378 3955 Pape
411 3867 569 3954 Gregoire
601 3869 668 3935 VH
700 3879 762 3934 etc.
795 3868 920 3933 traduit
953 3889 1014 3952 pur
1035 3863 1138 3950 Jager

17 3966 191 4032 Bruxelles
225 3968 342 4050 1839);
382 3965 627 4032 Mbhler-Gams
671 3965 976 4053 Kirclteoqesebicltte
1009 3963 1047 4028 B.
1082 3964 1138 4047 IL,

16 4065 176 4146 (Histoire
200 4065 242 4130 de
264 4064 396 4152 l'Eglise
420 4077 482 4131 etc.
498 4066 641 4130 traduite
665 4087 726 4150 par
740 4064 776 4129 P.
792 4063 898 4145 Belet,
921 4063 960 4127 T.
983 4061 1028 4144 11,
1044 4060 1138 4125 Paris

17 4165 136 4244 1868);
162 4163 201 4227 F.
224 4161 360 4245 Laurin,
384 4164 453 4227 Der
470 4161 595 4228 oolibae
618 4161 676 4226 der
694 4160 893 4239 Geistlicleeo,
918 4157 1137 4242 Wien18803

15 4260 240 4342 Thomassini,
271 4261 362 4327 Vetus
385 4272 415 4325 et
436 4283 519 4326 noea
534 4260 694 4326 Ecclesim
717 4259 890 4346 disciplina
913 4258 949 4324 P.
974 4258 1017 4321 ll.
1043 4257 1078 4321 L.
1093 4257 1136 4321 II.
