2932 4836
323 488 366 544 De
382 487 569 544 Demetalibos
587 489 870 544 Pseudo-isidorianis.
1107 493 1160 546 ast

58 633 164 716 agendi
194 641 459 717 attemperarent
506 629 573 696 Sed
603 653 674 698 rem
707 653 750 698 ex
773 635 920 718 priorum
952 634 1159 700 saeculorum

58 730 178 794 historia
198 727 368 816 paulisper
389 729 599 794 illustremus.

137 829 184 894 76.
205 829 328 913 Magno
353 829 467 910 vigore
491 849 516 890 s.
532 825 700 892 Victorem
724 828 759 892 in
783 830 1007 894 oontmversia
1023 828 1064 892 de
1079 829 1160 894 cele·
1176 835 1325 908 *wem

58 925 168 992 brando
183 924 359 1009 Paschste,
383 935 415 988 et
438 947 463 989 s.
479 922 685 1009 Stephanum
708 925 744 988 in
767 924 824 990 lite
850 925 891 989 de
912 925 1160 1012 rebaptizandis
1227 907 1279 940 Μ’

57 1023 213 1088 haereticis
236 1045 333 1088 suam
356 1024 585 1088 auctoritatem
610 1024 807 1101 exercuisse,
832 1044 928 1088 nemo
948 1032 997 1088 est
1019 1025 1078 1110 qui
1093 1045 1161 1088 non

57 1123 178 1186 noverit
225 1120 437 1206 Synodorum
460 1118 562 1184 Asiae
583 1118 761 1184 Africaeve
786 1120 933 1202 decreta,
965 1121 1161 1207 disciplinae

55 1231 149 1284 roche
176 1220 232 1284 vel
263 1219 344 1286 fidei
368 1219 537 1304 opposita,
569 1238 610 1282 ea
632 1219 804 1282 occasione
828 1218 1007 1284 Pontifices
1030 1221 1161 1306 penitus

55 1318 235 1403 rejecerunt.
258 1353 304 1364 -
326 1315 491 1401 Exempla
515 1315 775 1401 appellationum
791 1337 834 1381 ex
847 1317 1022 1402 Hispania,
1046 1316 1161 1384 Africa

53 1425 81 1478 et
100 1414 203 1480 Gallia
227 1414 338 1480 medio
362 1412 494 1478 saeculo
518 1415 732 1478 tertionaria
756 1424 948 1496 occurrunt,
979 1416 1026 1480 ita
1050 1423 1087 1478 ut
1104 1415 1161 1501 jus

53 1513 300 1598 appellationum
322 1533 365 1576 ex
387 1513 461 1596 ipsa
483 1512 646 1596 primatiis
666 1523 785 1576 nature
801 1512 986 1594 dimanans,
1011 1515 1160 1597 agnitum

55 1611 245 1690 inveniann,
286 1619 395 1676 certus
426 1619 538 1675 autem
572 1609 689 1674 modus
720 1631 761 1674 ac
796 1609 1016 1676 determinata
1047 1610 1161 1695 regula

54 1709 159 1794 egendi
182 1709 333 1776 nondum
353 1705 549 1772 existebant
568 1745 612 1754 —
631 1705 853 1772 Celeberrima
876 1729 972 1794 porro
991 1718 1041 1773 est
1061 1731 1161 1776 causa

53 1827 74 1870 a
87 1805 256 1872 Athanasii
281 1815 428 1890 tempore
444 1803 529 1870 Julii
544 1804 562 1870 1
584 1804 791 1892 (336-352)
814 1815 916 1890 gesta.
962 1804 1018 1871 Ad
1031 1804 1161 1872 Julium

55 1905 200 1970 nunant
222 1903 349 1988 lagatos
372 1901 572 1985 Eusebiani,
601 1902 719 1968 Ariani
743 1905 907 1990 episcopi,
940 1914 977 1968 nt
1000 1905 1160 1990 depositio

54 1999 128 2065 illius
157 2001 201 2068 ab
229 2002 311 2087 ipsis
340 2010 478 2088 peracta
501 2000 768 2082 confirmaretur3
804 2001 862 2066 sed
894 2003 938 2067 ad
965 2002 1161 2068 Pontificem

53 2101 138 2164 etiam
160 2099 346 2186 appellavit
359 2099 574 2164 Athanasius.
621 2098 886 2164 Eusebianorum
910 2099 1044 2185 quidem
1060 2098 1161 2184 legati

53 2219 142 2283 quum
165 2219 208 2261 ex
232 2219 332 2262 eausa
356 2219 389 2261 se
414 2196 532 2260 eadere
555 2196 784 2280 adverterent,
817 2197 923 2262 Roma
946 2207 1160 2264 recesserunt.

52 2295 107 2360 Sed
128 2306 203 2382 post
225 2296 349 2379 negotii
374 2315 516 2359 examen
538 2295 663 2360 Romae
687 2296 875 2359 institutum
901 2319 921 2360 a
944 2294 1034 2361 Julio
1057 2295 1160 2359 Atha-

53 2397 150 2458 nasius
181 2392 306 2479 aliique
338 2393 486 2478 episcopi
517 2391 652 2456 sedibus
685 2394 754 2457 suis
794 2395 936 2458 restituti
974 2403 1061 2458 sunt.
1107 2392 1160 2458 Ex

52 2491 174 2577 epistola
197 2512 295 2577 porro
319 2511 419 2576 quam
443 2489 555 2555 Julius
581 2511 620 2554 ea
643 2491 818 2556 occasione
840 2492 972 2578 scripsit
994 2491 1038 2556 ad
1060 2492 1160 2556 Euse-

52 2587 168 2672 bianos,
201 2599 236 2654 et
263 2611 307 2652 ex
330 2609 511 2674 supparum
535 2589 732 2673 scriptorum
756 2586 901 2654 Socratis
931 2599 964 2653 et
986 2589 1160 2656 &romani

51 2685 174 2752 lisura
207 2686 433 2752 ecclesiastica
466 2684 648 2770 colligitur,
677 2685 748 2771 jam
780 2685 903 2751 abillo
927 2687 1088 2752 Pontifiee
1121 2710 1159 2753 ea

52 2788 206 2870 proposita
229 2805 300 2849 esse
322 2785 490 2870 principia
512 2805 634 2868 easque
657 2783 797 2868 regulas,
821 2806 907 2870 quae
929 2794 1044 2848 contm
1058 2784 1159 2849 Hinc-

52 2902 166 2948 narnm
189 2882 412 2948 Rbemensem
436 2879 594 2946 Nicolaus
625 2880 781 2965 urgebat,
814 2881 963 2968 adeoque
995 2883 1158 2946 immerito

53 2977 121 3044 haee
149 3003 193 3046 ex
222 2979 511 3046 Pseudo-Isidoro
543 2981 658 3065 repeti.
706 2978 830 3044 Scribit
861 2979 1018 3044 videlicet
1049 2977 1160 3045 Julius

53 3077 125 3142 inter
154 3079 238 3144 alia:
276 3077 424 3164 Oportait
457 3076 600 3141 omuibus
629 3075 721 3141 uadis
753 3075 831 3164 (ipsi
864 3085 896 3140 et
928 3077 999 3163 ejus
1031 3076 1157 3162 synodo

52 3173 221 3263 Romanae)
244 3177 424 3262 scripsisse,
456 3185 492 3238 at
521 3176 569 3239 ita
594 3175 633 3238 ab
656 3173 799 3239 omuibus
830 3174 913 3262 qaod
934 3179 1057 3264 justum
1080 3185 1159 3240 esset

52 3272 275 3355 deramatam
307 3273 448 3360 episcopi
470 3274 552 3337 enirn
574 3283 666 3338 aratu
688 3274 744 3360 pai
760 3271 984 3360 patiebantur,
1017 3297 1073 3337 aee
1092 3274 1157 3338 oal-

52 3392 130 3453 9arss
151 3369 300 3437 sociemus
322 3395 402 3457 quae
425 3370 641 3450 amabantur,
665 3371 720 3436 ascl
742 3394 820 3456 qous
843 3373 909 3458 apsi
931 3371 1080 3458 Apostoli
1097 3396 1159 3458 par

52 3489 78 3529 ss
106 3470 326 3556 pedemonmt.
385 3467 448 3534 Our
485 3480 588 3534 autem
626 3469 665 3532 de
699 3468 925 3534 Aleaeuadriaa
957 3470 1158 3555 potissimam

53 3565 167 3631 mesa
197 3567 280 3632 mm
301 3566 393 3631 aubis
424 3568 666 3654 scriptumest?
711 3566 764 3630 Aa
795 3569 952 3654 ipsoratis
983 3567 1063 3630 boae
1093 3589 1157 3631 esse

54 3665 309 3744 cosuetudinem,
344 3676 380 3729 ut
408 3666 549 3752 primm
583 3664 673 3728 ιιοόίι
697 3664 872 3744 scribatur,
908 3673 937 3728 et
970 3661 1041 3728 laius
1075 3665 1158 3751 quod

47 3763 155 3842 mas
187 3774 232 3828 est
265 3763 453 3828 dswraatur
487 3763 533 3850 (n.
566 3763 635 3844 22).
681 3761 736 3826 Ad
771 3762 853 3828 haec
888 3764 1034 3848 respexit
1067 3762 1157 3827 haud

55 3854 141 3924 dubie
163 3860 313 3926 Socrates
345 3860 385 3926 L.
408 3861 453 3926 Π.
487 3883 515 3926 c.
542 3861 581 3924 17
592 3909 601 3942 ,
634 3860 691 3925 ubi
725 3859 856 3940 scribit,
889 3859 1018 3925 Julium
1041 3859 1158 3925 litteris

55 3954 90 4018 sd
107 3979 159 4023 eos
176 3963 232 4046 qui
249 3958 448 4024 Antiochiae
469 3968 695 4024 convenerant
715 3958 824 4022 missis
845 3968 1061 4044 conquestum
1077 3981 1156 4040 esse,

55 4055 125 4135 qood
145 4067 253 4121 watra
277 4079 412 4122 ramnes
434 4059 538 4144 ipsam
562 4056 606 4120 ad
629 4055 781 4144 synodum
803 4079 867 4120 aon
892 4069 1066 4136 uocassent,
1091 4081 1158 4122 mon

55 4151 250 4220 toclsdastiso
280 4153 392 4241 rapula
423 4154 623 4222 interdictam
656 4155 714 4234 sit,
746 4178 785 4218 us
811 4166 944 4242 practer
973 4159 1158 4221 seutentiam

57 4247 180 4316 Romani
194 4253 346 4340 Episcopi
369 4251 409 4317 ab
425 4252 564 4318 ecesse
577 4253 748 4339 qtddqaom
761 4253 958 4318 deserantur.
997 4252 1043 4316 Et
1057 4255 1157 4318 etiam
