2898 4836
333 483 522 540 Controversia
539 485 573 540 de
591 483 843 541 reordinationibus.
1095 482 1147 538 113

53 625 195 706 ciliorum,
226 647 366 713 quorum
390 626 457 690 alia
479 636 593 692 contra
617 626 762 692 valorem
786 624 949 712 ejusmodi
974 623 1150 690 ordinatio·

53 745 125 806 num,
147 723 211 788 slis
225 745 286 810 pro
300 724 413 789 valore
436 723 547 788 afferri
571 723 692 806 solent3
716 725 896 810 posteriore
919 723 1019 787 etiam
1042 732 1151 788 aetate

51 821 200 886 fluctuatio
225 821 389 908 quaedam
412 820 477 885 hac
499 823 535 886 in
566 842 602 886 re
632 821 918 888 animadvertitur.
965 819 1032 886 Sed
1065 829 1151 906 post-

52 941 133 1002 quam
153 919 276 983 iudea
306 929 452 1005 tempore
476 942 501 984 s.
526 917 674 984 Thomas
702 940 761 1004 per
787 917 1013 1002 theologorum
1039 917 1149 982 elucu-

50 1015 198 1083 bmtiones
221 1016 285 1084 hoc
308 1026 409 1103 caput
422 1015 592 1082 doctrinae
616 1017 722 1102 magis
737 1017 909 1102 magisque
931 1013 1059 1096 claruit,
1078 1016 1151 1102 jam

49 1113 224 1199 splot-ibus
247 1114 387 1180 mentalis
410 1113 480 1180 sols
502 1115 595 1199 viget
617 1114 675 1181 ills
697 1137 722 1180 s.
746 1113 894 1181 Thomas
921 1112 1073 1178 doctrina
1097 1115 1151 1180 cui

49 1215 169 1278 emersit
199 1213 374 1276 universae
401 1211 573 1278 Ecclesiae
603 1213 815 1297 suffragium,
856 1210 1079 1278 ordinationes
1107 1210 1150 1275 sb

48 1308 223 1392 hsmeticis,
260 1308 496 1392 schismaticis,
532 1311 725 1382 simoniacis
757 1307 876 1376 aliisve
914 1307 1084 1394 illegitime
1117 1318 1151 1373 et

47 1406 144 1473 illicite
165 1409 274 1474 iactas
296 1417 407 1472 minen
432 1407 560 1473 validas
592 1429 673 1490 esse,
705 1407 784 1495 (nisi
814 1406 895 1493 quid
919 1405 1092 1472 essentiale
1114 1408 1150 1472 in

46 1507 177 1588 materia,
202 1505 317 1588 forma,
342 1506 535 1588 intentione,
559 1504 725 1592 defuerit).

117 1621 147 1686 ὂ.
182 1619 351 1701 Quoniam
374 1639 453 1684 vero
477 1621 635 1684 convenit
657 1619 845 1686 accuratius
868 1641 973 1701 nosse,
998 1641 1084 1706 quse
1107 1620 1150 1686 ad

44 1715 220 1784 historicam
244 1717 331 1782 hanc
347 1719 574 1805 quaestionem
597 1721 773 1804 pertinent,
799 1727 900 1804 utque
924 1719 1151 1783 accusationes

43 1815 214 1880 refutentur
237 1816 512 1897 adversariorum,
536 1817 594 1902 qui
617 1816 802 1881 Ecclesiam
820 1815 1053 1902 Romanosque
1067 1815 1151 1881 Pon·

42 1912 133 1976 titisse
164 1934 314 1978 errorum
346 1914 382 1976 in
415 1913 480 1977 lide
507 1913 570 1978 hac
603 1915 638 1978 in
665 1936 700 1978 re
727 1913 849 2000 passim
876 1923 1029 1997 arguunt,
1054 1935 1151 2000 quse·

41 2009 106 2074 ‹lsm
136 2012 229 2076 facta
259 2020 328 2074 tum
358 2013 506 2095 priorum
537 2021 608 2076 tum
640 2012 911 2097 subsequentium
944 2011 1150 2077 saeculorum

41 2111 143 2192 paucis
166 2109 291 2172 referre
309 2107 454 2193 juvabit.
478 2147 522 2156 -
544 2109 584 2174 In
615 2131 715 2174 causa
739 2107 849 2172 Photii
880 2129 1061 2196 eorumque
1091 2113 1148 2197 qui
1167 2103 1312 2207 ”⁰2:¹⁰³

39 2203 73 2268 ab
95 2227 132 2270 eo
156 2206 302 2271 ordinati
326 2205 462 2270 suerunt
476 2205 571 2292 plura
595 2216 781 2288 occurrunt,
806 2227 847 2270 ex
863 2205 985 2292 quibus
998 2207 1151 2292 colligere

39 2305 102 2388 quis
124 2305 247 2390 possit,
281 2325 342 2368 nec
366 2305 471 2389 ipsius
495 2325 594 2390 quam
629 2305 760 2390 accepit
782 2326 802 2368 a
826 2303 984 2390 Gregorio
1007 2304 1152 2372 Asbesta

38 2400 177 2486 deposito
202 2401 356 2487 episcopo
380 2401 642 2486 ordinationem,
678 2424 741 2466 nec
764 2423 846 2488 quas
877 2403 947 2488 ipse
979 2403 1054 2468 aliis
1078 2427 1152 2470 con·

37 2497 104 2562 tulit
125 2499 354 2564 ordinationes
386 2498 515 2564 validas
547 2499 657 2564 finisse.
704 2498 796 2563 Inter
827 2497 894 2563 alia
923 2500 1039 2565 scribit
1067 2523 1096 2568 a.
1119 2524 1151 2587 g.
1215 2581 1218 2592 Ι

36 2595 186 2660 Nicolsus
210 2595 226 2660 I
250 2597 284 2660 in
315 2596 454 2682 epistola
477 2597 512 2660 9⁸
543 2594 688 2684 (Quanto
718 2596 856 2686 majora)
887 2595 931 2662 ad
954 2595 1152 2665 Michaelem

36 2691 285 2779 Imperatorem:
336 2693 508 2781 (impurias
547 2715 618 2782 erpo
642 2697 711 2781 -qai
746 2698 895 2760 canoniae
931 2719 969 2760 ae
1005 2698 1152 2783 syrmdics

35 2791 192 2876 depositus
231 2801 261 2856 et
296 2793 580 2856 amthemotiaatus
619 2803 704 2874 crat,
749 2792 1007 2878 quemadmodum
1042 2807 1153 2883 posset

34 2911 212 2976 pnmqraam
243 2890 430 2977 prouehere,
470 2889 519 2954 cei
558 2887 737 2954 benedicere
744 2940 754 2970 ,
795 2892 881 2954 ratio
919 2890 1010 2955 nulla
1053 2893 1149 2957 docet.

33 2987 127 3070 lpitur
169 2987 251 3052 nslsil
290 2987 421 3052 Plotius
458 3011 478 3052 a
518 2987 672 3073 Groporio
703 2989 861 3075 percepit,
899 2990 964 3054 nisi
1002 3001 1152 3075 qnantum

36 3082 207 3170 Grapso-ins
237 3084 363 3164 labaim
377 3085 483 3150 --ns'iii
521 3096 625 3150 antem
656 3085 780 3164 natast,
821 3086 902 3150 asilii
938 3088 1034 3153 dedit.
1090 3091 1152 3156 Per

32 3205 133 3248 acram
172 3184 306 3270 quippe,
343 3192 379 3248 nt
416 3181 547 3268 lapitas,
585 3205 698 3248 mansas
734 3185 965 3270 impositionem
1002 3197 1031 3252 et
1066 3187 1151 3252 inso-

30 3283 183 3345 cotionem
215 3279 354 3344 dobatm
387 3279 528 3368 Spiritus
560 3292 708 3360 sonemus,
746 3283 800 3366 pai
831 3295 986 3348 merant
1015 3285 1152 3352 maridas

30 3379 70 3440 od
93 3379 268 3443 Dorticum
289 3401 403 3443 manas
425 3379 539 3444 levare.
590 3377 751 3444 Caeterum
779 3376 951 3465 (imperim
972 3384 1027 3466 qui
1048 3392 1151 3448 ¹traaas·

29 3498 154 3560 pressor
178 3474 292 3561 faemos
324 3487 370 3541 est
402 3475 499 3561 lepis,
537 3477 581 3541 ad
612 3476 814 3542 iracundiam
844 3477 895 3542 sui
923 3480 1023 3565 mopis
1058 3503 1151 3566 quam

30 3573 70 3636 ad
92 3574 361 3638 commeratimsem
387 3573 523 3664 aiicujus
547 3573 700 3660 Spiritum
734 3583 875 3640 somam
892 3599 955 3662 per
977 3579 1150 3664 impositio-

30 3691 95 3734 nem
118 3693 199 3736 snae
221 3693 334 3736 manus
356 3673 423 3736 sine
442 3672 536 3736 dubio
555 3672 752 3758 provocavit,
775 3673 900 3738 suamet
930 3675 960 3738 is
991 3677 1046 3760 qui
1068 3676 1149 3740 ordi-

29 3769 157 3833 nandus
190 3779 276 3847 erot,
308 3769 416 3834 ardiae
448 3769 533 3836 aiios
565 3769 627 3834 sibi
661 3768 789 3834 lateret
820 3771 946 3857 repulus
977 3771 1149 3840 obviantes.

28 3865 114 3930 Hinc
139 3866 223 3930 enim
245 3868 397 3952 seriptum
420 3879 466 3931 est
488 3865 593 3954 (lico.
619 3870 672 3932 28.
697 3870 748 3949 9)ss
785 3867 876 3947 „Qus
905 3869 1031 3936 obturat
1056 3893 1151 3936 aures

28 3987 112 4043 moos,
137 3987 178 4028 ne
201 3963 315 4030 audiat
344 3965 440 4050 iepem
452 4015 462 4045 ,
493 3967 596 4032 oratio
629 3969 696 4056 ejus
728 3967 788 4030 erit
818 3968 853 4031 in
870 3974 1068 4054 pemansm.“
1112 3966 1152 4034 Si

28 4060 234 4140 murabilis,
265 4063 372 4147 utique
395 4071 425 4126 et
446 4085 510 4126 non
534 4062 705 4143 credibili&
737 4065 852 4128 mnan
874 4061 1042 4144 audibilis,
1076 4088 1149 4151 erpo

29 4158 198 4245 ἐπεβίω
220 4160 249 4222 si
270 4157 432 4245 inefficax,
450 4160 597 4247 profecto
620 4161 730 4226 Plotio
753 4161 835 4228 aiiii
853 4172 1034 4249 praestans,
1057 4164 1149 4228 nimi-

29 4279 96 4319 rum
120 4257 178 4341 qui
201 4255 397 4322 audneratnm
412 4269 507 4345 caput
515 4257 684 4345 perillam
708 4279 820 4324 manus
843 4260 1072 4347 impositionem
1088 4283 1149 4348 po·

54 4363 200 4422 stimmo,
214 4371 400 4414 vicensumas.
415 4373 480 4415 Tam.
496 4374 536 4415 lv.
1024 4363 1043 4418 8
