<?xml version="1.0" encoding="UTF-8"?>
<!DOCTYPE html PUBLIC "-//W3C//DTD XHTML 1.0 Transitional//EN"
    "http://www.w3.org/TR/xhtml1/DTD/xhtml1-transitional.dtd">
<html xmlns="http://www.w3.org/1999/xhtml" xml:lang="en" lang="en">
 <head>
  <title>
</title>
<meta http-equiv="Content-Type" content="text/html;charset=utf-8" />
  <meta name='ocr-system' content='tesseract 3.04.00' />
  <meta name='ocr-capabilities' content='ocr_page ocr_carea ocr_par ocr_line ocrx_word'/>
</head>
<body>
  <div class='ocr_page' id='page_1' title='image "./dissertationess01junggoog_0105.png"; bbox 0 0 3002 4836; ppageno 0'>
   <div class='ocr_carea' id='block_1_1' title="bbox 302 447 1171 522">
    <p class='ocr_par' dir='ltr' id='par_1_1' title="bbox 302 447 1171 522">
     <span class='ocr_line' id='line_1_1' title="bbox 302 447 1171 522; baseline 0.006 -18"><span class='ocrx_word' id='word_1_1' title='bbox 302 447 347 504; x_wconf 74' lang='lat' dir='ltr'><strong>at·</strong></span> <span class='ocrx_word' id='word_1_2' title='bbox 569 447 644 503; x_wconf 84' lang='lat' dir='ltr'>XIV.</span> <span class='ocrx_word' id='word_1_3' title='bbox 662 449 709 504; x_wconf 91' lang='lat' dir='ltr'><strong>De</strong></span> <span class='ocrx_word' id='word_1_4' title='bbox 721 449 797 506; x_wconf 75' lang='lat' dir='ltr'><strong>civili</strong></span> <span class='ocrx_word' id='word_1_5' title='bbox 814 449 848 506; x_wconf 75' lang='grc' dir='ltr'><strong>Β.</strong></span> <span class='ocrx_word' id='word_1_6' title='bbox 866 451 1007 508; x_wconf 76' lang='lat' dir='ltr'><strong>Pontificio</strong></span> <span class='ocrx_word' id='word_1_7' title='bbox 1025 451 1171 522; x_wconf 75' lang='lat' dir='ltr'><strong>principtu.</strong></span> 
     </span>
    </p>
   </div>
   <div class='ocr_carea' id='block_1_2' title="bbox 298 589 1429 4008">
    <p class='ocr_par' dir='ltr' id='par_1_2' title="bbox 303 589 1427 871">
     <span class='ocr_line' id='line_1_2' title="bbox 303 589 1427 682; baseline 0.011 -29"><span class='ocrx_word' id='word_1_8' title='bbox 303 612 405 676; x_wconf 89' lang='lat' dir='ltr'><strong>quum</strong></span> <span class='ocrx_word' id='word_1_9' title='bbox 416 591 489 678; x_wconf 82' lang='lat' dir='ltr'><strong>jam</strong></span> <span class='ocrx_word' id='word_1_10' title='bbox 513 589 705 658; x_wconf 78' lang='lat' dir='ltr'><strong>debuissent</strong></span> <span class='ocrx_word' id='word_1_11' title='bbox 727 603 886 680; x_wconf 86' lang='lat' dir='ltr'><strong>tanquam</strong></span> <span class='ocrx_word' id='word_1_12' title='bbox 910 593 1064 682; x_wconf 75' lang='lat' dir='ltr'><strong>aequales</strong></span> <span class='ocrx_word' id='word_1_13' title='bbox 1079 595 1195 680; x_wconf 86' lang='lat' dir='ltr'><strong>Italos,</strong></span> <span class='ocrx_word' id='word_1_14' title='bbox 1219 609 1255 663; x_wconf 90' lang='lat' dir='ltr'><strong>nt</strong></span> <span class='ocrx_word' id='word_1_15' title='bbox 1278 599 1342 664; x_wconf 92' lang='lat' dir='ltr'><strong>sibi</strong></span> <span class='ocrx_word' id='word_1_16' title='bbox 1367 622 1427 664; x_wconf 89' lang='lat' dir='ltr'><strong>eos</strong></span> 
     </span>
     <span class='ocr_line' id='line_1_3' title="bbox 304 686 1426 780; baseline 0.011 -29"><span class='ocrx_word' id='word_1_17' title='bbox 304 686 527 771; x_wconf 89' lang='lat' dir='ltr'><strong>devincirent,</strong></span> <span class='ocrx_word' id='word_1_18' title='bbox 554 698 705 772; x_wconf 86' lang='lat' dir='ltr'><strong>tractare,</strong></span> <span class='ocrx_word' id='word_1_19' title='bbox 730 712 785 755; x_wconf 86' lang='lat' dir='ltr'><strong>eos</strong></span> <span class='ocrx_word' id='word_1_20' title='bbox 802 692 837 756; x_wconf 90' lang='lat' dir='ltr'><strong>in</strong></span> <span class='ocrx_word' id='word_1_21' title='bbox 866 694 1058 758; x_wconf 86' lang='lat' dir='ltr'><strong>servitutem</strong></span> <span class='ocrx_word' id='word_1_22' title='bbox 1082 695 1261 780; x_wconf 85' lang='lat' dir='ltr'><strong>quamdam</strong></span> <span class='ocrx_word' id='word_1_23' title='bbox 1285 697 1426 763; x_wconf 86' lang='lat' dir='ltr'><strong>tributa-</strong></span> 
     </span>
     <span class='ocr_line' id='line_1_4' title="bbox 304 786 575 871; baseline 0.015 -23"><span class='ocrx_word' id='word_1_24' title='bbox 304 786 386 849; x_wconf 89' lang='lat' dir='ltr'><strong>riam</strong></span> <span class='ocrx_word' id='word_1_25' title='bbox 410 786 575 871; x_wconf 83' lang='lat' dir='ltr'><strong>redegere.</strong></span> 
     </span>
    </p>

    <p class='ocr_par' dir='ltr' id='par_1_3' title="bbox 301 883 1427 3319">
     <span class='ocr_line' id='line_1_5' title="bbox 394 883 1426 979; baseline 0.013 -33"><span class='ocrx_word' id='word_1_26' title='bbox 394 885 445 950; x_wconf 81' lang='lat' dir='ltr'><strong>lo.</strong></span> <span class='ocrx_word' id='word_1_27' title='bbox 468 883 599 950; x_wconf 86' lang='lat' dir='ltr'><strong>Latinis</strong></span> <span class='ocrx_word' id='word_1_28' title='bbox 622 887 721 952; x_wconf 89' lang='lat' dir='ltr'><strong>victis</strong></span> <span class='ocrx_word' id='word_1_29' title='bbox 744 885 957 972; x_wconf 86' lang='lat' dir='ltr'><strong>Longcbardi</strong></span> <span class='ocrx_word' id='word_1_30' title='bbox 990 886 1115 952; x_wconf 88' lang='lat' dir='ltr'><strong>nullam</strong></span> <span class='ocrx_word' id='word_1_31' title='bbox 1144 889 1300 974; x_wconf 82' lang='lat' dir='ltr'><strong>gubernii</strong></span> <span class='ocrx_word' id='word_1_32' title='bbox 1322 896 1426 979; x_wconf 84' lang='lat' dir='ltr'><strong>parti-</strong></span> 
     </span>
     <span class='ocr_line' id='line_1_6' title="bbox 303 982 1425 1075; baseline 0.009 -29"><span class='ocrx_word' id='word_1_33' title='bbox 303 982 502 1066; x_wconf 85' lang='lat' dir='ltr'><strong>cipationem</strong></span> <span class='ocrx_word' id='word_1_34' title='bbox 520 1003 729 1066; x_wconf 86' lang='lat' dir='ltr'><strong>concessere;</strong></span> <span class='ocrx_word' id='word_1_35' title='bbox 755 993 854 1070; x_wconf 88' lang='lat' dir='ltr'><strong>atquc</strong></span> <span class='ocrx_word' id='word_1_36' title='bbox 877 1007 920 1050; x_wconf 83' lang='lat' dir='ltr'><strong>ex</strong></span> <span class='ocrx_word' id='word_1_37' title='bbox 934 985 1091 1052; x_wconf 86' lang='lat' dir='ltr'><strong>omnibus</strong></span> <span class='ocrx_word' id='word_1_38' title='bbox 1107 988 1300 1054; x_wconf 88' lang='lat' dir='ltr'><strong>muneribus</strong></span> <span class='ocrx_word' id='word_1_39' title='bbox 1315 990 1425 1075; x_wconf 89' lang='lat' dir='ltr'><strong>publi·</strong></span> 
     </span>
     <span class='ocr_line' id='line_1_7' title="bbox 303 1078 1426 1173; baseline 0.009 -31"><span class='ocrx_word' id='word_1_40' title='bbox 303 1079 350 1143; x_wconf 85' lang='lat' dir='ltr'><strong>cis</strong></span> <span class='ocrx_word' id='word_1_41' title='bbox 373 1090 443 1144; x_wconf 86' lang='lat' dir='ltr'><strong>tum</strong></span> <span class='ocrx_word' id='word_1_42' title='bbox 467 1078 664 1146; x_wconf 83' lang='lat' dir='ltr'><strong>militaribus</strong></span> <span class='ocrx_word' id='word_1_43' title='bbox 688 1092 758 1148; x_wconf 93' lang='lat' dir='ltr'><strong>tum</strong></span> <span class='ocrx_word' id='word_1_44' title='bbox 782 1081 938 1149; x_wconf 85' lang='lat' dir='ltr'><strong>civilibus</strong></span> <span class='ocrx_word' id='word_1_45' title='bbox 960 1083 994 1148; x_wconf 92' lang='lat' dir='ltr'><strong>hi</strong></span> <span class='ocrx_word' id='word_1_46' title='bbox 1019 1082 1146 1148; x_wconf 82' lang='lat' dir='ltr'>exclusi</span> <span class='ocrx_word' id='word_1_47' title='bbox 1169 1095 1273 1152; x_wconf 87' lang='lat' dir='ltr'><strong>erant.</strong></span> <span class='ocrx_word' id='word_1_48' title='bbox 1319 1087 1426 1173; x_wconf 62' lang='lat' dir='ltr'><strong>Iegis</strong></span> 
     </span>
     <span class='ocr_line' id='line_1_8' title="bbox 302 1177 1424 1268; baseline 0.009 -28"><span class='ocrx_word' id='word_1_49' title='bbox 302 1177 471 1242; x_wconf 84' lang='lat' dir='ltr'>Romanae</span> <span class='ocrx_word' id='word_1_50' title='bbox 495 1200 572 1242; x_wconf 88' lang='lat' dir='ltr'><strong>usus</strong></span> <span class='ocrx_word' id='word_1_51' title='bbox 595 1177 737 1256; x_wconf 81' lang='lat' dir='ltr'><strong>abolitus</strong></span> <span class='ocrx_word' id='word_1_52' title='bbox 760 1179 833 1262; x_wconf 86' lang='lat' dir='ltr'><strong>fuit,</strong></span> <span class='ocrx_word' id='word_1_53' title='bbox 857 1189 890 1244; x_wconf 88' lang='lat' dir='ltr'><strong>et</strong></span> <span class='ocrx_word' id='word_1_54' title='bbox 915 1179 1004 1266; x_wconf 82' lang='lat' dir='ltr'><strong>leges</strong></span> <span class='ocrx_word' id='word_1_55' title='bbox 1027 1181 1335 1268; x_wconf 78' lang='lat' dir='ltr'><strong>Langobardorum,</strong></span> <span class='ocrx_word' id='word_1_56' title='bbox 1359 1185 1424 1250; x_wconf 83' lang='lat' dir='ltr'><strong>La·</strong></span> 
     </span>
     <span class='ocr_line' id='line_1_9' title="bbox 302 1275 1426 1368; baseline 0.009 -31"><span class='ocrx_word' id='word_1_57' title='bbox 302 1276 380 1340; x_wconf 87' lang='lat' dir='ltr'><strong>tinis</strong></span> <span class='ocrx_word' id='word_1_58' title='bbox 405 1297 470 1340; x_wconf 90' lang='lat' dir='ltr'><strong>non</strong></span> <span class='ocrx_word' id='word_1_59' title='bbox 494 1275 661 1357; x_wconf 86' lang='lat' dir='ltr'><strong>consultis,</strong></span> <span class='ocrx_word' id='word_1_60' title='bbox 687 1278 883 1342; x_wconf 80' lang='lat' dir='ltr'><strong>constitutae</strong></span> <span class='ocrx_word' id='word_1_61' title='bbox 896 1288 982 1344; x_wconf 79' lang='lat' dir='ltr'><strong>sunt</strong></span> <span class='ocrx_word' id='word_1_62' title='bbox 1015 1277 1135 1360; x_wconf 79' lang='lat' dir='ltr'><strong>Quoad</strong></span> <span class='ocrx_word' id='word_1_63' title='bbox 1157 1280 1310 1348; x_wconf 76' lang='lat' dir='ltr'><strong>serendus</strong></span> <span class='ocrx_word' id='word_1_64' title='bbox 1332 1281 1426 1368; x_wconf 82' lang='lat' dir='ltr'><strong>leges</strong></span> 
     </span>
     <span class='ocr_line' id='line_1_10' title="bbox 302 1373 1423 1466; baseline 0.01 -31"><span class='ocrx_word' id='word_1_65' title='bbox 302 1373 390 1436; x_wconf 85' lang='lat' dir='ltr'><strong>enim</strong></span> <span class='ocrx_word' id='word_1_66' title='bbox 414 1383 483 1437; x_wconf 88' lang='lat' dir='ltr'><strong>tota</strong></span> <span class='ocrx_word' id='word_1_67' title='bbox 505 1376 682 1438; x_wconf 85' lang='lat' dir='ltr'><strong>auctoritas</strong></span> <span class='ocrx_word' id='word_1_68' title='bbox 714 1385 783 1440; x_wconf 89' lang='lat' dir='ltr'><strong>crat</strong></span> <span class='ocrx_word' id='word_1_69' title='bbox 814 1376 904 1462; x_wconf 87' lang='lat' dir='ltr'><strong>apud</strong></span> <span class='ocrx_word' id='word_1_70' title='bbox 932 1398 1043 1461; x_wconf 80' lang='lat' dir='ltr'><strong>regem</strong></span> <span class='ocrx_word' id='word_1_71' title='bbox 1067 1376 1244 1466; x_wconf 87' lang='lat' dir='ltr'><strong>ducesque,</strong></span> <span class='ocrx_word' id='word_1_72' title='bbox 1269 1401 1346 1446; x_wconf 89' lang='lat' dir='ltr'><strong>cum</strong></span> <span class='ocrx_word' id='word_1_73' title='bbox 1371 1403 1423 1446; x_wconf 89' lang='lat' dir='ltr'><strong>as·</strong></span> 
     </span>
     <span class='ocr_line' id='line_1_11' title="bbox 302 1473 1425 1558; baseline 0.01 -24"><span class='ocrx_word' id='word_1_74' title='bbox 302 1491 400 1535; x_wconf 88' lang='lat' dir='ltr'><strong>sensu</strong></span> <span class='ocrx_word' id='word_1_75' title='bbox 439 1473 541 1558; x_wconf 72' lang='lat' dir='ltr'><strong>qentis</strong></span> <span class='ocrx_word' id='word_1_76' title='bbox 572 1483 698 1536; x_wconf 81' lang='lat' dir='ltr'><strong>nostroe</strong></span> <span class='ocrx_word' id='word_1_77' title='bbox 737 1473 1017 1558; x_wconf 68' lang='lat' dir='ltr'><strong>Lonyobordorum</strong></span> <span class='ocrx_word' id='word_1_78' title='bbox 1043 1485 1073 1540; x_wconf 85' lang='lat' dir='ltr'><strong>et</strong></span> <span class='ocrx_word' id='word_1_79' title='bbox 1106 1475 1289 1557; x_wconf 66' lang='lat' dir='ltr'><strong>felicissimi</strong></span> <span class='ocrx_word' id='word_1_80' title='bbox 1320 1481 1425 1544; x_wconf 74' lang='lat' dir='ltr'><strong>emetri</strong></span> 
     </span>
     <span class='ocr_line' id='line_1_12' title="bbox 303 1568 1424 1656; baseline 0.009 -25"><span class='ocrx_word' id='word_1_81' title='bbox 303 1569 476 1646; x_wconf 68' lang='lat' dir='ltr'><strong>merciae,</strong></span> <span class='ocrx_word' id='word_1_82' title='bbox 510 1568 556 1631; x_wconf 92' lang='lat' dir='ltr'><strong>uti</strong></span> <span class='ocrx_word' id='word_1_83' title='bbox 587 1569 621 1634; x_wconf 94' lang='lat' dir='ltr'><strong>in</strong></span> <span class='ocrx_word' id='word_1_84' title='bbox 645 1571 811 1654; x_wconf 91' lang='lat' dir='ltr'><strong>prooemio</strong></span> <span class='ocrx_word' id='word_1_85' title='bbox 834 1569 945 1656; x_wconf 87' lang='lat' dir='ltr'><strong>legum</strong></span> <span class='ocrx_word' id='word_1_86' title='bbox 975 1570 1107 1637; x_wconf 88' lang='lat' dir='ltr'><strong>illarum</strong></span> <span class='ocrx_word' id='word_1_87' title='bbox 1131 1571 1262 1642; x_wconf 86' lang='lat' dir='ltr'><strong>dicitur.</strong></span> <span class='ocrx_word' id='word_1_88' title='bbox 1308 1575 1424 1640; x_wconf 81' lang='lat' dir='ltr'><strong>Etiam</strong></span> 
     </span>
     <span class='ocr_line' id='line_1_13' title="bbox 302 1665 1424 1760; baseline 0.006 -31"><span class='ocrx_word' id='word_1_89' title='bbox 302 1665 453 1730; x_wconf 90' lang='lat' dir='ltr'><strong>militiam</strong></span> <span class='ocrx_word' id='word_1_90' title='bbox 487 1687 639 1730; x_wconf 85' lang='lat' dir='ltr'><strong>exercere</strong></span> <span class='ocrx_word' id='word_1_91' title='bbox 671 1667 802 1732; x_wconf 88' lang='lat' dir='ltr'><strong>Latinis</strong></span> <span class='ocrx_word' id='word_1_92' title='bbox 836 1669 1050 1734; x_wconf 86' lang='lat' dir='ltr'><strong>interdictum</strong></span> <span class='ocrx_word' id='word_1_93' title='bbox 1083 1681 1169 1752; x_wconf 90' lang='lat' dir='ltr'><strong>erat,</strong></span> <span class='ocrx_word' id='word_1_94' title='bbox 1194 1672 1239 1736; x_wconf 84' lang='lat' dir='ltr'><strong>ita</strong></span> <span class='ocrx_word' id='word_1_95' title='bbox 1272 1683 1309 1736; x_wconf 89' lang='lat' dir='ltr'><strong>ut</strong></span> <span class='ocrx_word' id='word_1_96' title='bbox 1341 1673 1424 1760; x_wconf 84' lang='lat' dir='ltr'><strong>ipsis</strong></span> 
     </span>
     <span class='ocr_line' id='line_1_14' title="bbox 303 1763 1424 1854; baseline 0.006 -26"><span class='ocrx_word' id='word_1_97' title='bbox 303 1773 430 1828; x_wconf 84' lang='lat' dir='ltr'><strong>tantum</strong></span> <span class='ocrx_word' id='word_1_98' title='bbox 454 1763 694 1850; x_wconf 78' lang='lat' dir='ltr'><strong>relinqueretur</strong></span> <span class='ocrx_word' id='word_1_99' title='bbox 717 1763 823 1830; x_wconf 90' lang='lat' dir='ltr'><strong>colere</strong></span> <span class='ocrx_word' id='word_1_100' title='bbox 839 1773 953 1848; x_wconf 77' lang='lat' dir='ltr'><strong>terras,</strong></span> <span class='ocrx_word' id='word_1_101' title='bbox 976 1777 1077 1854; x_wconf 89' lang='lat' dir='ltr'><strong>atque</strong></span> <span class='ocrx_word' id='word_1_102' title='bbox 1100 1777 1186 1834; x_wconf 86' lang='lat' dir='ltr'><strong>artes</strong></span> <span class='ocrx_word' id='word_1_103' title='bbox 1209 1769 1424 1835; x_wconf 88' lang='lat' dir='ltr'><strong>mechanicas</strong></span> 
     </span>
     <span class='ocr_line' id='line_1_15' title="bbox 303 1860 1423 1951; baseline 0.005 -26"><span class='ocrx_word' id='word_1_104' title='bbox 303 1861 356 1927; x_wconf 88' lang='lat' dir='ltr'><strong>vel</strong></span> <span class='ocrx_word' id='word_1_105' title='bbox 389 1884 489 1948; x_wconf 90' lang='lat' dir='ltr'><strong>opera</strong></span> <span class='ocrx_word' id='word_1_106' title='bbox 519 1860 653 1926; x_wconf 87' lang='lat' dir='ltr'><strong>servilia</strong></span> <span class='ocrx_word' id='word_1_107' title='bbox 674 1883 837 1928; x_wconf 87' lang='lat' dir='ltr'><strong>exercere.</strong></span> <span class='ocrx_word' id='word_1_108' title='bbox 883 1862 954 1928; x_wconf 88' lang='lat' dir='ltr'><strong>Imo</strong></span> <span class='ocrx_word' id='word_1_109' title='bbox 990 1864 1045 1930; x_wconf 81' lang='lat' dir='ltr'><strong>vel</strong></span> <span class='ocrx_word' id='word_1_110' title='bbox 1069 1866 1154 1930; x_wconf 88' lang='lat' dir='ltr'><strong>inter</strong></span> <span class='ocrx_word' id='word_1_111' title='bbox 1176 1866 1267 1951; x_wconf 87' lang='lat' dir='ltr'><strong>ipsos</strong></span> <span class='ocrx_word' id='word_1_112' title='bbox 1297 1888 1423 1951; x_wconf 81' lang='lat' dir='ltr'><strong>servos,</strong></span> 
     </span>
     <span class='ocr_line' id='line_1_16' title="bbox 302 1958 1423 2050; baseline 0.007 -26"><span class='ocrx_word' id='word_1_113' title='bbox 302 1958 408 2046; x_wconf 84' lang='lat' dir='ltr'><strong>gradu</strong></span> <span class='ocrx_word' id='word_1_114' title='bbox 441 1959 587 2024; x_wconf 85' lang='lat' dir='ltr'><strong>inferiori</strong></span> <span class='ocrx_word' id='word_1_115' title='bbox 618 1981 677 2046; x_wconf 90' lang='lat' dir='ltr'><strong>per</strong></span> <span class='ocrx_word' id='word_1_116' title='bbox 708 1958 797 2046; x_wconf 85' lang='lat' dir='ltr'><strong>leges</strong></span> <span class='ocrx_word' id='word_1_117' title='bbox 829 1960 1068 2046; x_wconf 77' lang='lat' dir='ltr'><strong>reputabantur</strong></span> <span class='ocrx_word' id='word_1_118' title='bbox 1099 1962 1234 2046; x_wconf 83' lang='lat' dir='ltr'><strong>Latini3</strong></span> <span class='ocrx_word' id='word_1_119' title='bbox 1265 1965 1313 2030; x_wconf 88' lang='lat' dir='ltr'><strong>sic</strong></span> <span class='ocrx_word' id='word_1_120' title='bbox 1336 1987 1365 2030; x_wconf 90' lang='lat' dir='ltr'><strong>e.</strong></span> <span class='ocrx_word' id='word_1_121' title='bbox 1389 1988 1423 2050; x_wconf 83' lang='lat' dir='ltr'><strong>g.</strong></span> 
     </span>
     <span class='ocr_line' id='line_1_17' title="bbox 301 2055 1424 2146; baseline 0.007 -25"><span class='ocrx_word' id='word_1_122' title='bbox 301 2057 374 2142; x_wconf 85' lang='lat' dir='ltr'><strong>lege</strong></span> <span class='ocrx_word' id='word_1_123' title='bbox 400 2058 475 2122; x_wconf 85' lang='lat'>194·</span> <span class='ocrx_word' id='word_1_124' title='bbox 499 2055 655 2123; x_wconf 87' lang='lat' dir='ltr'><strong>Rotharis</strong></span> <span class='ocrx_word' id='word_1_125' title='bbox 687 2059 774 2142; x_wconf 87' lang='lat' dir='ltr'><strong>regis</strong></span> <span class='ocrx_word' id='word_1_126' title='bbox 805 2060 987 2146; x_wconf 88' lang='lat' dir='ltr'><strong>imponitur</strong></span> <span class='ocrx_word' id='word_1_127' title='bbox 1010 2058 1134 2133; x_wconf 79' lang='lat' dir='ltr'><strong>mulcta</strong></span> <span class='ocrx_word' id='word_1_128' title='bbox 1157 2062 1277 2146; x_wconf 81' lang='lat' dir='ltr'><strong>viginti</strong></span> <span class='ocrx_word' id='word_1_129' title='bbox 1302 2063 1424 2128; x_wconf 88' lang='lat' dir='ltr'><strong>solido·</strong></span> 
     </span>
     <span class='ocr_line' id='line_1_18' title="bbox 301 2154 1424 2245; baseline 0.004 -25"><span class='ocrx_word' id='word_1_130' title='bbox 301 2177 376 2220; x_wconf 89' lang='lat' dir='ltr'><strong>rum</strong></span> <span class='ocrx_word' id='word_1_131' title='bbox 387 2157 416 2220; x_wconf 91' lang='lat' dir='ltr'><strong>ei</strong></span> <span class='ocrx_word' id='word_1_132' title='bbox 427 2157 483 2240; x_wconf 88' lang='lat' dir='ltr'><strong>qui</strong></span> <span class='ocrx_word' id='word_1_133' title='bbox 495 2154 626 2219; x_wconf 83' lang='lat' dir='ltr'><strong>violarit</strong></span> <span class='ocrx_word' id='word_1_134' title='bbox 636 2154 769 2220; x_wconf 84' lang='lat' dir='ltr'><strong>alterius</strong></span> <span class='ocrx_word' id='word_1_135' title='bbox 782 2177 923 2239; x_wconf 87' lang='lat' dir='ltr'><strong>servam,</strong></span> <span class='ocrx_word' id='word_1_136' title='bbox 935 2159 962 2221; x_wconf 89' lang='lat' dir='ltr'><strong>si</strong></span> <span class='ocrx_word' id='word_1_137' title='bbox 977 2158 1078 2222; x_wconf 87' lang='lat' dir='ltr'><strong>fuerit</strong></span> <span class='ocrx_word' id='word_1_138' title='bbox 1093 2157 1166 2244; x_wconf 87' lang='lat' dir='ltr'><strong>ipsa</strong></span> <span class='ocrx_word' id='word_1_139' title='bbox 1178 2181 1219 2222; x_wconf 81' lang='lat' dir='ltr'><strong>ex</strong></span> <span class='ocrx_word' id='word_1_140' title='bbox 1230 2159 1424 2245; x_wconf 87' lang='lat' dir='ltr'><strong>Longobar-</strong></span> 
     </span>
     <span class='ocr_line' id='line_1_19' title="bbox 302 2252 1421 2340; baseline 0.004 -22"><span class='ocrx_word' id='word_1_141' title='bbox 302 2253 419 2320; x_wconf 89' lang='lat' dir='ltr'><strong>dorum</strong></span> <span class='ocrx_word' id='word_1_142' title='bbox 442 2263 550 2338; x_wconf 85' lang='lat' dir='ltr'><strong>gente,</strong></span> <span class='ocrx_word' id='word_1_143' title='bbox 575 2252 697 2318; x_wconf 87' lang='lat' dir='ltr'><strong>mulcta</strong></span> <span class='ocrx_word' id='word_1_144' title='bbox 721 2274 798 2319; x_wconf 90' lang='lat' dir='ltr'><strong>vero</strong></span> <span class='ocrx_word' id='word_1_145' title='bbox 822 2254 1000 2320; x_wconf 86' lang='lat' dir='ltr'><strong>solidorum</strong></span> <span class='ocrx_word' id='word_1_146' title='bbox 1024 2255 1202 2322; x_wconf 80' lang='lat' dir='ltr'><strong>duodecim</strong></span> <span class='ocrx_word' id='word_1_147' title='bbox 1225 2267 1367 2340; x_wconf 86' lang='lat' dir='ltr'><strong>tantum,</strong></span> <span class='ocrx_word' id='word_1_148' title='bbox 1393 2262 1421 2323; x_wconf 86' lang='lat' dir='ltr'><strong>si</strong></span> 
     </span>
     <span class='ocr_line' id='line_1_20' title="bbox 302 2350 1424 2440; baseline 0.005 -24"><span class='ocrx_word' id='word_1_149' title='bbox 302 2352 401 2418; x_wconf 90' lang='lat' dir='ltr'><strong>fuerit</strong></span> <span class='ocrx_word' id='word_1_150' title='bbox 431 2353 503 2437; x_wconf 88' lang='lat' dir='ltr'><strong>ipsa</strong></span> <span class='ocrx_word' id='word_1_151' title='bbox 535 2350 694 2416; x_wconf 89' lang='lat' dir='ltr'><strong>Romana.</strong></span> <span class='ocrx_word' id='word_1_152' title='bbox 743 2351 906 2432; x_wconf 78' lang='lat' dir='ltr'><strong>Quamvis</strong></span> <span class='ocrx_word' id='word_1_153' title='bbox 939 2375 1016 2418; x_wconf 87' lang='lat' dir='ltr'><strong>vcro</strong></span> <span class='ocrx_word' id='word_1_154' title='bbox 1041 2353 1182 2419; x_wconf 83' lang='lat' dir='ltr'><strong>decursu</strong></span> <span class='ocrx_word' id='word_1_155' title='bbox 1205 2356 1365 2440; x_wconf 78' lang='lat' dir='ltr'><strong>temporis</strong></span> <span class='ocrx_word' id='word_1_156' title='bbox 1387 2357 1424 2422; x_wconf 90' lang='lat' dir='ltr'><strong>in</strong></span> 
     </span>
     <span class='ocr_line' id='line_1_21' title="bbox 302 2448 1425 2538; baseline 0.003 -23"><span class='ocrx_word' id='word_1_157' title='bbox 302 2450 465 2538; x_wconf 88' lang='lat' dir='ltr'><strong>ejusmodi</strong></span> <span class='ocrx_word' id='word_1_158' title='bbox 498 2448 702 2535; x_wconf 88' lang='lat' dir='ltr'><strong>subjectione</strong></span> <span class='ocrx_word' id='word_1_159' title='bbox 734 2448 898 2534; x_wconf 86' lang='lat' dir='ltr'><strong>quaedam</strong></span> <span class='ocrx_word' id='word_1_160' title='bbox 931 2461 1192 2536; x_wconf 74' lang='lat' dir='ltr'><strong>temperamenta</strong></span> <span class='ocrx_word' id='word_1_161' title='bbox 1215 2452 1425 2533; x_wconf 86' lang='lat' dir='ltr'><strong>obvenirent,</strong></span> 
     </span>
     <span class='ocr_line' id='line_1_22' title="bbox 302 2545 1425 2635; baseline 0.003 -22"><span class='ocrx_word' id='word_1_162' title='bbox 302 2559 335 2614; x_wconf 91' lang='lat' dir='ltr'><strong>et</strong></span> <span class='ocrx_word' id='word_1_163' title='bbox 358 2547 469 2614; x_wconf 88' lang='lat' dir='ltr'><strong>clerici</strong></span> <span class='ocrx_word' id='word_1_164' title='bbox 492 2545 605 2613; x_wconf 89' lang='lat' dir='ltr'><strong>liberis</strong></span> <span class='ocrx_word' id='word_1_165' title='bbox 618 2546 851 2631; x_wconf 82' lang='lat' dir='ltr'><strong>Longobardis</strong></span> <span class='ocrx_word' id='word_1_166' title='bbox 865 2549 1132 2635; x_wconf 83' lang='lat' dir='ltr'><strong>aequiparentur,</strong></span> <span class='ocrx_word' id='word_1_167' title='bbox 1156 2556 1269 2617; x_wconf 79' lang='lat' dir='ltr'><strong>tamen</strong></span> <span class='ocrx_word' id='word_1_168' title='bbox 1292 2551 1425 2616; x_wconf 83' lang='lat' dir='ltr'><strong>univer·</strong></span> 
     </span>
     <span class='ocr_line' id='line_1_23' title="bbox 302 2643 1426 2732; baseline 0.004 -22"><span class='ocrx_word' id='word_1_169' title='bbox 302 2651 364 2712; x_wconf 88' lang='lat' dir='ltr'><strong>sim</strong></span> <span class='ocrx_word' id='word_1_170' title='bbox 398 2643 479 2711; x_wconf 92' lang='lat' dir='ltr'><strong>illud</strong></span> <span class='ocrx_word' id='word_1_171' title='bbox 512 2655 657 2729; x_wconf 85' lang='lat' dir='ltr'><strong>systema</strong></span> <span class='ocrx_word' id='word_1_172' title='bbox 688 2643 861 2732; x_wconf 89' lang='lat' dir='ltr'><strong>politicum</strong></span> <span class='ocrx_word' id='word_1_173' title='bbox 894 2656 961 2711; x_wconf 87' lang='lat' dir='ltr'><strong>toto</strong></span> <span class='ocrx_word' id='word_1_174' title='bbox 1003 2656 1150 2732; x_wconf 87' lang='lat' dir='ltr'><strong>tompore</strong></span> <span class='ocrx_word' id='word_1_175' title='bbox 1186 2648 1426 2714; x_wconf 84' lang='lat' dir='ltr'><strong>dominationis</strong></span> 
     </span>
     <span class='ocr_line' id='line_1_24' title="bbox 302 2742 1425 2830; baseline 0.002 -22"><span class='ocrx_word' id='word_1_176' title='bbox 302 2766 381 2810; x_wconf 88' lang='lat' dir='ltr'><strong>suae</strong></span> <span class='ocrx_word' id='word_1_177' title='bbox 404 2742 618 2830; x_wconf 81' lang='lat' dir='ltr'><strong>Langobardi</strong></span> <span class='ocrx_word' id='word_1_178' title='bbox 650 2743 754 2808; x_wconf 91' lang='lat' dir='ltr'><strong>secuti</strong></span> <span class='ocrx_word' id='word_1_179' title='bbox 778 2751 864 2824; x_wconf 88' lang='lat' dir='ltr'><strong>sunt,</strong></span> <span class='ocrx_word' id='word_1_180' title='bbox 899 2753 931 2808; x_wconf 90' lang='lat' dir='ltr'><strong>et</strong></span> <span class='ocrx_word' id='word_1_181' title='bbox 953 2743 1053 2810; x_wconf 85' lang='lat' dir='ltr'><strong>Italos</strong></span> <span class='ocrx_word' id='word_1_182' title='bbox 1076 2743 1242 2830; x_wconf 83' lang='lat' dir='ltr'><strong>subjectos</strong></span> <span class='ocrx_word' id='word_1_183' title='bbox 1264 2747 1300 2812; x_wconf 86' lang='lat' dir='ltr'><strong>in</strong></span> <span class='ocrx_word' id='word_1_184' title='bbox 1323 2749 1425 2811; x_wconf 86' lang='lat' dir='ltr'><strong>servi-</strong></span> 
     </span>
     <span class='ocr_line' id='line_1_25' title="bbox 302 2840 1427 2928; baseline 0.003 -22"><span class='ocrx_word' id='word_1_185' title='bbox 302 2851 371 2908; x_wconf 88' lang='lat' dir='ltr'><strong>tute</strong></span> <span class='ocrx_word' id='word_1_186' title='bbox 393 2841 569 2909; x_wconf 83' lang='lat' dir='ltr'><strong>tribntaria</strong></span> <span class='ocrx_word' id='word_1_187' title='bbox 593 2841 810 2906; x_wconf 84' lang='lat' dir='ltr'><strong>retinuerunt.</strong></span> <span class='ocrx_word' id='word_1_188' title='bbox 838 2840 929 2906; x_wconf 89' lang='lat' dir='ltr'><strong>Hinc</strong></span> <span class='ocrx_word' id='word_1_189' title='bbox 952 2843 1107 2928; x_wconf 88' lang='lat' dir='ltr'><strong>quamvis</strong></span> <span class='ocrx_word' id='word_1_190' title='bbox 1130 2842 1259 2908; x_wconf 88' lang='lat' dir='ltr'><strong>duobus</strong></span> <span class='ocrx_word' id='word_1_191' title='bbox 1281 2843 1427 2909; x_wconf 86' lang='lat' dir='ltr'><strong>saeculis</strong></span> 
     </span>
     <span class='ocr_line' id='line_1_26' title="bbox 303 2938 1427 3025; baseline 0.001 -20"><span class='ocrx_word' id='word_1_192' title='bbox 303 2941 452 3006; x_wconf 87' lang='lat' dir='ltr'><strong>nationes</strong></span> <span class='ocrx_word' id='word_1_193' title='bbox 480 2941 561 3004; x_wconf 88' lang='lat' dir='ltr'><strong>istae</strong></span> <span class='ocrx_word' id='word_1_194' title='bbox 585 2940 737 3004; x_wconf 82' lang='lat' dir='ltr'><strong>viverent</strong></span> <span class='ocrx_word' id='word_1_195' title='bbox 763 2938 916 3025; x_wconf 86' lang='lat' dir='ltr'><strong>junctae,</strong></span> <span class='ocrx_word' id='word_1_196' title='bbox 940 2949 1053 3006; x_wconf 81' lang='lat' dir='ltr'><strong>tamen</strong></span> <span class='ocrx_word' id='word_1_197' title='bbox 1076 2938 1166 3006; x_wconf 91' lang='lat' dir='ltr'><strong>nulla</strong></span> <span class='ocrx_word' id='word_1_198' title='bbox 1189 2941 1359 3006; x_wconf 75' lang='lat' dir='ltr'><strong>amicitiae</strong></span> <span class='ocrx_word' id='word_1_199' title='bbox 1393 2952 1427 3006; x_wconf 87' lang='lat' dir='ltr'><strong>et</strong></span> 
     </span>
     <span class='ocr_line' id='line_1_27' title="bbox 303 3037 1427 3124; baseline 0.002 -22"><span class='ocrx_word' id='word_1_200' title='bbox 303 3039 487 3104; x_wconf 85' lang='lat' dir='ltr'><strong>affectionis</strong></span> <span class='ocrx_word' id='word_1_201' title='bbox 519 3038 682 3102; x_wconf 88' lang='lat' dir='ltr'><strong>connexio</strong></span> <span class='ocrx_word' id='word_1_202' title='bbox 712 3038 798 3102; x_wconf 90' lang='lat' dir='ltr'><strong>inter</strong></span> <span class='ocrx_word' id='word_1_203' title='bbox 821 3058 876 3102; x_wconf 87' lang='lat' dir='ltr'><strong>eas</strong></span> <span class='ocrx_word' id='word_1_204' title='bbox 900 3037 1015 3103; x_wconf 86' lang='lat' dir='ltr'><strong>oborta</strong></span> <span class='ocrx_word' id='word_1_205' title='bbox 1038 3047 1096 3120; x_wconf 87' lang='lat' dir='ltr'><strong>est,</strong></span> <span class='ocrx_word' id='word_1_206' title='bbox 1120 3058 1228 3124; x_wconf 90' lang='lat' dir='ltr'><strong>eaque</strong></span> <span class='ocrx_word' id='word_1_207' title='bbox 1250 3038 1320 3102; x_wconf 88' lang='lat' dir='ltr'><strong>fere</strong></span> <span class='ocrx_word' id='word_1_208' title='bbox 1343 3038 1427 3104; x_wconf 88' lang='lat' dir='ltr'><strong>rela-</strong></span> 
     </span>
     <span class='ocr_line' id='line_1_28' title="bbox 304 3133 1427 3221; baseline 0.002 -21"><span class='ocrx_word' id='word_1_209' title='bbox 304 3138 348 3202; x_wconf 88' lang='lat' dir='ltr'><strong>tio</strong></span> <span class='ocrx_word' id='word_1_210' title='bbox 373 3138 458 3201; x_wconf 85' lang='lat' dir='ltr'><strong>inter</strong></span> <span class='ocrx_word' id='word_1_211' title='bbox 480 3137 569 3221; x_wconf 89' lang='lat' dir='ltr'><strong>ipsas</strong></span> <span class='ocrx_word' id='word_1_212' title='bbox 594 3145 679 3216; x_wconf 87' lang='lat' dir='ltr'><strong>erat,</strong></span> <span class='ocrx_word' id='word_1_213' title='bbox 713 3134 819 3221; x_wconf 87' lang='lat' dir='ltr'><strong>qualis</strong></span> <span class='ocrx_word' id='word_1_214' title='bbox 843 3145 955 3202; x_wconf 83' lang='lat' dir='ltr'><strong>nostre</strong></span> <span class='ocrx_word' id='word_1_215' title='bbox 983 3143 1091 3201; x_wconf 88' lang='lat' dir='ltr'><strong>aetate</strong></span> <span class='ocrx_word' id='word_1_216' title='bbox 1115 3145 1163 3199; x_wconf 87' lang='lat' dir='ltr'><strong>est</strong></span> <span class='ocrx_word' id='word_1_217' title='bbox 1186 3136 1273 3200; x_wconf 87' lang='lat' dir='ltr'><strong>inter</strong></span> <span class='ocrx_word' id='word_1_218' title='bbox 1295 3133 1427 3202; x_wconf 82' lang='lat' dir='ltr'><strong>Turcas</strong></span> 
     </span>
     <span class='ocr_line' id='line_1_29' title="bbox 304 3231 1100 3319; baseline -0.005 -17"><span class='ocrx_word' id='word_1_219' title='bbox 304 3235 512 3302; x_wconf 85' lang='lat' dir='ltr'><strong>dominantes</strong></span> <span class='ocrx_word' id='word_1_220' title='bbox 537 3241 569 3298; x_wconf 91' lang='lat' dir='ltr'><strong>et</strong></span> <span class='ocrx_word' id='word_1_221' title='bbox 593 3231 798 3298; x_wconf 77' lang='lat' dir='ltr'><strong>Christianos</strong></span> <span class='ocrx_word' id='word_1_222' title='bbox 821 3234 901 3318; x_wconf 85' lang='lat' dir='ltr'><strong>ipsis</strong></span> <span class='ocrx_word' id='word_1_223' title='bbox 924 3231 1100 3319; x_wconf 89' lang='lat' dir='ltr'><strong>subjectos.</strong></span> 
     </span>
    </p>

    <p class='ocr_par' dir='ltr' id='par_1_4' title="bbox 298 3329 1429 4008">
     <span class='ocr_line' id='line_1_30' title="bbox 395 3329 1427 3416; baseline 0.002 -20"><span class='ocrx_word' id='word_1_224' title='bbox 395 3333 446 3397; x_wconf 78' lang='lat'><strong>17.</strong></span> <span class='ocrx_word' id='word_1_225' title='bbox 472 3331 566 3412; x_wconf 78' lang='lat' dir='ltr'><strong>Quae</strong></span> <span class='ocrx_word' id='word_1_226' title='bbox 597 3353 698 3416; x_wconf 91' lang='lat' dir='ltr'><strong>quum</strong></span> <span class='ocrx_word' id='word_1_227' title='bbox 732 3332 778 3394; x_wconf 85' lang='lat' dir='ltr'><strong>ita</strong></span> <span class='ocrx_word' id='word_1_228' title='bbox 808 3353 878 3396; x_wconf 86' lang='lat' dir='ltr'><strong>sese</strong></span> <span class='ocrx_word' id='word_1_229' title='bbox 901 3329 1070 3414; x_wconf 80' lang='lat' dir='ltr'><strong>haberent,</strong></span> <span class='ocrx_word' id='word_1_230' title='bbox 1095 3329 1193 3396; x_wconf 89' lang='lat' dir='ltr'><strong>facile</strong></span> <span class='ocrx_word' id='word_1_231' title='bbox 1216 3330 1427 3416; x_wconf 81' lang='lat' dir='ltr'><strong>intelligitur,</strong></span> 
     </span>
     <span class='ocr_line' id='line_1_31' title="bbox 303 3427 1427 3518; baseline -0.002 -21"><span class='ocrx_word' id='word_1_232' title='bbox 303 3431 493 3518; x_wconf 88' lang='lat' dir='ltr'><strong>provincias</strong></span> <span class='ocrx_word' id='word_1_233' title='bbox 516 3428 590 3494; x_wconf 86' lang='lat' dir='ltr'><strong>illae</strong></span> <span class='ocrx_word' id='word_1_234' title='bbox 612 3428 738 3512; x_wconf 81' lang='lat' dir='ltr'><strong>Italiac,</strong></span> <span class='ocrx_word' id='word_1_235' title='bbox 772 3450 857 3516; x_wconf 91' lang='lat' dir='ltr'><strong>quae</strong></span> <span class='ocrx_word' id='word_1_236' title='bbox 879 3427 1111 3513; x_wconf 86' lang='lat' dir='ltr'><strong>Longobardis</strong></span> <span class='ocrx_word' id='word_1_237' title='bbox 1139 3449 1206 3494; x_wconf 88' lang='lat' dir='ltr'><strong>non</strong></span> <span class='ocrx_word' id='word_1_238' title='bbox 1229 3440 1325 3494; x_wconf 86' lang='lat' dir='ltr'><strong>erant</strong></span> <span class='ocrx_word' id='word_1_239' title='bbox 1350 3431 1427 3496; x_wconf 84' lang='lat' dir='ltr'><strong>snb-</strong></span> 
     </span>
     <span class='ocr_line' id='line_1_32' title="bbox 298 3525 1428 3615; baseline 0.002 -22"><span class='ocrx_word' id='word_1_240' title='bbox 298 3530 418 3615; x_wconf 87' lang='lat' dir='ltr'><strong>jectae,</strong></span> <span class='ocrx_word' id='word_1_241' title='bbox 444 3527 560 3592; x_wconf 90' lang='lat' dir='ltr'><strong>horum</strong></span> <span class='ocrx_word' id='word_1_242' title='bbox 580 3528 701 3613; x_wconf 85' lang='lat' dir='ltr'><strong>jugum</strong></span> <span class='ocrx_word' id='word_1_243' title='bbox 716 3537 748 3590; x_wconf 91' lang='lat' dir='ltr'><strong>et</strong></span> <span class='ocrx_word' id='word_1_244' title='bbox 762 3526 1022 3592; x_wconf 89' lang='lat' dir='ltr'><strong>dominationem</strong></span> <span class='ocrx_word' id='word_1_245' title='bbox 1039 3525 1253 3592; x_wconf 89' lang='lat' dir='ltr'><strong>vehementer</strong></span> <span class='ocrx_word' id='word_1_246' title='bbox 1275 3528 1428 3594; x_wconf 89' lang='lat' dir='ltr'><strong>reformi-</strong></span> 
     </span>
     <span class='ocr_line' id='line_1_33' title="bbox 304 3624 1428 3711; baseline 0.001 -20"><span class='ocrx_word' id='word_1_247' title='bbox 304 3628 407 3692; x_wconf 86' lang='lat' dir='ltr'><strong>dasse.</strong></span> <span class='ocrx_word' id='word_1_248' title='bbox 459 3627 509 3689; x_wconf 85' lang='lat' dir='ltr'><strong>Eo</strong></span> <span class='ocrx_word' id='word_1_249' title='bbox 551 3626 656 3711; x_wconf 90' lang='lat' dir='ltr'><strong>major</strong></span> <span class='ocrx_word' id='word_1_250' title='bbox 694 3634 804 3689; x_wconf 89' lang='lat' dir='ltr'><strong>autem</strong></span> <span class='ocrx_word' id='word_1_251' title='bbox 836 3626 965 3689; x_wconf 83' lang='lat' dir='ltr'><strong>aversio</strong></span> <span class='ocrx_word' id='word_1_252' title='bbox 996 3633 1066 3689; x_wconf 88' lang='lat' dir='ltr'><strong>erat</strong></span> <span class='ocrx_word' id='word_1_253' title='bbox 1098 3647 1118 3688; x_wconf 90' lang='lat' dir='ltr'><strong>a</strong></span> <span class='ocrx_word' id='word_1_254' title='bbox 1149 3632 1247 3708; x_wconf 85' lang='lat' dir='ltr'><strong>gente</strong></span> <span class='ocrx_word' id='word_1_255' title='bbox 1271 3624 1428 3707; x_wconf 76' lang='lat' dir='ltr'><strong>barbara,</strong></span> 
     </span>
     <span class='ocr_line' id='line_1_34' title="bbox 303 3721 1428 3812; baseline 0 -22"><span class='ocrx_word' id='word_1_256' title='bbox 303 3725 457 3811; x_wconf 75' lang='lat' dir='ltr'><strong>nefanda,</strong></span> <span class='ocrx_word' id='word_1_257' title='bbox 475 3724 598 3812; x_wconf 80' lang='lat' dir='ltr'><strong>putida</strong></span> <span class='ocrx_word' id='word_1_258' title='bbox 611 3721 917 3806; x_wconf 85' lang='lat' dir='ltr'><strong>Longobardcrum,</strong></span> <span class='ocrx_word' id='word_1_259' title='bbox 933 3722 1020 3810; x_wconf 90' lang='lat' dir='ltr'><strong>quod</strong></span> <span class='ocrx_word' id='word_1_260' title='bbox 1034 3721 1068 3786; x_wconf 92' lang='lat' dir='ltr'><strong>hi</strong></span> <span class='ocrx_word' id='word_1_261' title='bbox 1090 3723 1168 3786; x_wconf 86' lang='lat' dir='ltr'><strong>satis</strong></span> <span class='ocrx_word' id='word_1_262' title='bbox 1182 3729 1294 3808; x_wconf 86' lang='lat' dir='ltr'><strong>aperte</strong></span> <span class='ocrx_word' id='word_1_263' title='bbox 1317 3733 1428 3790; x_wconf 85' lang='lat' dir='ltr'><strong>osten-</strong></span> 
     </span>
     <span class='ocr_line' id='line_1_35' title="bbox 304 3818 1429 3908; baseline -0.001 -20"><span class='ocrx_word' id='word_1_264' title='bbox 304 3823 428 3906; x_wconf 89' lang='lat' dir='ltr'><strong>derent,</strong></span> <span class='ocrx_word' id='word_1_265' title='bbox 454 3821 488 3888; x_wconf 88' lang='lat' dir='ltr'><strong>id</strong></span> <span class='ocrx_word' id='word_1_266' title='bbox 513 3823 593 3907; x_wconf 91' lang='lat' dir='ltr'><strong>ipsis</strong></span> <span class='ocrx_word' id='word_1_267' title='bbox 616 3821 819 3908; x_wconf 90' lang='lat' dir='ltr'><strong>propositum</strong></span> <span class='ocrx_word' id='word_1_268' title='bbox 835 3843 915 3902; x_wconf 88' lang='lat' dir='ltr'><strong>esse,</strong></span> <span class='ocrx_word' id='word_1_269' title='bbox 936 3831 974 3884; x_wconf 93' lang='lat' dir='ltr'><strong>ut</strong></span> <span class='ocrx_word' id='word_1_270' title='bbox 986 3831 1089 3886; x_wconf 85' lang='lat' dir='ltr'><strong>totam</strong></span> <span class='ocrx_word' id='word_1_271' title='bbox 1103 3818 1235 3886; x_wconf 85' lang='lat' dir='ltr'><strong>Italiam</strong></span> <span class='ocrx_word' id='word_1_272' title='bbox 1259 3818 1324 3886; x_wconf 87' lang='lat' dir='ltr'><strong>sibi</strong></span> <span class='ocrx_word' id='word_1_273' title='bbox 1350 3821 1429 3888; x_wconf 88' lang='lat' dir='ltr'><strong>sub·</strong></span> 
     </span>
     <span class='ocr_line' id='line_1_36' title="bbox 299 3917 1428 4008; baseline -0.002 -22"><span class='ocrx_word' id='word_1_274' title='bbox 299 3923 451 4008; x_wconf 87' lang='lat' dir='ltr'><strong>jicerent.</strong></span> <span class='ocrx_word' id='word_1_275' title='bbox 506 3920 634 3984; x_wconf 87' lang='lat' dir='ltr'><strong>Passim</strong></span> <span class='ocrx_word' id='word_1_276' title='bbox 669 3920 769 3986; x_wconf 88' lang='lat' dir='ltr'><strong>etiam</strong></span> <span class='ocrx_word' id='word_1_277' title='bbox 793 3917 1006 4004; x_wconf 84' lang='lat' dir='ltr'><strong>Longobardi</strong></span> <span class='ocrx_word' id='word_1_278' title='bbox 1042 3919 1077 3982; x_wconf 91' lang='lat' dir='ltr'><strong>in</strong></span> <span class='ocrx_word' id='word_1_279' title='bbox 1109 3919 1189 3982; x_wconf 85' lang='lat' dir='ltr'><strong>istas</strong></span> <span class='ocrx_word' id='word_1_280' title='bbox 1219 3919 1428 4003; x_wconf 86' lang='lat' dir='ltr'><strong>provincias,</strong></span> 
     </span>
    </p>
   </div>
   <div class='ocr_carea' id='block_1_3' title="bbox 303 4145 1430 4302">
    <p class='ocr_par' dir='ltr' id='par_1_5' title="bbox 303 4145 1430 4302">
     <span class='ocr_line' id='line_1_37' title="bbox 304 4145 1430 4219; baseline -0.003 -12"><span class='ocrx_word' id='word_1_281' title='bbox 304 4151 454 4216; x_wconf 80' lang='lat' dir='ltr'><strong>exstinctis,</strong></span> <span class='ocrx_word' id='word_1_282' title='bbox 464 4149 584 4219; x_wconf 82' lang='lat' dir='ltr'><strong>exceptis</strong></span> <span class='ocrx_word' id='word_1_283' title='bbox 595 4149 638 4206; x_wconf 87' lang='lat' dir='ltr'><strong>his</strong></span> <span class='ocrx_word' id='word_1_284' title='bbox 656 4147 814 4218; x_wconf 75' lang='lat' dir='ltr'><strong>regionibns</strong></span> <span class='ocrx_word' id='word_1_285' title='bbox 827 4163 894 4218; x_wconf 83' lang='lat' dir='ltr'><strong>quas</strong></span> <span class='ocrx_word' id='word_1_286' title='bbox 913 4147 1013 4204; x_wconf 86' lang='lat' dir='ltr'><strong>Albuiu</strong></span> <span class='ocrx_word' id='word_1_287' title='bbox 1032 4153 1148 4216; x_wconf 81' lang='lat' dir='ltr'><strong>ceperat,</strong></span> <span class='ocrx_word' id='word_1_288' title='bbox 1160 4145 1244 4205; x_wconf 76' lang='lat' dir='ltr'><strong>Italia</strong></span> <span class='ocrx_word' id='word_1_289' title='bbox 1261 4147 1430 4204; x_wconf 82' lang='lat' dir='ltr'><strong>exmaxr&#39;ma</strong></span> 
     </span>
     <span class='ocr_line' id='line_1_38' title="bbox 303 4227 1143 4302; baseline -0.005 -16"><span class='ocrx_word' id='word_1_290' title='bbox 303 4237 383 4302; x_wconf 83' lang='lat' dir='ltr'><strong>parte</strong></span> <span class='ocrx_word' id='word_1_291' title='bbox 401 4237 489 4300; x_wconf 74' lang='lat' dir='ltr'><strong>capto,</strong></span> <span class='ocrx_word' id='word_1_292' title='bbox 508 4239 537 4285; x_wconf 90' lang='lat' dir='ltr'><strong>et</strong></span> <span class='ocrx_word' id='word_1_293' title='bbox 555 4229 703 4300; x_wconf 81' lang='lat' dir='ltr'><strong>subjugata</strong></span> <span class='ocrx_word' id='word_1_294' title='bbox 721 4232 787 4284; x_wconf 79' lang='lat' dir='ltr'><strong>est“</strong></span> <span class='ocrx_word' id='word_1_295' title='bbox 807 4227 879 4284; x_wconf 86' lang='lat' dir='ltr'><strong>Hist.</strong></span> <span class='ocrx_word' id='word_1_296' title='bbox 898 4227 984 4298; x_wconf 77' lang='lat' dir='ltr'><strong>Long.</strong></span> <span class='ocrx_word' id='word_1_297' title='bbox 1004 4227 1039 4284; x_wconf 93' lang='lat' dir='ltr'><strong>ll.</strong></span> <span class='ocrx_word' id='word_1_298' title='bbox 1058 4243 1080 4282; x_wconf 92' lang='lat' dir='ltr'><strong>c.</strong></span> <span class='ocrx_word' id='word_1_299' title='bbox 1099 4229 1143 4284; x_wconf 76' lang='lat'><strong>32.</strong></span> 
     </span>
    </p>
   </div>
   <div class='ocr_carea' id='block_1_4' title="bbox 0 0 1506 4836">
    <p class='ocr_par' dir='ltr' id='par_1_6' title="bbox 0 0 1506 4836">
     <span class='ocr_line' id='line_1_39' title="bbox 0 0 1506 4836; baseline 0 0"><span class='ocrx_word' id='word_1_300' title='bbox 0 0 1506 4836; x_wconf 95' lang='lat' dir='ltr'><strong> </strong></span> 
     </span>
    </p>
   </div>
  </div>
 </body>
</html>
