2898 4836
313 475 348 528 48
501 472 601 525 XVIII.
639 472 678 526 De
696 472 825 528 Romanus
843 471 1018 526 Pontificem
1036 472 1136 524 saecoli
1155 470 1257 524 decimi.

169 638 278 678 maras
315 627 347 678 et
362 617 433 700 ipsa
445 617 593 680 senatrix
604 616 737 682 dicitur.
762 613 891 680 Habuit
903 614 1077 680 Theodora
1088 614 1175 678 duas
1186 614 1279 696 filias,
1292 615 1417 677 hieriam

170 701 273 739 '‘Tm‘'
313 735 372 778 seu
395 715 571 778 Marotiam
595 711 806 800 (Mariuccia)
830 735 950 794 anain,
981 713 1118 776 alteram
1142 711 1348 776 Theodoram
1370 713 1421 792 (iu-

314 810 470 896 niorem),
502 834 588 896 quae
611 821 648 876 ut
671 814 758 896 ipss,
791 810 1055 896 pulchritudine,
1087 807 1266 874 ambitione
1291 819 1325 872 et
1346 824 1420 894 pote

312 919 396 974 state
426 907 572 974 famosae
602 909 736 984 suere.¹l
783 911 946 974 Baronius
970 909 1019 972 ad
1052 929 1082 972 a.
1106 909 1172 972 908
1197 930 1230 970 n.
1252 907 1283 970 6.
1310 906 1420 972 scribit

311 1029 385 1072 eam
414 1006 571 1072 habuisse
601 1006 661 1070 has
685 1006 771 1072 lilias
794 1029 837 1070 ex
859 1005 1042 1072 Adslberto
1066 1007 1211 1070 Tusciae
1233 1004 1420 1082 marchione.

310 1105 369 1168 sed
393 1104 482 1171 nullo
506 1116 701 1189 argumento
724 1105 788 1169 hoe
812 1104 979 1189 probatur.
1006 1139 1047 1153 ψ
1072 1103 1279 1188 Damberger
1303 1103 1356 1185 (T.
1376 1102 1421 1165 lV.

312 1225 343 1288 p.
364 1203 417 1268 90.
444 1205 521 1282 171)
546 1203 637 1282 dicit
663 1201 873 1268 Theodoram
892 1202 963 1286 jam
989 1201 1131 1266 viduam
1149 1225 1179 1267 a
1198 1203 1264 1266 894
1287 1203 1422 1286 nupsisse

311 1300 505 1382 Adolberto,
530 1300 588 1364 sed
613 1300 655 1364 ab
680 1323 718 1363 eo
732 1324 763 1366 a.
779 1300 843 1364 896
860 1301 961 1364 fuisse
978 1299 1197 1384 repudiatam.
1225 1298 1325 1364 Nullo
1340 1299 1422 1362 modo

312 1399 346 1462 id
370 1400 450 1477 satis
472 1409 612 1464 constat.
628 1435 670 1446 -κ
686 1398 828 1464 Videtur
843 1397 1019 1462 Theodora
1044 1397 1201 1462 diuturno
1225 1399 1421 1462 matrimonio

307 1497 426 1580 juncta
449 1496 550 1560 fuisse
575 1495 839 1580 Theophylaoto,
869 1507 967 1560 etex
991 1495 1053 1558 hoc
1078 1494 1245 1560 censenda
1269 1504 1321 1559 est
1342 1515 1421 1579 pepe

311 1595 393 1660 risse
423 1593 600 1658 llarotiam
630 1603 663 1658 et
694 1593 914 1658 Theodoram.
961 1592 1048 1657 Ounr
1071 1592 1272 1657 Adalbertrm
1297 1593 1421 1656 Tusciae

314 1691 459 1756 marchio
494 1691 584 1756 baud
608 1691 733 1756 Romae
764 1691 914 1774 degeret,
948 1690 1065 1756 sedin
1090 1691 1228 1770 Tuscia,
1263 1690 1421 1756 Theodoro

312 1807 423 1854 autem
449 1792 605 1854 continuo
621 1789 745 1852 Rornae
769 1790 870 1854 fuisse
895 1798 1110 1874 supponatur,
1134 1790 1422 1874 ineptesnntqnse

313 1887 354 1952 de
378 1889 449 1972 ejus
474 1909 549 1950 cum
565 1885 747 1952 Adalberto
773 1888 970 1950 commercio
995 1887 1229 1971 conjiciuntur.
1257 1885 1326 1952 Sed
1343 1907 1421 1971 quer·

314 1987 452 2050 ationem
479 1981 649 2050 difficilem
674 1985 715 2050 de
739 1986 841 2068 stirpe
861 1983 1055 2048 Theodorae
1080 1983 1215 2047 soluisse
1240 1983 1374 2048 videtur
1392 1981 1420 2044 cl.

313 2083 436 2164 Bolas,
471 2085 527 2168 qui
557 2085 672 2148 statuit
696 2082 822 2146 collatis
846 2083 1068 2162 documentis,
1102 2080 1316 2146 Theodoram
1340 2082 1422 2144 fusa

314 2180 416 2244 liliam
440 2179 614 2246 Adalberti
639 2181 655 2244 I
686 2179 889 2244 marchionis
912 2180 1070 2262 Tusciae,
1104 2202 1144 2242 ac
1167 2202 1316 2244 sororem
1341 2177 1419 2244 Adrl

313 2277 398 2342 berti
421 2277 497 2358 11.²)
534 2278 656 2363 Nupsit
678 2287 789 2342 autem
805 2276 1055 2362 Theophylaoto
1080 2276 1206 2342 consuli
1229 2300 1270 2341 ae
1295 2289 1419 2343 senatos

314 2375 479 2456 Romano,
513 2387 613 2462 atque
640 2399 682 2440 ex
711 2375 814 2441 nobili
839 2374 986 2440 mulieris
1010 2374 1183 2460 parentela
1204 2385 1236 2438 et
1260 2399 1306 2439 sx
1330 2375 1420 2440 moriri

314 2473 474 2558 dignitate
498 2475 631 2557 insigni,
657 2475 803 2540 influxus
828 2473 927 2560 hujus
948 2473 1094 2539 feminae
1119 2472 1319 2558 explicatur.
1356 2472 1422 2536 The

314 2571 511 2657 ophylactus
534 2571 644 2636 adbuc
665 2593 752 2636 anno
768 2572 844 2653 915,
869 2593 971 2656 quum
988 2571 1208 2656 Berengnrius
1223 2593 1245 2634 a
1257 2569 1421 2636 JoanneX

316 2672 350 2734 in
373 2670 610 2756 Imperatorem
643 2679 871 2754 coronaretur,
902 2668 1056 2751 vivebat,
1088 2679 1120 2734 et
1145 2677 1246 2753 caput
1274 2668 1421 2734 nobilium

315 2769 539 2834 Romanorum
563 2769 663 2834 luisse
688 2767 862 2846 videtur.³)

403 2885 457 2947 47.
482 2885 622 2947 Marotia
646 2903 910 2947 versosannum
934 2883 1000 2946 905
1024 2883 1137 2968 nupsit
1153 2882 1313 2948 Alberico
1328 2883 1421 2946 comiti

314 2982 513 3059 Tusculano,
538 2981 706 3046 Camerini
732 2982 818 3058 duci,
843 3003 883 3045 ac
905 2982 1050 3066 principi
1075 2979 1248 3066 Spoleti3⁴)
1273 2990 1371 3068 atque
1391 2999 1422 3040 rr

315 3081 485 3164 utriusque
516 3079 661 3142 familiae
686 3079 860 3164 splendore
884 3080 1007 3142 fscmm
1032 3089 1097 3157 est,
1128 3089 1165 3142 ut
1188 3078 1380 3144 'l'lreodorae
1399 3089 1421 3136 et
1446 3091 1447 3130 l

318 3177 477 3241 Marotiae
508 3175 654 3241 influxus
685 3180 718 3240 in
751 3197 802 3240 res
828 3177 992 3240 Rornanas
1015 3179 1114 3240 etiam
1141 3187 1313 3241 cresceret.
1358 3176 1421 3239 Est
1446 3189 1447 3228 I

387 3379 408 3448 ¹)
427 3379 554 3434 Seriount
572 3381 693 3448 plerique
711 3387 848 3444 auctores,
875 3380 988 3434 fratrem
1006 3380 1119 3434 istarum
1138 3379 1209 3434 hand
1227 3377 1414 3436 commemoret
1446 3405 1447 3412 .

314 3461 444 3514 Attamen
469 3474 550 3526 quum
567 3459 751 3528 Bereogarius
778 3461 919 3514 anmals
939 3459 967 3514 iu
986 3459 1384 3527 Imperatoremeoronmmr.
1402 3472 1421 3508 o
1446 3465 1447 3522 ξ

317 3538 441 3594 Consiua
469 3539 662 3608 Theophylactt'
685 3540 773 3606 filius,
802 3547 831 3594 et
855 3539 954 3594 Petrus
979 3539 1065 3594 frater
1090 3539 1205 3594 Joounls
1229 3541 1256 3596 X
1283 3542 1421 3610 praecipuo*
1446 3571 1447 3574 ¹

314 3619 426 3672 honores
444 3617 639 3686 persolvemnt.
665 3619 711 3674 Ita
729 3619 914 3688 Panegyricus
932 3619 1110 3688 Berengarii5
1129 3619 1178 3674 cfr.
1194 3616 1419 3676 Marmaridum
1446 3617 1447 3684 l

314 3700 348 3752 ed
367 3715 391 3754 a.
410 3699 470 3752 915.
499 3697 608 3752 Dixeris
631 3698 708 3753 illum
727 3699 921 3767 Theophylacti
940 3699 1025 3754 filium
1043 3699 1176 3754 Marotiae
1195 3701 1317 3756 fratrem.

387 3778 408 3847 ²)
427 3779 459 3832 V.
478 3778 564 3833 Balon
584 3779 674 3832 Storia
691 3777 716 3832 d’
729 3779 819 3834 Italis.
838 3779 868 3834 L.
888 3779 978 3834 XVII.
999 3795 1025 3836 n.
1044 3779 1117 3834 XIV.

387 3858 407 3928 ³)
428 3859 460 3912 V.
480 3859 622 3922 Romaest,
642 3859 734 3914 Gesolr.
755 3859 780 3914 d.
800 3859 880 3915 suot
898 3859 973 3914 Rom.
993 3861 1024 3914 B.
1038 3861 1074 3916 II.
1093 3859 1119 3915 S.
1132 3861 1200 3927 22&
1220 3859 1418 3928 Hergeorotoer.

386 4019 408 4083 ⁴)
427 4017 481 4072 Otr.
501 4017 642 4080 muratori,
661 4018 761 4074 Annali
779 4018 803 4074 d'
815 4019 899 4074 Italis
919 4035 943 4076 a.
962 4021 1024 4074 910.
1042 4049 1076 4060 -·-
1096 4019 1180 4076 Initio
1199 4027 1297 4084 minen,
1320 4019 1377 4074 inde
1392 4017 1416 4067 sl

314 4115 338 4154 a
349 4099 410 4164 897,
428 4098 566 4165 Spoletum
578 4105 606 4152 et
619 4097 790 4154 Camerinum
802 4099 1005 4154 admmistmrit
1014 4099 1153 4155 Alberieus
1166 4101 1273 4156 nomios
1281 4096 1417 4168 agilum

314 4177 511 4246 imperatricis,
537 4177 635 4232 viduae
653 4177 797 4244 ondens.
820 4179 861 4234 nti
880 4180 948 4234 scite
966 4179 1161 4234 ammadvertit
1177 4181 1211 4236 el.
1229 4180 1324 4234 Bolon.
1341 4177 1415 4232 &ont

315 4257 339 4313 ὀ*
351 4257 443 4323 Italis,
461 4257 492 4314 L.
512 4258 601 4314 XVII.
621 4275 648 4313 n.
667 4257 741 4312 XIV.
