2952 4832
328 470 381 524 260
561 469 634 522 XXI.
655 469 695 522 ile
713 469 739 522 S.
761 468 892 536 Gregorio
913 467 967 522 VII
986 469 1061 524 Rom.
1083 471 1223 526 Pontifice.

328 635 515 676 mensuram
540 614 607 674 vim
624 611 733 676 facero
757 633 857 696 regno
883 613 1060 676 coelorum.
1102 614 1145 678 Et
1165 637 1282 680 revera
1308 641 1364 682 non
1383 621 1419 680 in·

327 711 443 774 merito
470 711 632 774 Dominus
666 733 765 795 super
798 721 960 774 nostrates
992 711 1173 776 monachos
1208 713 1418 799 despectionem

326 807 499 872 effundere
526 806 712 871 videbatur.
745 807 831 870 Nam
848 809 1069 892 quorumdam
1086 811 1419 894 pseudomonachorum

328 906 459 989 privata
483 905 667 988 ignominia
683 927 803 968 nomen
822 905 1060 969 monachorum
1079 907 1295 974 vehementer
1318 912 1419 974 insana

327 1013 429 1082 verat,
463 1005 518 1087 qui
545 1004 665 1066 omisso
690 1003 799 1066 studio
825 1003 1015 1068 divinarum
1040 1028 1160 1076 rerum,
1191 1017 1295 1072 totam
1319 1031 1420 1094 operan

326 1101 477 1185 pecuniis
516 1110 547 1163 et
579 1100 770 1184 quaestibus
805 1099 1026 1166 insumebant.
1073 1103 1118 1166 Hi
1152 1127 1209 1188 pro
1244 1107 1379 1170 abbatiis
1401 1125 1421 1170 et

330 1197 576 1282 episcopatibus
601 1219 696 1260 aures
721 1200 909 1282 principum
935 1200 1121 1283 importune
1146 1201 1378 1286 obtundebant,
1402 1221 1421 1266 et

325 1296 370 1359 ad
403 1295 543 1359 honores
575 1294 816 1359 ecclesiasticos
849 1317 914 1360 non
947 1299 1003 1359 via
1034 1299 1194 1362 virtutum
1228 1300 1279 1387 (ut
1312 1302 1420 1385 majores

325 1395 428 1457 nostri
460 1391 732 1476 consueverant),
769 1395 825 1457 sed
858 1416 915 1478 per
947 1394 1138 1458 ambitionis
1170 1411 1376 1484 praeruptum
1402 1417 1422 1460 et

326 1490 411 1554 male
457 1503 626 1577 partarum
674 1494 889 1578 pecuniarum
934 1494 1157 1576 profusionem
1204 1497 1421 1576 grassabantur.

326 1591 482 1675 Denique
522 1591 556 1652 in
588 1593 828 1675 coemptionem
863 1591 974 1672 exigui
1007 1590 1140 1654 honoris
1170 1615 1288 1657 aurcos
1325 1610 1422 1658 monta

325 1688 472 1772 quotidie
505 1689 751 1771 promittebant,
788 1687 1039 1773 saecularesque
1072 1703 1235 1774 emptores
1266 1691 1422 1774 largitionis

324 1807 404 1848 suae
430 1786 683 1850 immoderantia
707 1785 939 1866 excludebant,
974 1809 1035 1850 nec
1060 1789 1213 1852 venditor
1241 1801 1366 1855 tanturn
1385 1813 1422 1853 aa·

325 1884 425 1948 debat
458 1906 643 1968 exposcere.
678 1895 839 1970 quantum
865 1896 992 1968 emptor
1015 1899 1151 1969 paratus
1175 1897 1244 1950 erat
1268 1889 1421 1952 exsolvere.

323 1983 509 2046 Mirabatur
526 1983 679 2062 mundus,
695 1983 783 2046 unde
797 1993 908 2046 tantus
924 1985 1142 2066 pecuniarum
1158 1998 1298 2050 scateret
1315 1987 1422 2050 ilarius.

324 2079 413 2144 unde
430 2081 540 2144 Croesi
566 2090 597 2143 et
614 2081 745 2144 Tantali
770 2103 848 2164 opos
873 2083 906 2144 in
926 2083 1073 2166 privatos
1098 2081 1248 2148 homines
1273 2098 1422 2166 congesta·

281 2241 285 2252 ,
323 2179 471 2259 fuissent,
496 2189 528 2242 et
552 2201 606 2241 cos
631 2179 1011 2264 potissirnumlromines,
1038 2182 1093 2265 qui
1120 2184 1227 2245 crucis
1252 2182 1423 2246 scandalum

323 2288 356 2340 et
388 2277 591 2362 paupertatis
622 2277 752 2340 titulum
788 2278 992 2362 praeferrent
1025 2288 1057 2340 et
1096 2289 1226 2362 practer
1262 2280 1422 2366 simplicem

325 2377 451 2438 victum
476 2385 508 2438 et
525 2377 680 2438 vestitum
706 2375 787 2438 nihil
806 2377 850 2438 rei
876 2375 1048 2439 familiaris
1074 2375 1194 2441 habere
1220 2402 1255 2442 se
1272 2381 1424 2442 mentiren-

324 2485 385 2537 tur.
432 2475 498 2538 Ista
531 2473 689 2536 dominici
724 2476 794 2558 agri
828 2474 971 2552 zizania,
1007 2474 1087 2537 baec
1121 2478 1238 2539 vincae
1265 2477 1324 2540 Dei
1348 2475 1422 2540 arida

324 2583 488 2636 sarmenta
513 2581 545 2634 et
561 2571 680 2655 stipula
697 2573 839 2634 aeternis
855 2571 989 2654 ignibus
1006 2587 1212 2656 praeparata,
1237 2585 1339 2638 toturn
1356 2575 1422 2636 steri

322 2672 431 2750 gregis
456 2692 574 2754 corpus
599 2671 691 2753 quasi
719 2659 792 2732 tabe
818 2669 961 2754 quadam
987 2671 1178 2747 infecerant,
1204 2683 1236 2732 ct
1261 2671 1422 2734 secundun

323 2768 518 2853 Apostolum
543 2768 710 2830 modicum
737 2769 931 2831 termentum
958 2779 1058 2830 totam
1076 2781 1268 2852 corruperat
1291 2791 1423 2832 naissum.

323 2869 369 2930 ita
394 2877 428 2928 ut
452 2888 565 2928 omnes
589 2866 711 2928 similes
735 2868 995 2948 aestimaremur,
1026 2888 1086 2930 nec
1111 2889 1180 2928 csse
1207 2870 1239 2929 in
1265 2867 1357 2930 nobis
1379 2890 1422 2950 pu·

321 2975 447 3028 taretur
478 2967 532 3048 qui
563 2966 685 3027 taceret
717 2964 857 3044 bonum,
895 2987 958 3027 non
994 2987 1063 3028 csse
1105 2989 1206 3050 usqne
1248 2965 1291 3028 ud
1328 2987 1413 3028 unum

322 3063 461 3146 Propter
493 3061 552 3124 lieo
587 3064 753 3146 principes
785 3065 877 3142 regni
911 3062 953 3126 ad
986 3063 1223 3126 instituendam
1259 3066 1293 3126 in
1325 3061 1423 3127 ‹tatii›

321 3159 429 3224 divini
454 3161 580 3224 servitii
606 3159 761 3238 scholam,
794 3159 1011 3240 transalpinos
1043 3159 1222 3223 monachos
1247 3162 1423 3224 cvoealnint.

323 3269 481 3323 nostrates
506 3271 614 3322 mitem
641 3260 841 3344 quicumque
867 3261 899 3320 in
916 3258 1044 3322 illorum
1072 3261 1221 3322 instituta
1248 3259 1330 3322 ultro
1354 3261 1413 3320 incr

323 3358 400 3420 dere
425 3357 614 3434 noluissent,
648 3357 688 3420 de
713 3359 919 3421 monasteriis
944 3379 1018 3420 cum
1045 3359 1227 3436 ignominia
1253 3358 1423 3440 qjiciebant.

320 3456 393 3539 Ego
419 3467 539 3536 tamen,
564 3468 600 3517 ut
625 3455 785 3540 praedixi,
811 3455 852 3518 ad
878 3477 932 3517 cros
959 3458 1094 3518 veniens
1119 3465 1150 3516 et
1175 3478 1232 3538 per
1258 3455 1339 3518 Xll'
1360 3451 1422 3514 beb-

322 3553 481 3617 demades
515 3553 604 3638 apud
637 3575 691 3616 eos
718 3554 834 3637 [cirin
860 3555 893 3616 in
919 3552 1054 3615 Salelblt
1079 3555 1197 3636 partini
1225 3555 1257 3616 in
1283 3551 1423 3636 Sigebern

322 3664 551 3734 commoratus,
587 3651 808 3714 anirnadvcrti
835 3663 970 3729 nostras,
997 3673 1095 3735 quam
1116 3649 1246 3714 illorum
1272 3665 1422 3715 consuent·

321 3749 426 3826 dines,
457 3748 589 3832 regulae
622 3751 727 3812 sancti
757 3749 928 3812 Benedicti
960 3747 1076 3811 melius
1101 3771 1291 3832 congruere,
1327 3751 1421 3810 sitam

321 3857 453 3910 tenaces
498 3849 654 3932 propositi
695 3859 827 3930 tamque
870 3846 967 3926 rigidi
1007 3858 1219 3930 paternarum
1256 3861 1419 3910 nostrarum

320 3947 537 4009 traditionum
561 3944 778 4010 aemulatores
803 3945 961 4008 vellemus
977 3946 1148 4008 existere*
1168 3983 1209 3991 -—
1228 3949 1421 4026 Quantopere

322 4065 399 4106 vero
430 4067 466 4106 cro
498 4057 643 4127 tempore
683 4045 924 4106 incontinentia
956 4042 1162 4106 sarcerdoturn
1198 4045 1231 4106 in
1260 4039 1419 4106 Germania

322 4152 353 4202 ct
368 4140 476 4204 Gallia
502 4165 571 4204 sese
587 4140 772 4204 extenderit
791 4140 1019 4224 superinsjam
1037 4140 1192 4208 diximus.
1219 4161 1344 4224 eamque
1357 4157 1417 4196 nun

322 4239 458 4301 inferius
484 4239 591 4302 ‹lerruo
618 4251 798 4316 tangemus.
