2904 4834
302 531 321 586 6
481 532 584 587 XVIII.
603 533 644 588 De
662 533 790 588 Romsnis
807 533 985 590 Pontificibus
1002 533 1104 590 sscmli
1122 534 1226 590 decimi.

303 677 390 740 iuter
421 655 557 742 ciericos
589 675 748 742 ecclesiae
778 677 965 742 TicInensis
997 676 1183 762 adscriptus
1214 681 1248 742 in
1282 678 1343 742 bec
1368 699 1407 742 ec·

304 773 404 838 olcsia
438 775 500 840 fuit
535 774 704 840 diaconus.
762 774 873 855 Quum
909 796 1004 860 porro
1040 798 1069 841 e.
1104 777 1172 840 945
1202 777 1409 861 Berengsrius

305 871 451 938 marchio
465 873 644 956 Hugonem
668 871 858 958 depulIsset,
882 872 961 938 huic
980 873 1181 958 Berengsrio
1196 875 1410 960 Luitprsndns

304 993 325 1034 e
357 972 490 1036 secretis
521 971 600 1053 fuit,
634 981 733 1056 etque
767 970 809 1035 sb
843 972 914 1057 ipso
947 993 1061 1038 versus
1092 995 1121 1036 a.
1146 973 1212 1037 949
1240 971 1411 1038 Constanti·

305 1067 450 1154 nopolim
474 1069 592 1132 missus
616 1077 678 1148 est,
710 1078 746 1132 ut
769 1068 860 1154 apud
885 1067 1141 1134 Consentinum
1163 1069 1412 1156 Porphyrcgeni·

305 1175 376 1230 tum
399 1165 441 1230 de
465 1166 609 1231 ineundo
635 1166 768 1232 foedere
791 1175 825 1230 st
848 1169 998 1232 amicitis
1022 1177 1144 1252 egeret.
1192 1167 1267 1248 Quo
1292 1189 1411 1234 munero

306 1263 391 1330 bene
420 1264 554 1329 functus
583 1263 753 1350 aliquanto
784 1273 933 1349 tempore
963 1263 1073 1330 sdhuo
1096 1265 1293 1348 Berengsrii
1315 1265 1413 1329 sevon

306 1362 424 1428 fruitus
448 1373 505 1445 cst,
530 1363 654 1428 sodex
678 1364 749 1448 ejus
771 1365 878 1447 gratis
902 1363 981 1428 dein
1004 1363 1140 1444 excidit,
1164 1373 1265 1450 etque
1289 1366 1324 1428 in
1347 1362 1413 1428 Gor-

307 1461 451 1526 maniam
477 1460 626 1548 confugit
647 1461 693 1526 sd
716 1459 871 1526 Ottonsm
896 1461 913 1526 Ι
935 1460 1190 1546 Imperatorem,
1224 1463 1282 1548 qni
1309 1483 1413 1545 magno

307 1556 489 1624 inhonore
513 1580 589 1624 eum
612 1558 740 1624 habuit.
785 1559 905 1624 Vsriss
928 1580 986 1644 pro
1011 1559 1214 1645 Imperstose
1238 1559 1324 1624 obiit
1344 1558 1414 1642 legs·

307 1658 429 1738 tiones,
461 1657 651 1742 intorques
675 1657 898 1725 celebriores
922 1666 987 1738 est,
1017 1678 1118 1742 quem
1141 1679 1170 1722 s.
1194 1657 1261 1722 968
1286 1657 1414 1740 suscepit

309 1753 639 1840 Constantinopolim,
665 1765 701 1820 ut
724 1765 837 1841 ageret
860 1755 903 1820 de
926 1755 1051 1839 nuptiis
1067 1755 1223 1820 ineundis
1239 1757 1328 1819 iuter
1341 1753 1415 1818 Otto·

308 1873 385 1916 nem
408 1852 443 1917 II
472 1863 504 1918 et
526 1852 780 1939 Theophanism
810 1855 974 1937 virginem
997 1874 1041 1917 ox
1064 1853 1165 1938 stirpe
1188 1851 1414 1938 Imperatorum

308 1948 522 2015 Graeccmm.
569 1949 623 2016 Ab
648 1951 809 2018 Ottonel
839 1971 971 2037 quoque
995 1949 1140 2016 othnuit
1161 1973 1192 2014 a.
1217 1951 1285 2015 962
1309 1951 1416 2034 episco-

308 2057 424 2134 patum
457 2046 728 2132 Cremonensem,
763 2059 796 2113 ct
825 2050 933 2134 ipsum
965 2049 1141 2114 comitatus
1168 2057 1218 2112 est
1245 2070 1276 2113 s.
1302 2047 1365 2112 963
1390 2047 1414 2108 in

309 2145 522 2231 expeditione
546 2147 713 2231 Romane,
747 2169 889 2234 suesque
920 2157 1030 2232 partes
1060 2147 1128 2230 egit
1150 2147 1186 2210 in
1209 2142 1416 2210 concitisbulo

310 2245 345 2307 in
376 2265 440 2329 quo
464 2245 611 2312 Joannes
634 2245 703 2310 XII
733 2245 909 2310 destitutus
940 2254 999 2310 est.
1046 2243 1125 2308 vitu
1155 2243 1290 2308 functus
1322 2253 1415 2307 sutem

311 2341 444 2408 videtur
468 2366 537 2408 esse
561 2346 649 2408 circs
673 2365 798 2410 annum
822 2342 929 2418 972.¹t

226 2471 287 2513 unu
401 2450 432 2514 6.
449 2449 559 2530 Quum
574 2450 783 2514 Francofurti
798 2449 841 2514 ad
854 2451 1011 2514 Moenum
1028 2451 1062 2513 in
1073 2447 1255 2513 Germanis
1270 2446 1348 2511 exul
1362 2467 1417 2507 uer-

267 2533 293 2574 i*
313 2558 439 2612 seretur
454 2548 692 2634 Luitprandus,
712 2547 872 2613 suadente
888 2547 1101 2612 Recemundo
1122 2541 1247 2610 Illibcri
1270 2544 1418 2633 (Elvime
1442 2615 1443 2630 χ

313 2645 347 2708 in
363 2647 528 2731 Hispania
545 2649 699 2732 episcopo
717 2645 971 2710 st'Abderhsmi
988 2646 1074 2730 regis
1088 2643 1131 2708 od
1144 2643 1301 2708 Ottonem
1316 2641 1418 2726 legato.
1442 2673 1443 2712 3

313 2767 395 2830 opus
418 2767 514 2808 suum
539 2747 754 2830 praecipuum
779 2745 984 2829 conscripsit,
1008 2742 1179 2806 historiam
1204 2740 1360 2806 videlicet
1380 2739 1418 2801 sui

313 2844 485 2928 temporis,
521 2866 578 2906 ssu
602 2844 782 2907 Historia-m
812 2865 918 2906 rerum
948 2851 1107 2926 postorum
1138 2839 1179 2903 ob
1203 2841 1353 2926 Europae
1374 2837 1418 2899 tu-

310 2941 513 3028 perators'bus
536 2942 724 3026 otchs'bus.
755 2940 852 3021 Quod
878 2961 960 3026 opus
983 2961 1043 3002 sex
1054 2937 1150 3003 libris
1166 2945 1321 3001 constans
1336 2937 1418 2998 etism

314 3039 546 3127 Aottzpodoss'm
569 3042 639 3125 ipse
663 3038 860 3125 appellavit3
886 3038 1030 3102 inimicis
1054 3037 1121 3100 suis
1146 3035 1244 3114 enim,
1270 3033 1350 3098 dnm
1368 3053 1411 3094 sce

312 3136 381 3201 lere
412 3159 525 3202 sorum
556 3137 723 3223 depingit,
755 3135 837 3200 Illud
867 3157 938 3200 esse
968 3133 1074 3198 votuit
1101 3133 1353 3197 retributionem
1375 3133 1419 3191 im·

315 3239 462 3322 pietatis,
497 3236 765 3304 benefactoribus
796 3255 874 3298 vero
898 3232 1149 3298 reuibutionem
1173 3231 1322 3316 pietatis,
1355 3227 1417 3290 dum

313 3333 469 3398 laudibus
509 3334 608 3398 hosce
646 3333 767 3397 evehit.
823 3332 889 3398 Istc
931 3330 971 3396 ds
1009 3329 1143 3395 nomine
1180 3349 1219 3391 ac
1257 3327 1299 3391 de
1336 3343 1419 3408 scopo

315 3435 348 3498 in
381 3433 548 3518 prooemio
578 3431 654 3496 libri
685 3432 790 3510 tertii,
822 3431 900 3496 dum
933 3430 1041 3514 operis
1064 3425 1198 3490 titulum
1221 3419 1419 3488 Recemnndo

315 3531 478 3617 explicet,
512 3532 597 3595 inter
627 3530 692 3594 alis
723 3479 854 3593 scribit:
888 3528 1026 3592 Intentio
1057 3527 1149 3616 hujus
1180 3545 1285 3610 opens
1315 3521 1358 3586 od
1377 3521 1420 3581 bo·

314 3631 462 3717 respicit,
495 3639 530 3694 ut
552 3629 741 3715 Borcupost'i
763 3629 855 3742 bujpo
877 3628 932 3711 qui
953 3649 1036 3688 nuuc
1059 3626 1093 3687 iu
1116 3621 1217 3686 Italia
1239 3645 1305 3684 oon
1325 3628 1420 3704 repunt

315 3729 372 3792 ssd
395 3729 588 3816 tyrannizat,
613 3738 705 3812 atquc
728 3727 840 3790 uxoris
863 3728 930 3810 ejus
961 3721 1085 3798 Willoc,
1118 3743 1197 3834 petus
1221 3718 1258 3782 ob
1281 3714 1418 3781 immensi·

317 3838 411 3891 tutcm
435 3826 617 3913 tyraumtis
640 3824 778 3890 secunda
792 3821 932 3899 Jezabet,
957 3831 987 3884 st
1010 3821 1048 3884 ob
1070 3839 1260 3904 reponamus
1271 3816 1418 3880 susobeto

318 3937 377 3989 tem
394 3925 507 3988 Lamia
527 3926 662 4011 proprio
679 3919 863 4009 appellatur
876 3918 1037 3997 vocabolo,
1062 3927 1150 3980 actus
1164 3915 1313 4001 desipuct,
1335 3921 1418 3974 osteo

317 4023 375 4086 dat
398 4035 428 4086 et
451 4021 598 4087 clamitet.
639 4022 745 4085 Tanta
759 4021 841 4082 euim
855 4011 1220 4104 owuduciotumjactsla,
1246 4021 1332 4076 touta
1347 4005 1418 4092 upti-

317 4177 531 4185 *fia—n—

393 4253 415 4320 ι)
434 4251 490 4306 t'fr.
501 4251 693 4312 Wstteubsch,
707 4247 904 4304 Deutscblends
914 4243 1186 4311 (teschichtsquellen.
1196 4241 1229 4296 V.
1241 4243 1260 4296 1.
1272 4257 1296 4309 p.
1306 4239 1354 4293 :ste
1363 4249 1417 4300 sqq..

320 4333 440 4402 Kocpke,
460 4335 500 4387 De
519 4333 578 4386 vite
596 4339 624 4385 et
643 4331 752 4398 scriptis
770 4327 946 4396 Liudprsudi,
965 4343 990 4394 p.
1010 4327 1026 4380 t
1045 4339 1101 4392 sqq.
