2962 4840
1106 516 1157 570 111

65 662 202 728 borbum
218 665 362 728 nationis
383 662 538 745 dissidiis,
553 661 815 748 Majoresdomus
835 659 1017 744 indiguisse
1038 679 1159 743 magno

65 771 208 846 potestme.
232 762 287 826 Ex
299 762 381 847 ipsis
395 783 505 824 rerum
522 761 778 826 circumstantiis
798 760 900 843 igitur
913 760 1076 824 evenitut
1085 777 1159 824 eam

63 861 262 943 requirerent3
287 858 451 944 simulque
475 860 575 922 etiam
599 877 763 922 summam
785 855 925 940 gloriam
949 866 983 921 et
1004 854 1158 940 multipli·

63 958 104 1020 eis
124 958 230 1022 merita
251 959 288 1021 in
312 957 454 1042 patriam
478 965 577 1042 atque
595 957 696 1020 etiam
718 956 754 1020 in
777 953 963 1019 Ecclesiam
986 952 1050 1020 sibi
1074 975 1160 1018 eom·

63 1065 205 1138 pararunt
242 1055 458 1119 Erantenim
482 1055 546 1118 viri
561 1052 608 1118 illi
633 1075 675 1117 ex
699 1055 800 1138 stirpe
815 1052 1020 1137 Pipincrum,
1044 1052 1093 1116 uti
1108 1051 1159 1116 Pi-

62 1153 141 1236 pinus
160 1153 356 1236 Lentiensis,
379 1151 521 1237 Pipinus
550 1151 593 1216 ab
618 1149 804 1234 Heristello,
830 1148 966 1216 Carolus
979 1148 1160 1228 Martellus,
1213 1145 1217 1152 ’

62 1259 87 1311 et
103 1250 230 1336 Pipinus
253 1252 374 1316 Brevis
396 1251 453 1336 qni
477 1251 511 1314 in
535 1271 647 1333 regem
670 1248 819 1314 elevatus
843 1257 901 1328 est,
926 1248 989 1312 viri
1014 1247 1162 1330 insignes

60 1367 92 1410 ae
110 1349 237 1432 suenni,
263 1351 321 1435 qui
337 1347 542 1412 Francorum
563 1367 704 1431 regnum
725 1344 864 1412 sollicite
876 1344 1159 1426 administrarant,

60 1443 148 1510 hostes
177 1446 220 1511 ad
248 1447 507 1512 internecionem
539 1447 707 1528 vicerunt,
740 1453 840 1530 atque
871 1445 972 1508 etiam
1001 1463 1160 1527 propaga·

61 1542 161 1607 tionem
188 1543 366 1630 religionis.
390 1542 591 1608 christianae
622 1565 689 1608 non
712 1542 881 1606 modicum
914 1549 1160 1626 promoverunt.

60 1638 142 1704 llsud
155 1651 265 1706 temen
290 1641 496 1724 inficiamur,
513 1639 624 1726 plures
641 1662 688 1706 ex
710 1641 751 1704 iis
775 1661 841 1704 non
865 1640 900 1702 in
924 1637 1077 1706 omnibus
1091 1659 1161 1704 esee

59 1734 228 1821 laudandos,
263 1761 327 1803 nec
352 1738 497 1804 defuisse
520 1739 561 1803 iis
583 1737 798 1802 ambitionem
831 1747 865 1802 et
885 1736 1048 1821 regnandi
1072 1738 1162 1822 cupi·

58 1834 161 1902 dinem
184 1875 226 1886 -
241 1838 299 1902 Ex
322 1836 426 1901 altera
448 1856 528 1900 vero
551 1845 660 1921 parte,
685 1857 788 1922 quum
812 1835 905 1900 valor
927 1837 1067 1919 exiguus
1091 1833 1161 1900 ulti·

61 1953 167 2000 morum
189 1956 308 2020 regum
334 1935 603 2018 Merovingorum
632 1936 812 2019 praecipue
836 1955 879 1997 ex
902 1954 1015 1998 eorum
1039 1929 1162 1998 adoles-

58 2034 147 2096 centia
174 2035 379 2120 proveniret,
408 2033 522 2117 negari
551 2053 618 2096 non
646 2042 762 2116 potest,
786 2033 923 2116 stirpem
947 2033 1044 2096 istem
1068 2029 1163 2116 dege-

59 2149 177 2214 nerasse,
200 2154 242 2196 ac
266 2130 397 2215 regulos
426 2131 506 2195 istos
529 2131 648 2194 inertia
680 2138 713 2193 et
735 2131 872 2214 ignavie
893 2131 1029 2194 affectos
1052 2127 1162 2208 luisse,

57 2230 135 2292 etin
165 2227 253 2294 villis
285 2230 354 2292 suis
393 2225 620 2313 voluptatibus
651 2226 807 2292 inbiasse.
853 2227 968 2312 Neque
999 2225 1072 2311 jam
1101 2229 1164 2312 pri·

59 2326 107 2388 nis
125 2325 295 2392 decenniis
327 2325 450 2392 saeculi
479 2326 588 2389 octavi
619 2323 744 2388 directa
776 2324 865 2389 linea
888 2323 1075 2408 Merovingi
1098 2323 1162 2390 sibi

57 2425 271 2508 succedebant,
287 2424 346 2489 sed
370 2426 471 2510 stirpe
493 2424 560 2489 fere
584 2424 757 2503 exstincta,
778 2425 835 2508 qui
850 2445 893 2486 ex
908 2421 1036 2486 familia
1052 2445 1162 2508 super·

58 2534 133 2586 erant
153 2522 195 2587 sd
218 2543 364 2606 regnum
387 2531 619 2607 pervenerunt.

128 2621 180 2686 35.
203 2621 272 2685 Iste
295 2641 403 2684 rerum
428 2629 531 2683 status
561 2617 729 2683 abnormis
753 2619 924 2702 utriusque
947 2617 1160 2704 reipublicae,
1186 2647 1318 2690 cinare„

58 2715 282 2784 ecclesiastieae
307 2729 406 2804 atque
430 2715 554 2796 civilis,
583 2714 670 2780 bono
695 2725 727 2780 et
749 2716 957 2800 prosperitati
981 2715 1161 2782 admodum
1236 2707 1272 2749 ¹¹¹·

59 2817 176 2879 nocivus
212 2825 294 2882 erat.
340 2815 441 2880 Anno
476 2815 539 2878 742
579 2822 637 2878 aut
669 2823 825 2899 sequente
857 2813 1063 2880 Francorum
1102 2835 1162 2878 rex

58 2931 139 2996 opera
153 2913 267 3000 Pipini
293 2911 415 2978 electus
438 2921 471 2976 et
494 2913 691 2976 constitutus
714 2921 763 2974 est
776 2909 983 2976 childericus
1006 2911 1058 2976 III
1081 2933 1164 2997 puer

59 3007 152 3076 decem
176 3031 361 3094 annorum3
386 3035 406 3076 a
430 3011 531 3074 variis
545 3008 736 3074 auctoribus
760 3011 860 3074 etiam
885 3007 1007 3074 dicitur
1029 3010 1161 3095 ineptus

59 3119 83 3168 tt
101 3112 268 3194 regiminis
291 3106 483 3195 incapax¹).
511 3107 693 3194 Majoratus
708 3107 826 3171 domus
838 3128 896 3172 seu
910 3109 1020 3192 potius
1034 3127 1163 3172 summa

60 3206 210 3288 regiminis
234 3217 307 3272 erat
329 3206 419 3292 apud
442 3204 723 3270 Oarolomannum
747 3214 779 3268 et
801 3204 970 3289 Pipinum,
995 3204 1080 3272 fllios
1105 3203 1164 3270 Oa·

59 3301 106 3366 roli
134 3305 293 3388 Martelli,
328 3323 467 3390 quorum
500 3305 589 3389 prior
618 3324 706 3368 anno
732 3303 794 3368 747
818 3301 918 3368 rebus
941 3302 1165 3369 saecularibus

60 3405 196 3468 nuntium
219 3404 348 3468 remisit
380 3412 413 3467 et
445 3403 549 3466 vitam
580 3402 798 3465 monasticam
820 3401 987 3486 professus
1010 3410 1068 3468 est.
1113 3400 1166 3466 Pi·

60 3499 142 3580 pinus
162 3512 276 3566 autem
298 3522 351 3564 res
374 3501 580 3564 Francorum
612 3520 670 3584 pro
701 3498 790 3564 virili
814 3508 908 3584 parte
930 3501 1040 3583 gessit,
1063 3498 1165 3564 rebel-

61 3592 97 3660 les
116 3600 148 3664 in
170 3599 322 3665 ordinem
345 3597 482 3683 redegit,
506 3596 616 3662 hostes
638 3597 794 3682 repressit
817 3595 1017 3682 domuitque.

134 3697 185 3762 36.
210 3696 296 3762 Cum
329 3718 408 3762 vero
433 3696 658 3772 vastissimum
691 3693 773 3759 illud
798 3693 1003 3760 Francorum
1026 3716 1166 3780 regnum

59 3791 116 3874 jen
136 3817 156 3857 a
177 3793 383 3881 temporibus
407 3791 682 3880 praecedentibus
697 3791 871 3857 discordiis
894 3801 927 3856 et
938 3793 1165 3878 seditionibus,

63 3909 174 3958 recum
188 3893 381 3958 Maurorum
405 3892 611 3977 aliorumque
638 3890 782 3955 bostium
806 3891 1051 3956 incursionibus
1083 3902 1168 3956 esset

125 4067 143 4136 ¹)
160 4067 253 4136 Quesd
277 4069 406 4139 ejusmodi
431 4070 594 4124 assertiones
611 4067 806 4124 advertendum
832 4067 937 4134 quidem
956 4073 1006 4132 est,
1024 4069 1167 4136 scriptores

65 4157 90 4194 01
105 4153 218 4216 tempore
236 4149 442 4217 Carolingorum
469 4149 514 4217 qui
542 4148 583 4203 bis
602 4148 703 4202 addicti
721 4151 807 4212 erant,
827 4145 898 4202 forte
917 4162 1085 4216 exaggerare
1102 4149 1167 4204 ulti-

66 4237 152 4280 nornm
162 4227 382 4298 lleroringornm
399 4228 540 4298 ignaviam
557 4235 586 4283 et
604 4228 738 4284 inertiam
776 4226 826 4281 Sed
846 4241 879 4280 ex
897 4226 1012 4282 historia
1029 4230 1097 4283 setis
1116 4229 1168 4283 eol·

67 4301 155 4372 ligitur,
172 4308 200 4362 in
219 4325 251 4362 ea
268 4309 373 4364 familia
385 4309 489 4378 ingenii
502 4323 613 4363 acumen
626 4308 799 4377 vigoremque
812 4307 898 4362 cordis
916 4307 1056 4376 deperdita
1076 4309 1167 4362 fuisse
