3054 4834
298 463 351 516 394
579 463 667 516 XXII.
687 463 880 517 (lorrtrovemis
898 464 931 516 de
953 464 1136 517 luvestituris.

300 605 525 670 obedientiam
560 629 619 691 per
642 605 767 670 litteras
795 609 1013 692 Omnipotenti
1037 608 1174 671 Domino
1199 608 1252 672 die
1281 609 1342 672 13⁰
1366 609 1425 672 De

299 703 441 767 cembris
464 705 542 766 anni
572 705 656 766 1122
681 704 775 768 datas
798 705 981 788 gratulatus
1014 715 1073 786 est,
1108 727 1250 792 eumque
1287 709 1426 791 rogavit.

299 811 336 864 ut
367 804 565 886 quantocius
597 801 693 865 Sedis
724 803 936 888 Apostolicne
976 802 1101 885 legatos
1136 825 1211 867 cum
1251 807 1321 867 suis
1361 825 1425 867 ora·

298 898 425 963 toribus
455 899 498 962 ad
523 897 709 962 Concilium
738 899 890 985 generale
918 901 988 985 jam
1021 899 1063 964 ab
1089 902 1159 985 ipso
1185 902 1349 966 Pontifice
1382 904 1425 964 iu·

300 997 425 1060 dictum
450 999 602 1071 mitteret,
638 999 670 1060 iu
696 1020 759 1082 qim
784 1000 866 1062 tanti
893 1001 1049 1064 momenti
1075 1002 1246 1082 negotium
1278 1021 1425 1063 consum-

300 1107 454 1160 moretur.

154 1237 270 1280 consutum
389 1211 443 1274 50.
492 1211 565 1275 Hoc
593 1210 766 1276 Concilium
796 1215 1023 1276 oecumenicam
1046 1237 1172 1285 omrem,
1200 1214 1428 1276 Lateranense

127 1307 290 1348 ¹⁴²2ffl¹²⁸¹¹⁸2l
300 1310 455 1392 primum,
481 1311 630 1394 sequenti
656 1331 743 1372 anno
761 1311 845 1374 1123
872 1311 995 1374 Romae
1011 1309 1142 1376 Calixto
1159 1312 1191 1375 ll
1216 1310 1427 1396 praesidente

300 1405 501 1470 celebratum
532 1417 589 1487 est,
628 1418 789 1491 quantum
821 1409 956 1472 videtur
982 1409 1058 1473 inde
1083 1433 1102 1473 a
1127 1409 1222 1472 tertia
1246 1409 1428 1472 Dominica

301 1504 593 1588 Quadragesimae,
619 1505 672 1568 die
693 1505 750 1569 18⁰
763 1505 884 1589 Martii,
909 1529 1013 1592 usque
1036 1507 1079 1570 ad
1104 1508 1193 1571 diem
1210 1507 1276 1570 611111
1291 1505 1427 1591 Aprilis.

300 1601 488 1665 Adfueruut
512 1603 585 1688 plus
609 1625 708 1687 quam
733 1607 871 1668 trecenti
896 1606 1054 1690 episcopi.
1094 1603 1331 1687 FinisSynodi
1355 1603 1429 1671 fuit.

301 1701 336 1763 1⁰
372 1709 408 1762 ut
440 1722 479 1763 ea
514 1723 598 1786 quae
624 1703 657 1764 iu
683 1700 890 1766 Concordato
922 1703 964 1766 de
988 1705 1194 1767 investituris
1229 1703 1329 1767 etde
1355 1724 1427 1766 cou-

299 1798 412 1862 cordia
437 1801 522 1864 inter
544 1798 725 1885 Imperium
758 1811 791 1864 et
814 1799 1043 1866 Sacerdotium
1077 1802 1208 1866 suerent
1236 1803 1427 1880 constituta,

300 1897 438 1961 solemni
464 1896 561 1961 modo
587 1897 882 1976 confirmarentur3
921 1899 959 1962 2ο
994 1907 1030 1961 ut
1053 1898 1224 1963 Ecclesiae
1249 1897 1428 1984 disciplina

299 1997 456 2080 repressis
471 1994 632 2059 abusibus
647 1997 901 2078 instauraretur3
926 2007 959 2060 et
972 1997 1011 2060 3⁰
1023 2007 1059 2060 ut
1068 1987 1190 2062 bellum
1202 2019 1337 2061 sacrum
1354 2019 1425 2060 con-

299 2105 349 2158 tra
373 2093 555 2158 Saracenos
586 2095 620 2156 in
654 2093 789 2158 Oriente
823 2104 855 2157 et
888 2105 1004 2159 contra
1032 2095 1164 2159 Mauros
1196 2098 1230 2159 in
1261 2096 1428 2181 Hispania

298 2200 558 2278 promoveretur.
583 2229 626 2238 —
651 2191 737 2256 Acta
761 2191 860 2276 hujus
884 2191 1012 2278 Synodi
1037 2215 1102 2257 non
1127 2203 1269 2273 exstant,
1302 2193 1363 2256 sed
1386 2215 1428 2256 ex
1515 2263 1516 2268 ἵ

298 2287 489 2354 auctoribus
523 2290 657 2352 coaevis
691 2289 867 2373 colligitur,
898 2313 950 2355 res
974 2290 1114 2354 feliciter
1137 2291 1179 2355 ad
1204 2293 1334 2356 exitum
1359 2313 1427 2376 per-

300 2389 416 2451 ductas
440 2387 550 2451 fuisse.
587 2386 744 2450 Ordinato
768 2389 875 2474 itaque
895 2387 1035 2453 Concilio
1061 2388 1121 2452 tali
1141 2400 1170 2452 et
1186 2400 1287 2466 tauto,
1312 2390 1429 2452 scribit

299 2485 399 2548 l‘alco
424 2485 681 2548 Beneventanus
713 2485 746 2548 in
773 2483 938 2550 Chronico
969 2485 1011 2549 ad
1041 2509 1069 2550 a.
1098 2488 1193 2565 1123,
1223 2487 1430 2573 Apostolirus

299 2587 367 2668 ipsc
396 2585 588 2646 sacramenti
612 2581 818 2667 pri-uilepium
841 2583 924 2668 quod
943 2584 1132 2669 praedictus
1155 2586 1336 2670 Imperator
1360 2607 1429 2647 con-

299 2682 446 2743 stiteerat
463 2682 568 2765 pacis,
593 2681 628 2742 iu
652 2691 815 2766 conspectu
839 2682 976 2744 omnium
999 2683 1053 2766 qui
1076 2693 1286 2746 convertero-nt
1309 2681 1434 2744 adduci

299 2788 329 2840 ct
353 2777 415 2863 lapi
434 2779 608 2863 praecepit.
660 2777 815 2841 Continuo
840 2779 879 2840 ab
905 2781 1047 2842 omuibus
1070 2779 1288 2864 confirmabam
1319 2791 1368 2842 est
1402 2790 1432 2841 et

299 2875 585 2960 eornmcurlutow).
1515 2885 1516 2928 ἰ

388 3019 441 3082 51.
472 3017 511 3080 Iu
538 3016 681 3099 vulgatis
706 3038 801 3102 porro
828 3017 1052 3082 Conciliorum
1077 3017 1281 3084 editionibus
1306 3023 1429 3106 viginti

299 3117 446 3202 quinque
470 3125 687 3178 numerantur
718 3137 862 3179 canones
903 3116 944 3179 de
976 3114 1155 3200 disciplina
1188 3118 1431 3196 ecclesiastica,
1515 3129 1516 3196 l

299 3215 355 3299 qui
381 3215 413 3277 in
430 3213 493 3276 hoc
510 3211 659 3277 Concilio
685 3214 854 3278 constituti
879 3226 966 3292 sunt,
991 3225 1024 3277 et
1047 3216 1194 3278 inaximo
1218 3215 1431 3280 honestatem
1515 3209 1516 3218 ¹

301 3314 388 3375 vitae
413 3311 583 3388 clericalis,
618 3311 839 3388 matrimonia,
874 3310 962 3376 bona
985 3311 1219 3394 ecclesiastica,
1239 3315 1320 3399 jura
1347 3317 1432 3400 epis·
1515 3367 1516 3398 ,

299 3430 467 3493 coporum,
499 3408 722 3492 indulgentias
753 3410 908 3473 cruciatis
941 3431 1114 3473 concessas
1146 3422 1309 3498 spectant.
1361 3412 1431 3477 Ple·
1515 3419 1516 3430 ¹

298 3509 392 3594 rique
416 3509 469 3571 isti
495 3529 637 3572 canones
662 3507 826 3592 desumpti
853 3518 929 3572 sunt
948 3531 989 3571 ex
1006 3507 1250 3594 antiquioribus
1276 3511 1432 3574 conciliis

299 3617 397 3690 atquc
422 3605 712 3669 constitutionibus
736 3605 830 3669 Rom.
855 3605 1100 3688 Pontificum).

185 3783 241 3826 nos
387 3758 440 3821 52.
488 3757 709 3842 Subsequenti
734 3779 821 3822 anno
848 3760 944 3841 1124,
969 3758 1023 3822 die
1049 3759 1107 3822 13υ
1132 3757 1342 3838 Decembris,
1370 3757 1428 3822 Ca-

148 3853 228 3896 ⁰⁸¹¹¹2¹
245 3854 271 3897 ¹¹·
298 3855 400 3919 lixtus
416 3855 448 3918 ll
472 3866 682 3940 praematura
707 3866 809 3919 morte
834 3879 876 3919 ex
890 3855 954 3920 hac
977 3858 1048 3920 vita
1071 3871 1203 3942 ereptus
1227 3869 1289 3922 est.
1321 3857 1428 3944 Cujus

298 3955 457 4018 memoria
485 3975 614 4016 summa
647 3973 723 4016 cum
758 3953 988 4018 benedictione
1021 3957 1054 4018 in
1080 3955 1231 4019 Ecclesia
1259 3955 1425 4020 catholica

372 4168 392 4229 ¹)
410 4167 443 4219 V.
463 4165 616 4220 Walterich
637 4167 654 4221 l.
674 4183 695 4220 e.
715 4167 751 4221 II.
775 4169 832 4222 151.

373 4248 393 4314 1)
413 4247 466 4300 Cir.
487 4245 589 4309 Hefele,
610 4247 638 4298 C.
659 4247 691 4300 G.
711 4247 743 4300 V.
764 4247 779 4315 ξ
798 4247 859 4301 612.
