2952 4832
306 461 357 514 270
538 459 610 514 XXI.
631 459 671 511 De
690 458 714 512 S.
735 457 866 527 Gregorio
886 459 940 512 VII
960 459 1034 513 Rom.
1055 459 1193 514 Pontifice

305 603 472 668 seductiles
495 605 626 666 niraiam
648 605 746 666 secati
761 623 867 666 samnis
882 603 1016 665 consilia
1033 604 1214 666 seductoria
1239 605 1414 690 deceptione,

300 702 498 788 peccarimrns
524 702 556 763 ia
580 699 696 764 coelem
720 712 749 764 et
772 701 1001 774 ceremoniis,
1035 711 1063 762 et
1078 705 1150 789 jam
1179 702 1271 787 digpri
1294 725 1351 766 noa
1375 727 1413 766 sn-

306 823 373 862 mas
406 801 566 862 cacat-inae
591 811 712 861 nestrae
730 797 910 882 filiationis.
959 800 1036 862 Nan
1059 799 1158 861 solam
1184 801 1268 861 enim
1302 823 1355 863 aas
1375 824 1414 862 res

306 897 533 962 ecclesiasticas
561 899 743 974 iaoasimas,
772 921 876 960 aeram
906 919 1024 982 qaaqae
1055 897 1195 982 iadipais
1231 897 1413 982 quibuslibe.

306 1008 336 1060 et
359 997 528 1060 simoniaco
543 994 627 1080 felle
652 997 846 1074 amaricatis,
871 1006 979 1058 etnam
996 1019 1058 1082 per·
1082 999 1194 1058 ostiam
1218 997 1276 1060 sed
1300 997 1413 1060 attunt

305 1093 563 1178 inpedientibus,
600 1092 747 1156 ecclesias
777 1096 866 1178 ipsas
895 1094 1103 1173 vendidimus,
1139 1104 1169 1156 et
1195 1117 1258 1158 aaa
1288 1117 1350 1172 eos,
1380 1097 1414 1156 nti

307 1193 455 1279 oporte-it,
480 1191 688 1276 defendimus.
733 1191 777 1253 At
802 1214 882 1254 noae
905 1193 980 1274 poia
1004 1191 1065 1254 soli
1088 1191 1203 1277 absque
1227 1203 1332 1254 vestra
1356 1216 1413 1254 aar·

308 1294 433 1354 toritate
458 1289 604 1352 ecclesias
627 1290 781 1372 corripere
797 1312 861 1352 naa
872 1311 1051 1374 possamus,
1076 1313 1170 1374 saper
1184 1289 1242 1366 its,
1267 1291 1318 1372 (at
1334 1291 1413 1352 etiam

307 1391 345 1452 de
374 1390 492 1452 nostris
522 1387 690 1468 aeonibus),
723 1399 858 1450 nestram
881 1411 946 1451 aaa
970 1397 999 1450 et
1023 1387 1186 1450 consiliam
1217 1399 1247 1451 et
1271 1388 1413 1452 arraeiiism

308 1487 420 1549 nonme
444 1487 621 1570 qaaecimas
631 1509 643 1562 ,·
667 1496 801 1548 nestram
818 1486 1046 1548 studiosissime
1066 1497 1267 1571 praeceptam
1287 1496 1415 1549 serrator

309 1587 341 1646 ia
374 1583 514 1646 omnibns
539 1594 592 1644 etc.
606 1581 642 1668 ¹).
700 1583 748 1646 De
779 1583 842 1646 hac
875 1583 1013 1667 epistole
1047 1586 1116 1668 ipse
1149 1585 1329 1667 Gregorius
1363 1581 1414 1644 tlt

308 1681 424 1745 scribit
453 1680 495 1744 ad
520 1680 792 1744 Heriembnldunr
824 1681 977 1744 militem:
1019 1682 1191 1744 Hernicam
1215 1703 1314 1768 sepem
1332 1705 1414 1766 pras·

309 1791 394 1842 terea
417 1780 499 1841 scias
523 1777 700 1841 dulcedinis
724 1790 753 1840 et
771 1779 965 1842 obedientiae
987 1779 1087 1864 plena
1110 1780 1152 1842 ad
1175 1801 1233 1842 aas
1256 1779 1350 1842 cerba
1373 1780 1414 1839 mi-

308 1878 400 1954 sisse,
433 1886 463 1938 et
490 1875 573 1938 talia
605 1876 714 1961 penalia
747 1899 843 1960 resque
878 1879 979 1962 ipsam
1004 1900 1098 1962 nepae
1124 1889 1334 1940 antecessores
1357 1899 1416 1940 snm

309 1975 510 2038 recordamur·
534 1975 688 2038 [iomanis
711 1975 913 2058 Pontificibus
939 1977 1058 2038 misisse
1072 1975 1108 2056 ²).

399 2099 452 2163 61.
499 2099 611 2163 Potuit
643 2101 742 2184 igitur
774 2101 889 2163 merito
914 2097 1093 2182 iiregorius
1117 2099 1182 2162 VII
1207 2101 1301 2163 initia
1325 2099 1415 2184 ponti·

310 2197 426 2260 ficatus
459 2199 508 2260 sui
540 2199 651 2260 fovere
675 2219 781 2282 spem,
814 2197 884 2260 fore
908 2208 944 2260 ut
969 2198 1179 2261 concordiem
1205 2199 1291 2260 inter
1313 2197 1416 2260 Seser-

311 2295 436 2358 dotium
470 2302 502 2357 et
534 2295 714 2380 imperinm
745 2295 892 2359 firmaret
924 2307 956 2358 et
987 2306 1206 2360 conservaret.
1255 2295 1415 2359 Caeterum

310 2394 379 2478 ipse
412 2414 489 2455 mox
513 2392 662 2456 efficacia
687 2395 778 2457 nisus
812 2403 861 2457 est
884 2393 1043 2457 adhibere
1072 2393 1192 2472 media,
1224 2393 1343 2480 quibus
1365 2415 1417 2454 scr·

309 2489 463 2574 pentibus
494 2493 528 2553 in
560 2491 709 2555 Ecclesia
742 2491 837 2554 melis
876 2491 1036 2556 obviaret.
1090 2490 1264 2575 Synodum
1307 2491 1416 2556 indixit

310 2589 432 2652 Rornae
457 2588 885 2652 celebrandam-Dominicis
908 2591 1014 2674 prims
1040 2589 1323 2674 Quadregesimse
1346 2589 1415 2650 enni

311 2687 415 2759 1074;
441 2689 535 2772 eique
552 2687 690 2750 concilio
716 2689 935 2752 interfuerunt
958 2690 1200 2773 qninquaginta
1224 2689 1366 2772 episcopi
1389 2701 1416 2747 et

308 2785 455 2866 abbates,
490 2795 587 2870 atque
615 2785 754 2849 eliorum
787 2785 979 2848 clericorum
1006 2785 1195 2848 multitudo,
1244 2785 1416 2869 Praecipue

308 2883 406 2969 hujus
438 2883 568 2947 concilii
594 2883 726 2946 decreta
750 2893 931 2949 noscuntur
968 2907 1009 2946 ex
1034 2883 1172 2970 epistola
1193 2881 1343 2968 Gregorii
1358 2881 1414 2944 Vt]

307 2981 350 3044 ad
382 2981 537 3045 Ottonem
571 2983 760 3064 episcopum
795 2980 1099 3058 Constantiensem,
1138 3002 1223 3066 quse
1260 2982 1416 3044 invenitur

307 3082 342 3142 in
358 3079 561 3164 Apeiopetico
585 3079 744 3164 Anosepmi
767 3102 824 3164 pro
854 3079 993 3143 decretis
1017 3081 1049 3143 in
1075 3080 1138 3142 bac
1162 3079 1290 3163 synodo
1315 3079 1411 3143 condi-

307 3179 358 3240 tis,
388 3179 549 3240 iaetantia
564 3179 742 3241 aaatiomsm
767 3201 892 3240 ereas-am
908 3178 1105 3263 festinanter
1127 3179 1233 3241 redire
1249 3178 1414 3242 solentiam.

307 3274 422 3339 scribit
445 3275 610 3350 Pontifex,
636 3297 698 3338 reon
719 3277 864 3361 permisit
888 3299 945 3338 aas
961 3276 1170 3361 fraternitati
1193 3287 1266 3340 tuae
1290 3299 1362 3361 quiae
1386 3277 1412 3334 in

308 3375 454 3436 Romana
477 3374 598 3459 synodo
622 3384 743 3436 statuta
767 3384 840 3436 suat
863 3375 1004 3436 seriatim
1027 3374 1193 3452 intimare;
1225 3375 1300 3436 iram
1324 3385 1412 3436 tamen

305 3472 485 3534 necessasia
518 3471 576 3533 tibi
605 3471 768 3534 scriba-ada
798 3471 875 3555 fore
909 3471 1059 3534 arbitrati
1088 3495 1208 3540 mimas.
1244 3495 1303 3535 aas
1326 3477 1412 3560 jecta

306 3571 525 3633 anctoritatem
549 3568 727 3632 sanctornm
751 3569 881 3631 Petram
905 3571 940 3632 ia
965 3569 1073 3632 eadem
1096 3569 1216 3655 syn-oda
1241 3570 1412 3632 sententiam

306 3668 439 3743 dedisse,
474 3667 539 3750 (1⁰)
568 3678 603 3730 at
635 3669 667 3729 a
699 3661 753 3752 qia'
781 3691 841 3752 per
870 3669 1074 3730 simoniacam
1104 3668 1267 3734 baeresim.
1296 3669 1345 3731 troc
1373 3675 1413 3726 ese

304 3767 482 3828 interventa
501 3766 613 3849 pretii,
647 3765 690 3828 ad
721 3765 856 3850 aliquem
888 3787 1048 3828 sacrorum
1071 3765 1217 3828 ordinum
1240 3765 1364 3850 prodisse
1388 3775 1414 3822 rt

305 3863 442 3948 afficiam
460 3865 602 3948 promoti
625 3875 706 3940 sant,
731 3861 852 3926 mallum
874 3863 909 3925 ia
930 3873 1042 3926 sanata
1066 3863 1196 3926 ecclesia
1221 3859 1414 3927 ministrandi

307 3959 436 4024 citemus
453 3960 553 4024 locam
568 3962 713 4025 babeant.
747 3961 811 4045 (2⁰)
837 3960 893 4023 liii
906 3984 1023 4046 qaoque
1048 3963 1102 4046 qui
1125 3961 1273 4024 ecclesias
1294 3959 1412 4022 datione

301 4059 456 4142 pecuniae
481 4057 628 4140 obtinent,
655 4061 779 4122 enectine
804 4081 858 4120 eas
878 4059 1027 4144 perdant,
1052 4081 1107 4122 aec
1122 4059 1268 4145 deinceps
1290 4055 1409 4120 andere

381 4243 400 4309 ¹)
421 4241 474 4295 Cir.
495 4245 591 4297 Boron.
613 4261 637 4298 s.
660 4246 736 4298 1073.
757 4259 782 4296 ιι.
804 4243 844 4296 43,
956 4243 978 4313 ⁹)
997 4243 1065 4312 Reg.
1086 4243 1107 4296 Ι.
1127 4245 1171 4298 ⁶25.
