2932 4836
309 475 364 530 330
628 474 716 529 XVII.
754 474 793 528 Dc
811 472 955 529 mbismata
973 473 1115 530 Plautiano.

309 619 467 705 temporis
491 617 658 702 designari
682 616 801 698 solent,
831 627 864 680 et
883 614 1240 706 Constantinopolitani
1265 623 1414 707 praevale·

310 717 401 781 bant.
448 715 559 780 Variis
583 716 778 797 tendentiis,
802 737 887 801 quae
911 717 945 779 in
971 714 1075 798 Olero,
1101 718 1135 782 in
1159 718 1363 805 Imperatore,
1384 723 1411 784 iu

310 813 520 900 proceribus,
554 815 588 879 in
612 813 715 899 vulga
746 814 876 877 radices
899 826 1053 898 egerant,
1089 816 1250 900 ejusmodi
1278 817 1413 902 Byzanti·

150 915 285 1017 Bssffl*
311 914 407 977 nismi
434 913 568 997 spiritus
601 910 824 992 conflabatur,
858 933 914 974 eas
936 911 1035 997 paulo
1058 916 1247 978 accuratius
1266 915 1413 980 vdarsoribs-

243 1006 249 1017 '
310 1030 396 1077 mus.
412 1047 455 1060 -·-
474 1007 666 1074 Generatim
682 1029 838 1092 magnam
854 1007 1040 1093 analogiam
1062 1009 1163 1075 habet
1177 1012 1415 1098 &aasumensi

310 1111 371 1174 iste
404 1129 480 1172 cum
513 1107 690 1172 tendentiis
723 1109 758 1170 in
790 1105 865 1170 aliis
897 1107 1105 1188 nationibus,
1142 1130 1227 1195 quae
1259 1113 1413 1197 posteriori

309 1218 456 1293 tempore
480 1227 515 1270 se
538 1204 800 1288 manifestarunt,
824 1215 857 1267 et
874 1207 1007 1269 nomine
1026 1203 1252 1272 Gallicaaieoi
1274 1207 1326 1272 vel
1339 1210 1413 1274 Jose-

306 1306 459 1391 phioismi
482 1303 647 1387 designari
673 1301 786 1367 solent.
827 1301 916 1384 ,Des
932 1304 1175 1370 circonstances
1191 1305 1413 1392 particulierss.

309 1404 356 1466 ait
379 1401 545 1486 Gagariu,
578 1401 713 1464 avaient
744 1400 806 1464 fait
836 1400 1003 1486 prevaloir
1034 1401 1349 1490 &Constantinople
1377 1427 1412 1467 on

309 1500 472 1585 systema,
506 1521 551 1562 un
575 1500 692 1584 asprit,
722 1497 780 1563 des
804 1498 1001 1583 tendances,
1035 1502 1090 1586 qui
1116 1511 1174 1566 out
1195 1523 1262 1566 unc
1284 1505 1412 1566 certaine

309 1597 460 1682 analogia
493 1619 575 1660 avec
608 1619 645 1661 ce
669 1599 768 1682 qu'on
792 1619 812 1660 a
836 1596 975 1682 designd
1009 1598 1126 1684 depuis
1159 1609 1191 1663 et
1213 1599 1345 1664 ailleurs
1366 1623 1414 1685 par

309 1698 339 1762 le
363 1717 439 1761 nom
464 1695 504 1759 de
528 1695 741 1781 Josephisme
772 1704 805 1758 et
828 1695 869 1760 de
893 1693 1139 1762 Gallicanisme.
1188 1697 1278 1762 C’est
1306 1721 1341 1762 ce
1362 1719 1413 1784 que

304 1797 341 1881 je
365 1794 493 1858 m’etais
516 1795 639 1879 permis
663 1791 831 1878 d’appeler
853 1792 883 1856 le
898 1793 1122 1877 Byzantisme.
1168 1795 1210 1859 Je
1235 1795 1414 1881 distinguais

311 1895 576 1976 seigneusement
598 1891 628 1954 le
651 1891 866 1975 Byzantisme
890 1891 935 1955 du
959 1891 1120 1976 schism03
1144 1893 1210 1957 l'un
1236 1895 1319 1958 etait
1339 1895 1414 1958 ante-

309 1993 398 2054 rieur
413 1991 433 2054 d
447 1988 572 2072 l'autre,
588 1991 671 2054 mais
686 1988 743 2073 ily
760 1990 917 2074 poussait,
935 1989 956 2054 il
974 1989 1004 2054 le
1017 1993 1187 2056 contenait
1199 2013 1241 2056 en
1254 1993 1413 2078 germem)¹

401 2089 452 2154 15.
488 2087 679 2154 Universim
704 2085 829 2152 CPtani
854 2088 967 2152 infecti
1001 2097 1096 2153 erant
1126 2112 1211 2154 coac
1244 2102 1274 2154 et
1297 2100 1413 2174 oramate

309 2187 460 2274 superbio
492 2198 522 2251 at
555 2185 723 2250 ambitione
745 2187 917 2252 saumae.
972 2185 1292 2274 Constantinopolis,
1324 2209 1413 2252 norae

310 2287 453 2367 Romae,
486 2284 574 2348 sedis
596 2284 751 2369 Imperii,
783 2283 898 2348 mundi
923 2284 1077 2350 dominae
1105 2307 1145 2349 ae
1168 2289 1304 2370 reginae
1326 2284 1414 2372 splen-

311 2385 389 2450 dore
426 2393 459 2448 et
494 2384 642 2469 potentia
678 2381 856 2468 gloriantes
889 2391 922 2447 at
954 2383 1196 2468 superbientes,
1236 2387 1360 2450 cunctis
1387 2385 1412 2446 in

310 2482 465 2548 omnibus
511 2501 546 2546 se
585 2479 782 2566 praecellere
827 2481 1015 2547 censebant.
1074 2481 1163 2546 Hinc
1210 2484 1310 2547 ctiam
1347 2481 1413 2546 anti·

310 2602 396 2668 quae
423 2581 548 2645 Romae
575 2578 665 2643 nullo
694 2579 792 2642 modo
825 2577 942 2642 cedere
971 2580 1051 2665 ipsis
1080 2579 1171 2643 cordi
1200 2591 1284 2663 erat,
1317 2599 1413 2667 quun·

311 2702 376 2767 que
409 2683 443 2743 in
467 2677 602 2763 reliquis
626 2678 858 2762 principatum.
884 2675 947 2740 sibi
971 2676 1198 2759 vindicarent,
1231 2700 1328 2764 aegra
1348 2677 1413 2741 lere·

311 2777 402 2858 bant,
430 2775 518 2862 quod
544 2777 577 2838 in
602 2774 716 2838 ordine
740 2772 945 2838 hierarchico
969 2774 1134 2861 subjectos
1158 2797 1192 2839 se
1215 2776 1311 2841 fateri
1334 2773 1414 2839 dobe-
1454 2795 1455 2866 p

310 2885 395 2939 rent.
442 2871 526 2938 Cum
552 2871 695 2958 quadam
720 2871 849 2936 invidia
873 2874 1005 2938 unicam
1034 2873 1121 2938 hanc
1145 2873 1309 2938 aemulam
1331 2871 1413 2956 respi-
1454 2873 1455 2954 l

311 2971 462 3054 ciebant,
496 2991 535 3034 ao
558 2968 654 3034 tacile
679 2971 852 3034 occasione
877 2969 954 3034 data
977 2973 1012 3035 iu
1036 2972 1107 3058 ejus
1129 2971 1243 3036 odium
1274 2981 1368 3058 atque
1387 2971 1412 3031 iu

311 3070 525 3136 rebellionem
550 3077 664 3131 contra
688 3069 867 3152 primatum
889 3066 1148 3133 ecclesiasticum
1165 3070 1322 3134 concitari
1342 3079 1413 3153 pote

312 3179 397 3233 rant.
444 3167 493 3232 Eo
523 3164 576 3230 vel
601 3167 707 3249 magis
740 3165 782 3228 ad
814 3167 1053 3251 oppositionem
1081 3169 1176 3253 proni
1201 3179 1309 3248 erant,
1341 3162 1413 3251 quod

312 3266 479 3332 Occidens
507 3266 548 3328 iis
578 3274 750 3349 suspectus
781 3273 875 3327 esset.
923 3263 1101 3350 Quumque
1131 3267 1284 3350 angustia
1313 3263 1413 3327 mentis

312 3363 421 3448 rigida
444 3364 589 3448 antiquis
613 3362 740 3440 formis,
766 3360 1061 3426 consuetudinibus
1085 3373 1118 3425 et
1141 3364 1298 3427 institutis
1320 3361 1411 3425 haere·

312 3472 404 3542 rent,
441 3482 513 3526 eam
547 3481 645 3546 quom
680 3459 744 3522 illis
782 3461 816 3522 in
849 3458 1041 3543 regionibus
1073 3459 1291 3524 advertebant
1320 3475 1410 3522 rerum
1454 3457 1455 3528 i

312 3558 611 3624 ecclesiasticarum
645 3557 864 3620 differentiam
898 3567 930 3620 et
953 3557 1195 3638 evolutionem,
1229 3567 1265 3621 ut
1294 3557 1410 3641 impiam

314 3658 574 3737 innovationem,
599 3665 697 3741 atque
722 3663 757 3717 ut
777 3653 982 3739 illegitimam
999 3655 1168 3719 doctrinae
1191 3665 1224 3719 et
1238 3652 1411 3740 disciplinae

312 3756 541 3820 alterationem
562 3751 793 3828 traducebant.

406 3853 456 3919 16.
481 3850 629 3915 Ambitio
655 3850 816 3935 ejusmodi
841 3852 940 3914 etiam
964 3848 1080 3914 clanim
1102 3852 1247 3914 maxime
1262 3849 1410 3913 infecerat.

312 3953 390 4018 Jam
415 3947 630 4036 expluribus
654 3948 793 4012 saeculis
812 3947 1118 4026 animadvertimus,
1142 3957 1212 4011 tum
1228 3942 1410 4034 patriarcha

314 4059 385 4114 tum
409 4048 572 4134 reliquum
589 4044 891 4131 Constantinopolis
915 4045 1038 4109 olerum
1063 4067 1100 4109 eo
1125 4045 1269 4112 tendere.
1293 4039 1410 4107 utsedis

390 4252 410 4321 ι)
429 4249 532 4305 Etudes
551 4251 720 4320 religieuses,
740 4249 794 4304 Mai
818 4251 892 4306 1865.
912 4267 937 4319 p.
958 4251 1016 4304 117.
