2904 4834
318 554 360 608 Da
378 553 500 608 lontibus
517 553 648 610 historiae
665 553 746 624 hujus
763 554 872 610 saeculi.
1141 553 1157 606 7

57 721 155 762 nomm
177 696 358 783 dispendio,
383 707 475 762 tanta
498 699 670 785 impietatis
693 695 856 762 molimina
879 699 914 761 in
930 719 975 762 me
992 707 1023 762 et
1037 697 1161 762 domam

57 819 151 872 mom,
173 797 389 880 copnatimssm
411 807 442 859 st
454 795 633 881 familiam,
655 797 758 882 pratis
773 817 947 873 coenatore,
971 807 1090 884 quomo
1105 819 1161 860 nec

57 893 151 980 liupsa
173 893 324 979 proferre
353 917 409 957 nec
439 894 579 958 calamus
603 893 773 981 praevalet
801 893 944 957 scribere.
992 893 1044 958 Sit
1064 895 1162 979 ipituo·

56 993 94 1054 eis
108 1011 259 1077 praesens
277 992 403 1077 popina
418 991 635 1078 Antapodosis
660 991 715 1074 (al.
733 990 914 1078 antidosis),
938 991 993 1055 boc
1012 1003 1057 1056 est
1070 992 1161 1054 rotsi-

56 1088 144 1168 butia,
174 1089 248 1153 dam
274 1111 338 1176 pro
362 1087 600 1154 calamitatibus
621 1091 698 1154 aab
720 1087 777 1152 siv
801 1086 951 1170 ἀσέβειαν
975 1111 1096 1168 eoram,
1127 1091 1163 1153 id

55 1197 93 1250 est
106 1189 303 1273 impietatem,
320 1187 544 1273 praesentibus
550 1188 736 1273 futurisque
751 1187 935 1252 mortalitas
950 1187 1161 1251 denudavero.

58 1283 115 1348 Nec
133 1285 238 1349 ednas
260 1287 355 1348 etiam
378 1285 587 1350 sanctissimis
609 1297 639 1349 ct
653 1285 837 1371 fortunatis
859 1287 937 1350 viris
955 1307 1018 1372 pro
1038 1283 1163 1350 collatis

54 1383 83 1446 is
102 1405 146 1446 mc
168 1383 324 1467 benefieiis
335 1382 502 1448 Antidosis
517 1385 586 1447 erit.
603 1383 772 1465 -Vides,
789 1383 1045 1446 vehementioris
1060 1383 1163 1446 animi

54 1477 144 1544 luisse
159 1480 415 1566 Luitprandum,
440 1499 644 1567 scopumque
668 1480 845 1568 quemdam
868 1481 1071 1566 peculiarem
1086 1478 1164 1543 ulci-

55 1577 156 1641 scendi
187 1580 218 1642 ei
250 1579 352 1642 fuisse
381 1581 418 1643 in
449 1601 509 1643 sua
533 1577 773 1643 conscribenda
796 1579 943 1644 historia.
990 1577 1057 1644 Sed
1081 1579 1164 1664 ejus·

57 1674 136 1738 modi
159 1675 298 1740 intentio
322 1677 489 1740 hominem
512 1676 664 1761 designat
678 1675 812 1741 levioris
828 1675 956 1758 indolis,
982 1676 1038 1741 illa
1054 1685 1164 1740 autem

55 1773 148 1836 animi
177 1773 388 1838 vehementia
420 1775 535 1838 merito
566 1795 626 1838 nos
657 1774 811 1838 sollicitos
843 1773 970 1859 reddit,
1001 1797 1043 1839 ne
1074 1775 1165 1839 Luit-

56 1871 213 1954 prandus,
252 1872 341 1958 quod
370 1871 563 1936 hominibus
591 1871 745 1936 violentis
774 1872 983 1958 passionibus
1012 1869 1166 1936 obnoxiis

55 1968 195 2032 accidere
226 1969 324 2052 solet,
356 1991 410 2034 res
439 1979 538 2056 atque
568 1981 707 2034 eventus
737 1979 924 2054 exaggeret.
954 2007 998 2017 -
1028 1968 1165 2055 Scripsit

56 2077 214 2148 praeterea
237 2067 465 2154 Luitprandus
489 2067 661 2132 historiam
685 2067 816 2134 Ottonis
840 2067 1068 2154 Imperatoris,
1101 2090 1165 2154 quo

56 2161 131 2227 libro
154 2165 346 2252 complexus
369 2176 418 2230 est
441 2176 590 2246 eventus,
615 2167 671 2252 qui
697 2164 774 2230 inde
797 2164 840 2230 ab
864 2166 977 2231 eaeo
999 2165 1165 2252 usquead

55 2283 84 2324 a.
99 2261 159 2326 964
173 2264 367 2328 acciderunt
380 2262 580 2349 Italiamque
597 2274 629 2328 et
645 2261 765 2328 Sedem
777 2262 1004 2349 Apostolieam
1021 2265 1166 2328 maxime

56 2360 250 2442 spectabant.
266 2400 309 2409 —
322 2360 398 2426 Alio
425 2362 557 2426 demum
574 2361 732 2448 opusculo
749 2361 913 2447 descripta
930 2371 979 2424 est
993 2359 1106 2445 lepctio
1124 2362 1168 2424 ad

58 2457 260 2544 Nicephorum
275 2459 410 2524 Pltocam
426 2460 651 2547 Imperatorem
670 2459 836 2546 Optaaam,
860 2481 925 2544 qua
949 2481 978 2522 a.
995 2459 1060 2524 968
1075 2459 1167 2523 Luit-

58 2557 195 2638 prendas
207 2557 342 2622 functus
357 2567 415 2623 est.
427 2595 471 2606 -
483 2557 561 2622 Alia
577 2579 661 2643 quse
671 2557 871 2642 Luitprandi
883 2557 1018 2622 nomine
1030 2557 1168 2620 circum-

57 2652 197 2718 feruntur
220 2677 320 2740 opera
343 2658 455 2742 spuria
480 2665 566 2721 sunt.

140 2753 168 2816 7.
193 2753 267 2834 Quo
292 2753 409 2818 melius
429 2755 470 2819 de
486 2753 685 2840 Luitprandi
703 2755 898 2818 auctoritate
908 2751 1075 2838 judicium
1090 2751 1166 2814 ferri
1228 2753 1246 2794 ἢ
1273 2754 1316 2792 ⁰¹1³

57 2852 166 2932 possit,
200 2851 284 2916 haee
315 2851 488 2917 advertere
516 2851 661 2939 juvabit.
710 2851 778 2938 Ipsi
811 2853 936 2936 ingenii
962 2850 1053 2915 dotes
1076 2847 1167 2911 haud

58 2944 200 3033 defuisse,
215 2971 357 3036 eumque
372 2949 556 3037 disciplinis
569 2947 761 3014 liberalibus
776 2949 861 3013 bene
874 2947 1042 3012 excultum
1054 2946 1167 3026 fuisse,

56 3065 96 3107 ex
122 3049 251 3134 scriptis
281 3047 398 3114 elucet.
445 3045 537 3132 stylo
568 3049 657 3111 enim
688 3047 853 3111 concinno
884 3067 924 3109 ac
947 3044 1037 3109 facili
1061 3065 1113 3108 res
1137 3053 1168 3106 et

58 3155 187 3210 evenms
220 3145 395 3228 describit,
430 3145 586 3210 lectorem
618 3147 806 3209 narratione
840 3143 952 3229 lepida
984 3165 1025 3207 ac
1056 3143 1167 3205 vivaci

56 3241 213 3308 attrahere
236 3253 270 3308 et
293 3243 456 3310 delectare
479 3245 606 3326 nititur,
633 3241 851 3308 eruditionem
876 3263 956 3327 prae
971 3263 1005 3304 se
1023 3241 1087 3303 fert
1103 3260 1168 3302 non

59 3339 267 3424 mediocrem,
297 3351 468 3428 artemque
498 3344 595 3406 etiam
627 3343 791 3428 poeticam
818 3338 993 3404 sasallera
1018 3336 1169 3401 versibus

58 3434 229 3524 interjectis
251 3442 376 3526 passim
400 3440 552 3506 ostendit.
600 3439 749 3504 Graecae
777 3459 907 3525 quoque
931 3437 1063 3522 linguae
1087 3437 1169 3520 peri-

57 3533 193 3602 tissimus
224 3538 303 3620 fuit,
336 3559 504 3625 quumque
534 3540 568 3604 in
592 3536 774 3603 Germania
806 3543 1007 3616 versaretur,
1039 3531 1168 3597 illarum

57 3635 219 3717 regiorum
244 3637 363 3702 didicit
384 3637 519 3703 idioma.
565 3637 635 3702 Nec
660 3657 838 3717 censerem,
862 3632 1108 3719 Luitpranduur
1128 3653 1170 3694 ex

59 3733 193 3812 professo
226 3735 405 3821 aliquando
435 3736 636 3801 confinxisse
665 3733 749 3798 falsa
772 3732 969 3798 allectores
993 3730 1169 3815 deciperet,

57 3827 197 3917 adeoque
225 3833 421 3898 mendacem
445 3855 520 3898 eum
544 3831 705 3919 appellari
730 3853 835 3918 posse.
882 3829 948 3896 Sed
972 3829 1002 3891 ei
1027 3827 1170 3892 defuisse

56 3932 247 4008 gravitatem
281 3932 440 4018 dotesque
473 3933 624 4013 criticas,
658 3953 742 4016 quae
774 3931 808 3994 in
833 3929 991 4014 scriptore
1015 3925 1170 3990 historico

61 4035 98 4086 ut
116 4029 144 4090 ei
165 4029 266 4094 fidere
288 4027 389 4094 liceat
411 4031 545 4094 omnino
569 4031 794 4114 requiruntur,
818 4025 922 4090 multa
945 4022 1134 4088 ostendunt.

144 4125 172 4192 8.
200 4127 288 4192 Illud
317 4129 481 4214 imprimis
512 4129 546 4192 in
570 4129 642 4190 viro
667 4126 808 4190 diacono
832 4123 935 4188 animi
961 4121 1108 4204 vulgaris
1131 4143 1169 4184 ae
1214 4141 1301 4243 lpffi

60 4217 208 4289 levissimi
231 4226 394 4291 indiciam
419 4234 483 4307 est,
516 4225 606 4311 quod
629 4225 752 4310 passim
775 4243 826 4286 res
851 4219 1040 4300 obscoenas,
1068 4239 1170 4303 quum

63 4315 171 4386 ludicri
201 4324 281 4412 quid
312 4326 498 4406 continent,
529 4323 634 4388 fusius
664 4320 814 4407 styloque
844 4317 954 4403 lepido
986 4325 1019 4380 et
1046 4315 1171 4380 lascivo
