2952 4832
310 479 362 530 258
556 478 629 532 XXI.
649 479 689 534 De
708 480 733 535 S.
753 479 885 548 Gregorio
904 479 959 533 VII
979 481 1052 534 Rom.
1076 481 1216 536 Pontifice.

309 645 388 704 proce
412 621 450 683 de
475 623 543 706 ipso
561 624 680 686 Romae
696 623 834 708 ficerunt
857 624 971 687 andita
988 623 1021 708 ¹).
1070 623 1135 688 Sed
1151 625 1251 710 panio
1268 643 1347 714 post,
1369 632 1413 694 die

310 721 353 782 23
370 720 504 804 Aprilis,
530 722 563 783 ia
587 719 693 784 natali
715 746 739 786 s.
759 722 887 806 Georpio'
911 722 938 785 b.
964 720 1151 786 Alexander
1173 726 1321 810 spiriaco
1342 729 1412 792 eodo

309 819 451 880 reddidit
464 819 499 900 ²).

138 991 299 1032 simoniacan-
398 973 451 1033 te.
483 971 527 1034 Ut
541 992 619 1034 vero
636 971 838 1054 intelligatur
854 973 1040 1035 accuratius
1065 971 1172 1058 qualis
1197 972 1295 1036 fucrit
1318 997 1412 1038 rerum

173 1061 269 1102 ⁸⁰⁶²⁰⁶⁰·
310 1079 412 1131 status
445 1070 478 1132 iu
504 1067 683 1133 Germania
708 1069 817 1154 quoad
841 1071 1025 1151 simoniam,
1059 1079 1187 1154 praeter
1211 1092 1250 1132 ea
1274 1093 1354 1156 quae
1375 1073 1412 1135 di-

310 1169 418 1230 ximus
442 1165 613 1230 advortere
632 1167 740 1252 juvat,
772 1167 854 1230 adeo
889 1189 984 1230 usum
1016 1176 1048 1230 et
1073 1167 1343 1232 consuetudinem
1365 1169 1413 1231 sol-

310 1265 409 1328 vendi
435 1267 575 1350 pretium
601 1266 635 1328 in
659 1264 884 1350 adipiscendis
909 1263 1081 1329 ordinibus
1105 1265 1158 1328 vel
1182 1265 1350 1330 beneficiis
1372 1290 1412 1329 er·

310 1364 500 1426 closiasticis
532 1361 659 1425 radices
692 1364 814 1446 egisse,
860 1372 896 1425 ut
936 1365 1034 1426 etiam
1074 1364 1137 1426 viri
1175 1364 1321 1447 insigues
1355 1366 1415 1427 istis

308 1460 467 1525 abusibus
493 1461 652 1545 implicati
677 1459 809 1525 fuerint.
856 1461 977 1524 Narrat
993 1461 1203 1538 Lambertus,
1227 1484 1314 1526 auno
1341 1463 1415 1524 loo»

309 1561 479 1644 episcopos
496 1559 739 1642 Murgentinum,
766 1558 1005 1640 Colonienscm,
1031 1573 1062 1622 et
1079 1559 1382 1644 Babeubeegenscm
1397 1585 1414 1622 a

308 1657 467 1720 Pontifice
506 1666 660 1720 evocatos
695 1655 832 1719 Romaiu
873 1658 1012 1722 venisse.
1068 1657 1270 1744 Episcopum
1300 1659 1415 1722 Boben-

308 1755 517 1835 bergensem,
559 1755 599 1818 de
634 1755 814 1818 simoniaca
845 1757 1053 1840 episcopatus
1086 1759 1302 1842 acquisitione
1332 1781 1415 1820 accu-

308 1865 425 1933 satum,
451 1854 583 1916 veniam
609 1851 791 1915 obtinuisse
802 1851 827 1936 ³)
888 1853 1124 1934 „Mogontiuus
1149 1853 1415 1940 archiepiscopus.

308 1952 435 2031 scribit,
469 1973 502 2014 sc
535 1952 726 2036 episcopatu
758 1950 914 2014 abdicare
947 1960 1048 2036 atque
1079 1953 1112 2015 in
1145 1954 1249 2015 otium
1279 1956 1416 2038 privatio

308 2051 567 2114 conversationis
591 2049 744 2112 secedere
768 2071 968 2133 magnopore
994 2049 1168 2134 cupiebat:
1194 2051 1338 2114 sedtum
1364 2051 1415 2112 Ro·

308 2149 395 2212 urani
428 2146 597 2210 Pontificis
629 2147 837 2226 auctoritate,
875 2169 974 2232 quam
1006 2169 1118 2210 eornm
1151 2149 1206 2232 qni
1241 2166 1417 2234 praesentes

306 2255 399 2308 erant
432 2243 664 2308 maturioribus
696 2244 852 2324 consiliis,
886 2246 944 2306 vix
969 2255 1001 2308 ot
1024 2267 1120 2329 aegre
1146 2245 1310 2310 abductus
1332 2257 1416 2308 esta

306 2344 479 2407 sententia.
528 2341 651 2404 Omnes
693 2343 727 2406 in
765 2363 940 2406 commune
979 2341 1097 2406 acerbe
1136 2342 1299 2427 objurgati
1331 2341 1414 2429 quod

306 2463 415 2504 sacros
448 2439 579 2503 ordines
615 2462 674 2525 per
707 2441 922 2504 simoniacam
965 2439 1128 2503 haeresim
1169 2441 1348 2506 venderent
1387 2457 1414 2500 er

305 2539 490 2602 ementibus
516 2538 741 2602 indifferenter
765 2539 1047 2602 communicarent
1071 2561 1256 2625 manusque
1280 2541 1415 2623 impone-

304 2651 385 2702 rent.
433 2636 583 2699 Tandem
607 2647 742 2720 accepto
767 2634 808 2699 ab
834 2637 880 2699 eis
899 2635 1126 2721 jurejurandO,
1158 2637 1247 2723 quod
1272 2637 1349 2700 haec
1374 2635 1416 2697 ul·

305 2738 405 2798 terius
428 2735 547 2798 tacturi
571 2755 638 2797 uon
663 2743 780 2813 essent,
815 2735 848 2796 in
874 2755 932 2796 sna
957 2756 1032 2797 cum
1057 2755 1138 2820 paco
1163 2735 1290 2799 dimissi
1314 2740 1415 2798 sums*

304 2873 345 2882 —-
381 2835 432 2897 lux
455 2832 507 2894 his
538 2832 639 2908 igitur
663 2830 814 2914 colligere
839 2830 924 2915 licet,
956 2832 1197 2895 consuetudine
1222 2832 1332 2896 inolita
1357 2831 1417 2894 fse-

304 2947 384 3013 tum,
409 2941 445 2993 ut
470 2931 532 2992 viri
558 2931 656 2992 etiam
682 2929 826 3010 insigues
842 2929 929 2992 bona
945 2929 1088 3014 quadam
1114 2929 1179 2992 fide
1197 2931 1230 2992 in
1251 2929 1417 2994 collatione

379 3187 397 3254 ¹)
417 3185 572 3238 Ekkehardi
593 3185 687 3239 (thren.
707 3187 781 3240 univ.
802 3201 825 3238 a.
840 3187 916 3239 1073.
938 3201 979 3252 ap.
999 3183 1079 3250 uffo,
1098 3185 1220 3252 Regests
1240 3185 1383 3239 Alexandri
1393 3184 1419 3236 Il

302 3265 336 3316 od
355 3281 378 3316 a.
401 3265 513 3318 107311.
534 3267 613 3320 3530.

375 3363 395 3426 ’ἢ
414 3363 515 3416 Bonizo
534 3363 553 3418 1.
572 3379 603 3421 c..
623 3379 663 3430 ep.
687 3362 849 3421 Watterich‚
871 3363 890 3416 Ι.
911 3365 970 3416 270.

375 3461 395 3530 ³)
413 3459 574 3516 Lambertus
593 3461 698 3526 asserit,
725 3475 784 3513 euin
803 3461 896 3514 multis
915 3459 1069 3514 muneribus
1088 3459 1230 3514 Pontificio
1250 3466 1364 3515 mentem
1384 3459 1421 3510 ef-

301 3540 417 3595 feratam
441 3541 611 3606 demulsisse;
640 3542 685 3593 sed
709 3548 788 3594 caute
811 3540 965 3607 accipienda
988 3541 1054 3594 haec
1076 3549 1148 3594 sunt.
1172 3556 1236 3594 nam
1255 3539 1421 3594 Lambertus.

301 3623 377 3689 eujus
396 3621 514 3675 animum
533 3622 596 3676 lites
615 3623 646 3674 de
666 3622 825 3688 pontificatu
844 3621 916 3674 inter
935 3620 1117 3674 Alexandrum
1137 3628 1165 3674 et-
1184 3620 1326 3674 Cadalonm
1348 3621 1423 3672 babi-

301 3708 347 3755 tae
370 3700 566 3769 aliquantisper
590 3700 797 3762 exacerbarent,
828 3701 926 3767 possim
946 3701 1065 3754 severius
1093 3699 1126 3752 de
1145 3701 1275 3753 Romanis
1293 3699 1421 3765 loquitur.

301 3781 359 3844 „Ibi
370 3781 509 3847 episcopus
522 3779 755 3848 Babenbergensis
766 3787 914 3842 accusatus,
934 3780 1003 3846 quod
1022 3795 1071 3847 per
1089 3779 1263 3834 simoniacam
1283 3780 1413 3834 haeresim

300 3863 365 3914 data
383 3861 497 3928 pecunia
521 3861 704 3928 episcopatum
723 3861 877 3924 invasisset,
902 3861 989 3914 multa
1012 3866 1041 3914 et
1062 3859 1182 3928 pretiosa
1201 3875 1308 3914 munera
1331 3861 1423 3926 Papse

300 3940 381 4006 dedit,
401 3947 430 3994 et
448 3955 496 4008 per
514 3941 579 3994 haec
597 3940 737 3996 efferatam
756 3941 896 3995 adversum
916 3955 945 3994 se
964 3946 1080 3994 menam
1099 3939 1157 4008 ejus
1176 3941 1211 3994 ad
1223 3947 1328 3994 tonnus
1349 3959 1422 3994 msu-

299 4021 469 4075 suetudinem
488 4021 606 4086 reduxit‚
625 4029 659 4075 ut
672 4021 717 4088 qui
731 4037 784 4074 non
804 4023 862 4076 sine
880 4021 992 4089 periculi
1011 4021 1118 4074 honoris
1137 4027 1166 4076 ct
1178 4023 1278 4090 gradus
1294 4022 1340 4076 sni
1362 4039 1424 4075 ers—

299 4116 378 4154 snrns
396 4101 553 4168 putabatur,
573 4119 625 4155 uon
645 4103 731 4156 solum
751 4103 940 4170 impunitatem
959 4100 1077 4155 criminis
1091 4101 1162 4168 quod
1176 4101 1307 4170 objectum
1321 4101 1421 4162 tuerat

300 4187 513 4247 consequeretur,
537 4183 584 4236 sed
603 4183 686 4236 etiam
704 4180 816 4250 pallium
839 4187 868 4236 et
891 4180 946 4234 alia
964 4181 1094 4248 quaedam
1117 4181 1364 4250 archiepiscopatus
1384 4183 1421 4236 in·

299 4258 391 4328 signia
409 4275 426 4312 a
444 4261 505 4314 sede
524 4264 680 4330 Apostolica
698 4277 745 4330 pro
764 4261 949 4316 benedictione
967 4262 1144 4330 perciperet.“
