<?xml version="1.0" encoding="UTF-8"?>
<!DOCTYPE html PUBLIC "-//W3C//DTD XHTML 1.0 Transitional//EN"
    "http://www.w3.org/TR/xhtml1/DTD/xhtml1-transitional.dtd">
<html xmlns="http://www.w3.org/1999/xhtml" xml:lang="en" lang="en">
 <head>
  <title>
</title>
<meta http-equiv="Content-Type" content="text/html;charset=utf-8" />
  <meta name='ocr-system' content='tesseract 3.04.00' />
  <meta name='ocr-capabilities' content='ocr_page ocr_carea ocr_par ocr_line ocrx_word'/>
</head>
<body>
  <div class='ocr_page' id='page_1' title='image "./dissertationess01junggoog_0438.png"; bbox 0 0 2904 4834; ppageno 0'>
   <div class='ocr_carea' id='block_1_1' title="bbox 345 479 1176 547">
    <p class='ocr_par' dir='ltr' id='par_1_1' title="bbox 345 479 1176 547">
     <span class='ocr_line' id='line_1_1' title="bbox 345 479 1176 547; baseline -0.005 -13"><span class='ocrx_word' id='word_1_1' title='bbox 345 479 470 534; x_wconf 82' lang='lat' dir='ltr'>Eventus</span> <span class='ocrx_word' id='word_1_2' title='bbox 488 487 549 547; x_wconf 86' lang='lat' dir='ltr'>post</span> <span class='ocrx_word' id='word_1_3' title='bbox 568 479 717 534; x_wconf 78' lang='lat' dir='ltr'><strong>Concilium</strong></span> <span class='ocrx_word' id='word_1_4' title='bbox 736 495 789 534; x_wconf 86' lang='lat' dir='ltr'>occ.</span> <span class='ocrx_word' id='word_1_5' title='bbox 808 479 883 533; x_wconf 91' lang='lat' dir='ltr'><strong>VIII.</strong></span> <span class='ocrx_word' id='word_1_6' title='bbox 1121 479 1176 533; x_wconf 78' lang='lat' dir='ltr'>tat</span> 
     </span>
    </p>
   </div>
   <div class='ocr_carea' id='block_1_2' title="bbox 68 621 1353 3740">
    <p class='ocr_par' dir='ltr' id='par_1_2' title="bbox 69 621 1180 2250">
     <span class='ocr_line' id='line_1_2' title="bbox 74 621 1174 708; baseline 0 -22"><span class='ocrx_word' id='word_1_7' title='bbox 74 633 148 686; x_wconf 87' lang='lat' dir='ltr'>tatae</span> <span class='ocrx_word' id='word_1_8' title='bbox 175 631 207 686; x_wconf 90' lang='lat' dir='ltr'>et</span> <span class='ocrx_word' id='word_1_9' title='bbox 233 622 467 708; x_wconf 83' lang='lat' dir='ltr'>interpolatae3</span> <span class='ocrx_word' id='word_1_10' title='bbox 500 643 630 686; x_wconf 82' lang='lat' dir='ltr'>necnon</span> <span class='ocrx_word' id='word_1_11' title='bbox 662 621 800 707; x_wconf 91' lang='lat' dir='ltr'>epistola</span> <span class='ocrx_word' id='word_1_12' title='bbox 830 621 1003 686; x_wconf 80' lang='lat' dir='ltr'>Michaelis</span> <span class='ocrx_word' id='word_1_13' title='bbox 1032 621 1174 686; x_wconf 86' lang='lat' dir='ltr'>Alexan·</span> 
     </span>
     <span class='ocr_line' id='line_1_3' title="bbox 75 718 1176 806; baseline 0.002 -24"><span class='ocrx_word' id='word_1_14' title='bbox 75 718 147 782; x_wconf 92' lang='lat' dir='ltr'>drini</span> <span class='ocrx_word' id='word_1_15' title='bbox 162 719 366 805; x_wconf 76' lang='lat' dir='ltr'>patriarchae</span> <span class='ocrx_word' id='word_1_16' title='bbox 382 720 425 784; x_wconf 89' lang='lat' dir='ltr'>ad</span> <span class='ocrx_word' id='word_1_17' title='bbox 437 718 590 784; x_wconf 90' lang='lat' dir='ltr'>eumdem</span> <span class='ocrx_word' id='word_1_18' title='bbox 606 721 800 805; x_wconf 91' lang='lat' dir='ltr'>principem,</span> <span class='ocrx_word' id='word_1_19' title='bbox 819 742 884 806; x_wconf 89' lang='lat' dir='ltr'>qua</span> <span class='ocrx_word' id='word_1_20' title='bbox 895 719 1022 804; x_wconf 90' lang='lat' dir='ltr'>Synodi</span> <span class='ocrx_word' id='word_1_21' title='bbox 1038 729 1176 784; x_wconf 80' lang='lat' dir='ltr'>octavae</span> 
     </span>
     <span class='ocr_line' id='line_1_4' title="bbox 74 816 1176 902; baseline 0.003 -24"><span class='ocrx_word' id='word_1_22' title='bbox 74 827 172 882; x_wconf 88' lang='lat' dir='ltr'>contra</span> <span class='ocrx_word' id='word_1_23' title='bbox 202 816 358 882; x_wconf 91' lang='lat' dir='ltr'>Photium</span> <span class='ocrx_word' id='word_1_24' title='bbox 391 817 525 882; x_wconf 81' lang='lat' dir='ltr'>habitae</span> <span class='ocrx_word' id='word_1_25' title='bbox 557 816 729 881; x_wconf 84' lang='lat' dir='ltr'>abolitioni</span> <span class='ocrx_word' id='word_1_26' title='bbox 763 818 1015 902; x_wconf 83' lang='lat' dir='ltr'>suffragabatur.</span> <span class='ocrx_word' id='word_1_27' title='bbox 1069 817 1176 882; x_wconf 85' lang='lat' dir='ltr'>Simili</span> 
     </span>
     <span class='ocr_line' id='line_1_5' title="bbox 73 913 1176 1000; baseline 0 -23"><span class='ocrx_word' id='word_1_28' title='bbox 73 915 182 978; x_wconf 91' lang='lat' dir='ltr'>ratione</span> <span class='ocrx_word' id='word_1_29' title='bbox 204 916 306 978; x_wconf 89' lang='lat' dir='ltr'>etiam</span> <span class='ocrx_word' id='word_1_30' title='bbox 329 915 469 980; x_wconf 90' lang='lat' dir='ltr'>aliarum</span> <span class='ocrx_word' id='word_1_31' title='bbox 493 915 620 979; x_wconf 92' lang='lat' dir='ltr'>sedium</span> <span class='ocrx_word' id='word_1_32' title='bbox 644 914 850 1000; x_wconf 81' lang='lat' dir='ltr'>patriarchae</span> <span class='ocrx_word' id='word_1_33' title='bbox 864 913 989 979; x_wconf 83' lang='lat' dir='ltr'>litteras</span> <span class='ocrx_word' id='word_1_34' title='bbox 1006 914 1176 996; x_wconf 87' lang='lat' dir='ltr'>dederant,</span> 
     </span>
     <span class='ocr_line' id='line_1_6' title="bbox 73 1011 1175 1098; baseline -0.001 -22"><span class='ocrx_word' id='word_1_35' title='bbox 73 1033 142 1096; x_wconf 87' lang='lat' dir='ltr'>quae</span> <span class='ocrx_word' id='word_1_36' title='bbox 164 1011 273 1078; x_wconf 81' lang='lat' dir='ltr'>PhotIi</span> <span class='ocrx_word' id='word_1_37' title='bbox 298 1015 449 1078; x_wconf 89' lang='lat' dir='ltr'>encomia</span> <span class='ocrx_word' id='word_1_38' title='bbox 473 1011 704 1094; x_wconf 86' lang='lat' dir='ltr'>continebant,</span> <span class='ocrx_word' id='word_1_39' title='bbox 737 1011 924 1098; x_wconf 79' lang='lat' dir='ltr'>quibusque</span> <span class='ocrx_word' id='word_1_40' title='bbox 952 1011 1175 1094; x_wconf 83' lang='lat' dir='ltr'>declarabant,</span> 
     </span>
     <span class='ocr_line' id='line_1_7' title="bbox 72 1109 1177 1196; baseline 0.003 -26"><span class='ocrx_word' id='word_1_41' title='bbox 72 1109 211 1174; x_wconf 90' lang='lat' dir='ltr'>Photinm</span> <span class='ocrx_word' id='word_1_42' title='bbox 236 1132 366 1196; x_wconf 87' lang='lat' dir='ltr'>semper</span> <span class='ocrx_word' id='word_1_43' title='bbox 390 1113 424 1176; x_wconf 91' lang='lat' dir='ltr'>in</span> <span class='ocrx_word' id='word_1_44' title='bbox 448 1113 517 1176; x_wconf 90' lang='lat' dir='ltr'>suis</span> <span class='ocrx_word' id='word_1_45' title='bbox 540 1109 689 1176; x_wconf 90' lang='lat' dir='ltr'>ecclesiis</span> <span class='ocrx_word' id='word_1_46' title='bbox 712 1112 864 1194; x_wconf 84' lang='lat' dir='ltr'>agnitum</span> <span class='ocrx_word' id='word_1_47' title='bbox 878 1110 989 1175; x_wconf 87' lang='lat' dir='ltr'>fuisse.</span> <span class='ocrx_word' id='word_1_48' title='bbox 1025 1111 1076 1174; x_wconf 85' lang='lat' dir='ltr'>Ea</span> <span class='ocrx_word' id='word_1_49' title='bbox 1092 1131 1177 1195; x_wconf 88' lang='lat' dir='ltr'>quae</span> 
     </span>
     <span class='ocr_line' id='line_1_8' title="bbox 72 1207 1178 1292; baseline 0 -22"><span class='ocrx_word' id='word_1_50' title='bbox 72 1221 122 1270; x_wconf 88' lang='lat' dir='ltr'>tres</span> <span class='ocrx_word' id='word_1_51' title='bbox 143 1207 387 1292; x_wconf 83' lang='lat' dir='ltr'>patriarchatus</span> <span class='ocrx_word' id='word_1_52' title='bbox 410 1207 594 1288; x_wconf 84' lang='lat' dir='ltr'>orientales,</span> <span class='ocrx_word' id='word_1_53' title='bbox 620 1229 732 1272; x_wconf 86' lang='lat' dir='ltr'>eorum</span> <span class='ocrx_word' id='word_1_54' title='bbox 748 1207 915 1292; x_wconf 84' lang='lat' dir='ltr'>delegatos</span> <span class='ocrx_word' id='word_1_55' title='bbox 932 1221 964 1272; x_wconf 93' lang='lat' dir='ltr'>et</span> <span class='ocrx_word' id='word_1_56' title='bbox 979 1210 1178 1273; x_wconf 88' lang='lat' dir='ltr'>documenta</span> 
     </span>
     <span class='ocr_line' id='line_1_9' title="bbox 71 1305 1179 1390; baseline 0.001 -23"><span class='ocrx_word' id='word_1_57' title='bbox 71 1306 98 1368; x_wconf 94' lang='lat' dir='ltr'>in</span> <span class='ocrx_word' id='word_1_58' title='bbox 124 1305 250 1388; x_wconf 91' lang='lat' dir='ltr'>synodo</span> <span class='ocrx_word' id='word_1_59' title='bbox 283 1305 368 1370; x_wconf 88' lang='lat' dir='ltr'>lecta</span> <span class='ocrx_word' id='word_1_60' title='bbox 400 1317 566 1390; x_wconf 90' lang='lat' dir='ltr'>spectant,</span> <span class='ocrx_word' id='word_1_61' title='bbox 600 1308 679 1370; x_wconf 91' lang='lat' dir='ltr'>satis</span> <span class='ocrx_word' id='word_1_62' title='bbox 712 1305 853 1370; x_wconf 88' lang='lat' dir='ltr'>obseura</span> <span class='ocrx_word' id='word_1_63' title='bbox 885 1317 977 1388; x_wconf 91' lang='lat' dir='ltr'>sunt,</span> <span class='ocrx_word' id='word_1_64' title='bbox 1011 1328 1050 1370; x_wconf 90' lang='lat' dir='ltr'>ac</span> <span class='ocrx_word' id='word_1_65' title='bbox 1082 1305 1179 1390; x_wconf 90' lang='lat' dir='ltr'>plura</span> 
     </span>
     <span class='ocr_line' id='line_1_10' title="bbox 70 1402 1178 1489; baseline 0.002 -25"><span class='ocrx_word' id='word_1_66' title='bbox 70 1402 210 1484; x_wconf 87' lang='lat' dir='ltr'>suadent,</span> <span class='ocrx_word' id='word_1_67' title='bbox 241 1402 366 1468; x_wconf 88' lang='lat' dir='ltr'>litterae</span> <span class='ocrx_word' id='word_1_68' title='bbox 389 1405 437 1467; x_wconf 93' lang='lat' dir='ltr'>uti</span> <span class='ocrx_word' id='word_1_69' title='bbox 462 1413 595 1468; x_wconf 66' lang='lat' dir='ltr'>exsmnt</span> <span class='ocrx_word' id='word_1_70' title='bbox 618 1426 687 1468; x_wconf 90' lang='lat' dir='ltr'>esse</span> <span class='ocrx_word' id='word_1_71' title='bbox 711 1405 897 1489; x_wconf 89' lang='lat' dir='ltr'>suppositas</span> <span class='ocrx_word' id='word_1_72' title='bbox 920 1403 973 1467; x_wconf 90' lang='lat' dir='ltr'>vel</span> <span class='ocrx_word' id='word_1_73' title='bbox 997 1411 1178 1487; x_wconf 89' lang='lat' dir='ltr'>corruptas.</span> 
     </span>
     <span class='ocr_line' id='line_1_11' title="bbox 71 1497 1179 1586; baseline 0 -24"><span class='ocrx_word' id='word_1_74' title='bbox 71 1497 231 1585; x_wconf 80' lang='lat' dir='ltr'>Colligitur</span> <span class='ocrx_word' id='word_1_75' title='bbox 253 1511 364 1564; x_wconf 87' lang='lat' dir='ltr'>tamen</span> <span class='ocrx_word' id='word_1_76' title='bbox 388 1523 431 1566; x_wconf 84' lang='lat' dir='ltr'>ex</span> <span class='ocrx_word' id='word_1_77' title='bbox 445 1502 549 1580; x_wconf 86' lang='lat' dir='ltr'>Actis,</span> <span class='ocrx_word' id='word_1_78' title='bbox 574 1501 616 1564; x_wconf 88' lang='lat' dir='ltr'>ab</span> <span class='ocrx_word' id='word_1_79' title='bbox 642 1501 705 1566; x_wconf 87' lang='lat' dir='ltr'>illis</span> <span class='ocrx_word' id='word_1_80' title='bbox 729 1501 864 1565; x_wconf 90' lang='lat' dir='ltr'>sedibus</span> <span class='ocrx_word' id='word_1_81' title='bbox 879 1499 1055 1586; x_wconf 83' lang='lat' dir='ltr'>reprobata</span> <span class='ocrx_word' id='word_1_82' title='bbox 1079 1500 1179 1563; x_wconf 87' lang='lat' dir='ltr'>fuisse</span> 
     </span>
     <span class='ocr_line' id='line_1_12' title="bbox 70 1597 1178 1684; baseline -0.001 -24"><span class='ocrx_word' id='word_1_83' title='bbox 70 1618 141 1681; x_wconf 87' lang='lat' dir='ltr'>quae</span> <span class='ocrx_word' id='word_1_84' title='bbox 164 1621 193 1662; x_wconf 89' lang='lat' dir='ltr'>a.</span> <span class='ocrx_word' id='word_1_85' title='bbox 219 1598 285 1664; x_wconf 84' lang='lat'>869</span> <span class='ocrx_word' id='word_1_86' title='bbox 309 1607 423 1664; x_wconf 90' lang='lat' dir='ltr'>contra</span> <span class='ocrx_word' id='word_1_87' title='bbox 446 1598 602 1662; x_wconf 90' lang='lat' dir='ltr'>Photium</span> <span class='ocrx_word' id='word_1_88' title='bbox 627 1599 789 1680; x_wconf 88' lang='lat' dir='ltr'>fecerant,</span> <span class='ocrx_word' id='word_1_89' title='bbox 822 1599 1020 1684; x_wconf 86' lang='lat' dir='ltr'>culpamque</span> <span class='ocrx_word' id='word_1_90' title='bbox 1044 1597 1178 1662; x_wconf 91' lang='lat' dir='ltr'>attribu-</span> 
     </span>
     <span class='ocr_line' id='line_1_13' title="bbox 69 1694 1180 1782; baseline -0.001 -24"><span class='ocrx_word' id='word_1_91' title='bbox 69 1709 125 1758; x_wconf 86' lang='lat' dir='ltr'>tam</span> <span class='ocrx_word' id='word_1_92' title='bbox 148 1697 202 1780; x_wconf 91' lang='lat' dir='ltr'>iis,</span> <span class='ocrx_word' id='word_1_93' title='bbox 236 1698 292 1782; x_wconf 91' lang='lat' dir='ltr'>qui</span> <span class='ocrx_word' id='word_1_94' title='bbox 316 1706 397 1760; x_wconf 90' lang='lat' dir='ltr'>tunc</span> <span class='ocrx_word' id='word_1_95' title='bbox 420 1719 475 1762; x_wconf 88' lang='lat' dir='ltr'>eas</span> <span class='ocrx_word' id='word_1_96' title='bbox 500 1696 594 1761; x_wconf 88' lang='lat' dir='ltr'>sedes</span> <span class='ocrx_word' id='word_1_97' title='bbox 617 1697 920 1782; x_wconf 87' lang='lat' dir='ltr'>repraesentabant.</span> <span class='ocrx_word' id='word_1_98' title='bbox 967 1696 1033 1776; x_wconf 75' lang='lat' dir='ltr'>Qui</span> <span class='ocrx_word' id='word_1_99' title='bbox 1058 1698 1091 1760; x_wconf 92' lang='lat' dir='ltr'>in</span> <span class='ocrx_word' id='word_1_100' title='bbox 1116 1694 1180 1758; x_wconf 88' lang='lat' dir='ltr'>hoe</span> 
     </span>
     <span class='ocr_line' id='line_1_14' title="bbox 70 1793 1179 1879; baseline 0.001 -24"><span class='ocrx_word' id='word_1_101' title='bbox 70 1793 196 1857; x_wconf 90' lang='lat' dir='ltr'>concilio</span> <span class='ocrx_word' id='word_1_102' title='bbox 221 1794 331 1859; x_wconf 90' lang='lat' dir='ltr'>Photii</span> <span class='ocrx_word' id='word_1_103' title='bbox 354 1794 494 1858; x_wconf 89' lang='lat' dir='ltr'>aderant</span> <span class='ocrx_word' id='word_1_104' title='bbox 522 1793 583 1858; x_wconf 90' lang='lat' dir='ltr'>sub</span> <span class='ocrx_word' id='word_1_105' title='bbox 612 1796 745 1858; x_wconf 92' lang='lat' dir='ltr'>nomine</span> <span class='ocrx_word' id='word_1_106' title='bbox 769 1796 1057 1879; x_wconf 89' lang='lat' dir='ltr'>apocrisiariorum</span> <span class='ocrx_word' id='word_1_107' title='bbox 1081 1794 1179 1878; x_wconf 89' lang='lat' dir='ltr'>patri·</span> 
     </span>
     <span class='ocr_line' id='line_1_15' title="bbox 70 1890 1178 1972; baseline 0.001 -20"><span class='ocrx_word' id='word_1_108' title='bbox 70 1890 253 1954; x_wconf 87' lang='lat' dir='ltr'>archatuum</span> <span class='ocrx_word' id='word_1_109' title='bbox 278 1891 504 1972; x_wconf 89' lang='lat' dir='ltr'>orientalium,</span> <span class='ocrx_word' id='word_1_110' title='bbox 534 1893 576 1956; x_wconf 88' lang='lat' dir='ltr'>ab</span> <span class='ocrx_word' id='word_1_111' title='bbox 601 1891 665 1956; x_wconf 92' lang='lat' dir='ltr'>illis</span> <span class='ocrx_word' id='word_1_112' title='bbox 689 1891 812 1956; x_wconf 90' lang='lat' dir='ltr'>diversi</span> <span class='ocrx_word' id='word_1_113' title='bbox 836 1904 939 1956; x_wconf 89' lang='lat' dir='ltr'>erant.</span> <span class='ocrx_word' id='word_1_114' title='bbox 987 1893 1055 1956; x_wconf 87' lang='lat' dir='ltr'>Alii</span> <span class='ocrx_word' id='word_1_115' title='bbox 1079 1893 1178 1956; x_wconf 89' lang='lat' dir='ltr'>etiam</span> 
     </span>
     <span class='ocr_line' id='line_1_16' title="bbox 70 1988 1179 2075; baseline 0.004 -27"><span class='ocrx_word' id='word_1_116' title='bbox 70 1999 153 2052; x_wconf 80' lang='lat' dir='ltr'>crant</span> <span class='ocrx_word' id='word_1_117' title='bbox 174 1991 208 2053; x_wconf 91' lang='lat' dir='ltr'>in</span> <span class='ocrx_word' id='word_1_118' title='bbox 238 1989 316 2054; x_wconf 89' lang='lat' dir='ltr'>sede</span> <span class='ocrx_word' id='word_1_119' title='bbox 339 1989 571 2054; x_wconf 82' lang='lat' dir='ltr'>Alexandrina</span> <span class='ocrx_word' id='word_1_120' title='bbox 594 1998 627 2053; x_wconf 90' lang='lat' dir='ltr'>et</span> <span class='ocrx_word' id='word_1_121' title='bbox 649 1991 684 2054; x_wconf 92' lang='lat' dir='ltr'>iu</span> <span class='ocrx_word' id='word_1_122' title='bbox 708 1988 785 2054; x_wconf 92' lang='lat' dir='ltr'>sede</span> <span class='ocrx_word' id='word_1_123' title='bbox 809 1989 1020 2054; x_wconf 84' lang='lat' dir='ltr'>Antiocheno</span> <span class='ocrx_word' id='word_1_124' title='bbox 1043 1992 1179 2075; x_wconf 91' lang='lat' dir='ltr'>patriar·</span> 
     </span>
     <span class='ocr_line' id='line_1_17' title="bbox 70 2084 1180 2174; baseline 0.005 -28"><span class='ocrx_word' id='word_1_125' title='bbox 70 2084 158 2170; x_wconf 84' lang='lat' dir='ltr'>chae,</span> <span class='ocrx_word' id='word_1_126' title='bbox 191 2087 515 2171; x_wconf 86' lang='lat' dir='ltr'>Hierosolymilanus</span> <span class='ocrx_word' id='word_1_127' title='bbox 542 2097 655 2152; x_wconf 89' lang='lat' dir='ltr'>tamen</span> <span class='ocrx_word' id='word_1_128' title='bbox 678 2087 884 2152; x_wconf 86' lang='lat' dir='ltr'>Theodosius</span> <span class='ocrx_word' id='word_1_129' title='bbox 907 2089 976 2174; x_wconf 88' lang='lat' dir='ltr'>jam</span> <span class='ocrx_word' id='word_1_130' title='bbox 1001 2110 1089 2152; x_wconf 91' lang='lat' dir='ltr'>anno</span> <span class='ocrx_word' id='word_1_131' title='bbox 1114 2088 1180 2152; x_wconf 88' lang='grc'>869</span> 
     </span>
     <span class='ocr_line' id='line_1_18' title="bbox 69 2181 451 2250; baseline 0.013 -5"><span class='ocrx_word' id='word_1_132' title='bbox 69 2181 149 2248; x_wconf 87' lang='lat' dir='ltr'>illam</span> <span class='ocrx_word' id='word_1_133' title='bbox 171 2184 283 2250; x_wconf 88' lang='lat' dir='ltr'>sedem</span> <span class='ocrx_word' id='word_1_134' title='bbox 308 2185 451 2250; x_wconf 89' lang='lat' dir='ltr'>tenebat.</span> 
     </span>
    </p>

    <p class='ocr_par' dir='ltr' id='par_1_3' title="bbox 68 2282 1353 3740">
     <span class='ocr_line' id='line_1_19' title="bbox 150 2282 1353 2369; baseline 0.001 -23"><span class='ocrx_word' id='word_1_135' title='bbox 150 2283 223 2348; x_wconf 74' lang='lat'>120.</span> <span class='ocrx_word' id='word_1_136' title='bbox 246 2282 328 2348; x_wconf 89' lang='lat' dir='ltr'>Illae</span> <span class='ocrx_word' id='word_1_137' title='bbox 352 2293 463 2348; x_wconf 89' lang='lat' dir='ltr'>autem</span> <span class='ocrx_word' id='word_1_138' title='bbox 486 2283 685 2369; x_wconf 90' lang='lat' dir='ltr'>palinodiae,</span> <span class='ocrx_word' id='word_1_139' title='bbox 710 2285 971 2366; x_wconf 86' lang='lat' dir='ltr'>retractationes,</span> <span class='ocrx_word' id='word_1_140' title='bbox 997 2283 1353 2349; x_wconf 65' lang='lat' dir='ltr'>sennodio-rotimum</span> 
     </span>
     <span class='ocr_line' id='line_1_20' title="bbox 69 2355 1332 2466; baseline 0.004 -26"><span class='ocrx_word' id='word_1_141' title='bbox 69 2380 165 2444; x_wconf 87' lang='lat' dir='ltr'>tiones</span> <span class='ocrx_word' id='word_1_142' title='bbox 188 2391 221 2445; x_wconf 90' lang='lat' dir='ltr'>et</span> <span class='ocrx_word' id='word_1_143' title='bbox 243 2382 533 2466; x_wconf 82' lang='lat' dir='ltr'>tergiversationes</span> <span class='ocrx_word' id='word_1_144' title='bbox 557 2380 795 2462; x_wconf 87' lang='lat' dir='ltr'>Orientalium,</span> <span class='ocrx_word' id='word_1_145' title='bbox 828 2382 876 2445; x_wconf 90' lang='lat' dir='ltr'>uti</span> <span class='ocrx_word' id='word_1_146' title='bbox 901 2383 936 2445; x_wconf 91' lang='lat' dir='ltr'>in</span> <span class='ocrx_word' id='word_1_147' title='bbox 960 2384 1062 2446; x_wconf 91' lang='lat' dir='ltr'>variis</span> <span class='ocrx_word' id='word_1_148' title='bbox 1085 2403 1179 2466; x_wconf 91' lang='lat' dir='ltr'>syno·</span> <span class='ocrx_word' id='word_1_149' title='bbox 1209 2355 1332 2400; x_wconf 53' lang='lat' dir='ltr'>mm*</span> 
     </span>
     <span class='ocr_line' id='line_1_21' title="bbox 70 2475 1179 2565; baseline 0.002 -25"><span class='ocrx_word' id='word_1_150' title='bbox 70 2475 115 2540; x_wconf 87' lang='lat' dir='ltr'>dis</span> <span class='ocrx_word' id='word_1_151' title='bbox 131 2476 413 2565; x_wconf 86' lang='lat' dir='ltr'>Constantinopoli</span> <span class='ocrx_word' id='word_1_152' title='bbox 438 2501 478 2544; x_wconf 89' lang='lat' dir='ltr'>ea</span> <span class='ocrx_word' id='word_1_153' title='bbox 500 2489 606 2544; x_wconf 86' lang='lat' dir='ltr'>aetate</span> <span class='ocrx_word' id='word_1_154' title='bbox 630 2478 754 2544; x_wconf 89' lang='lat' dir='ltr'>habitis</span> <span class='ocrx_word' id='word_1_155' title='bbox 777 2481 1004 2562; x_wconf 87' lang='lat' dir='ltr'>inveniuntur,</span> <span class='ocrx_word' id='word_1_156' title='bbox 1029 2503 1071 2544; x_wconf 87' lang='lat' dir='ltr'>ex</span> <span class='ocrx_word' id='word_1_157' title='bbox 1094 2482 1179 2543; x_wconf 91' lang='lat' dir='ltr'>tristi</span> 
     </span>
     <span class='ocr_line' id='line_1_22' title="bbox 69 2576 1181 2664; baseline 0.004 -26"><span class='ocrx_word' id='word_1_158' title='bbox 69 2585 146 2640; x_wconf 87' lang='lat' dir='ltr'>statu</span> <span class='ocrx_word' id='word_1_159' title='bbox 169 2576 301 2642; x_wconf 90' lang='lat' dir='ltr'>illorum</span> <span class='ocrx_word' id='word_1_160' title='bbox 315 2576 600 2662; x_wconf 85' lang='lat' dir='ltr'>patriarchatuum</span> <span class='ocrx_word' id='word_1_161' title='bbox 615 2576 833 2663; x_wconf 87' lang='lat' dir='ltr'>explicantur,</span> <span class='ocrx_word' id='word_1_162' title='bbox 858 2576 1022 2664; x_wconf 89' lang='lat' dir='ltr'>simulque</span> <span class='ocrx_word' id='word_1_163' title='bbox 1041 2579 1181 2642; x_wconf 88' lang='lat' dir='ltr'>miserae</span> 
     </span>
     <span class='ocr_line' id='line_1_23' title="bbox 69 2671 1181 2761; baseline 0.005 -27"><span class='ocrx_word' id='word_1_164' title='bbox 69 2671 158 2758; x_wconf 88' lang='lat' dir='ltr'>hujus</span> <span class='ocrx_word' id='word_1_165' title='bbox 189 2675 390 2740; x_wconf 88' lang='lat' dir='ltr'>conditionis</span> <span class='ocrx_word' id='word_1_166' title='bbox 422 2687 499 2740; x_wconf 89' lang='lat' dir='ltr'>sunt</span> <span class='ocrx_word' id='word_1_167' title='bbox 528 2686 770 2760; x_wconf 84' lang='lat' dir='ltr'>argumentum.</span> <span class='ocrx_word' id='word_1_168' title='bbox 818 2673 887 2740; x_wconf 87' lang='lat' dir='ltr'>Sub</span> <span class='ocrx_word' id='word_1_169' title='bbox 913 2677 995 2761; x_wconf 87' lang='lat' dir='ltr'>jugo</span> <span class='ocrx_word' id='word_1_170' title='bbox 1022 2675 1181 2740; x_wconf 85' lang='lat' dir='ltr'>videlicet</span> 
     </span>
     <span class='ocr_line' id='line_1_24' title="bbox 69 2772 1180 2859; baseline 0.003 -25"><span class='ocrx_word' id='word_1_171' title='bbox 69 2772 299 2838; x_wconf 72' lang='lat' dir='ltr'>Saracenorum</span> <span class='ocrx_word' id='word_1_172' title='bbox 324 2774 413 2836; x_wconf 89' lang='lat' dir='ltr'>vitae</span> <span class='ocrx_word' id='word_1_173' title='bbox 443 2795 483 2837; x_wconf 91' lang='lat' dir='ltr'>ac</span> <span class='ocrx_word' id='word_1_174' title='bbox 512 2772 708 2859; x_wconf 89' lang='lat' dir='ltr'>disciplinae</span> <span class='ocrx_word' id='word_1_175' title='bbox 733 2772 974 2838; x_wconf 84' lang='lat' dir='ltr'>ecclesiasticae</span> <span class='ocrx_word' id='word_1_176' title='bbox 1006 2776 1100 2858; x_wconf 88' lang='lat' dir='ltr'>vigor</span> <span class='ocrx_word' id='word_1_177' title='bbox 1128 2773 1180 2837; x_wconf 94' lang='lat' dir='ltr'>de-</span> 
     </span>
     <span class='ocr_line' id='line_1_25' title="bbox 69 2867 1181 2956; baseline 0.006 -28"><span class='ocrx_word' id='word_1_178' title='bbox 69 2867 199 2952; x_wconf 84' lang='lat' dir='ltr'>iecerat,</span> <span class='ocrx_word' id='word_1_179' title='bbox 234 2873 335 2935; x_wconf 87' lang='lat' dir='ltr'>variis</span> <span class='ocrx_word' id='word_1_180' title='bbox 358 2873 392 2934; x_wconf 92' lang='lat' dir='ltr'>in</span> <span class='ocrx_word' id='word_1_181' title='bbox 416 2871 608 2955; x_wconf 82' lang='lat' dir='ltr'>regionibus</span> <span class='ocrx_word' id='word_1_182' title='bbox 631 2870 790 2935; x_wconf 89' lang='lat' dir='ltr'>haeretici</span> <span class='ocrx_word' id='word_1_183' title='bbox 814 2870 1066 2956; x_wconf 87' lang='lat' dir='ltr'>monophysitae</span> <span class='ocrx_word' id='word_1_184' title='bbox 1089 2894 1181 2956; x_wconf 91' lang='lat' dir='ltr'>prae·</span> 
     </span>
     <span class='ocr_line' id='line_1_26' title="bbox 71 2967 1180 3055; baseline 0.005 -28"><span class='ocrx_word' id='word_1_185' title='bbox 71 2967 225 3050; x_wconf 86' lang='lat' dir='ltr'>valebant,</span> <span class='ocrx_word' id='word_1_186' title='bbox 250 2969 360 3034; x_wconf 89' lang='lat' dir='ltr'>studia</span> <span class='ocrx_word' id='word_1_187' title='bbox 383 2968 568 3054; x_wconf 87' lang='lat' dir='ltr'>theologica</span> <span class='ocrx_word' id='word_1_188' title='bbox 591 2979 690 3055; x_wconf 89' lang='lat' dir='ltr'>atque</span> <span class='ocrx_word' id='word_1_189' title='bbox 711 2971 850 3032; x_wconf 90' lang='lat' dir='ltr'>scientia</span> <span class='ocrx_word' id='word_1_190' title='bbox 864 2990 974 3033; x_wconf 90' lang='lat' dir='ltr'>rerum</span> <span class='ocrx_word' id='word_1_191' title='bbox 991 2970 1180 3034; x_wconf 92' lang='lat' dir='ltr'>divinarum</span> 
     </span>
     <span class='ocr_line' id='line_1_27' title="bbox 70 3063 1181 3153; baseline 0.004 -27"><span class='ocrx_word' id='word_1_192' title='bbox 70 3063 128 3128; x_wconf 89' lang='lat' dir='ltr'>lere</span> <span class='ocrx_word' id='word_1_193' title='bbox 144 3066 367 3147; x_wconf 87' lang='lat' dir='ltr'>conciderant,</span> <span class='ocrx_word' id='word_1_194' title='bbox 393 3069 649 3132; x_wconf 87' lang='lat' dir='ltr'>communicatio</span> <span class='ocrx_word' id='word_1_195' title='bbox 671 3089 746 3130; x_wconf 88' lang='lat' dir='ltr'>cum</span> <span class='ocrx_word' id='word_1_196' title='bbox 762 3066 909 3131; x_wconf 92' lang='lat' dir='ltr'>ecclesiis</span> <span class='ocrx_word' id='word_1_197' title='bbox 925 3067 1060 3153; x_wconf 90' lang='lat' dir='ltr'>imperii</span> <span class='ocrx_word' id='word_1_198' title='bbox 1077 3069 1181 3132; x_wconf 90' lang='lat' dir='ltr'>orien-</span> 
     </span>
     <span class='ocr_line' id='line_1_28' title="bbox 68 3162 1183 3247; baseline 0.004 -23"><span class='ocrx_word' id='word_1_199' title='bbox 68 3162 134 3226; x_wconf 88' lang='lat' dir='ltr'>talis</span> <span class='ocrx_word' id='word_1_200' title='bbox 157 3176 190 3228; x_wconf 89' lang='lat' dir='ltr'>et</span> <span class='ocrx_word' id='word_1_201' title='bbox 213 3186 289 3229; x_wconf 89' lang='lat' dir='ltr'>cum</span> <span class='ocrx_word' id='word_1_202' title='bbox 312 3164 461 3230; x_wconf 88' lang='lat' dir='ltr'>ecclesiis</span> <span class='ocrx_word' id='word_1_203' title='bbox 485 3165 678 3230; x_wconf 86' lang='lat' dir='ltr'>Occidentis</span> <span class='ocrx_word' id='word_1_204' title='bbox 701 3186 775 3230; x_wconf 90' lang='lat' dir='ltr'>rara</span> <span class='ocrx_word' id='word_1_205' title='bbox 799 3175 831 3228; x_wconf 91' lang='lat' dir='ltr'>ct</span> <span class='ocrx_word' id='word_1_206' title='bbox 855 3163 1001 3229; x_wconf 86' lang='lat' dir='ltr'>diflicilia</span> <span class='ocrx_word' id='word_1_207' title='bbox 1025 3175 1110 3247; x_wconf 91' lang='lat' dir='ltr'>erat,</span> <span class='ocrx_word' id='word_1_208' title='bbox 1135 3168 1183 3228; x_wconf 89' lang='lat' dir='ltr'>ita</span> 
     </span>
     <span class='ocr_line' id='line_1_29' title="bbox 69 3261 1182 3348; baseline 0.004 -26"><span class='ocrx_word' id='word_1_209' title='bbox 69 3273 99 3322; x_wconf 88' lang='lat' dir='ltr'>ut</span> <span class='ocrx_word' id='word_1_210' title='bbox 119 3271 239 3326; x_wconf 88' lang='lat' dir='ltr'>statum</span> <span class='ocrx_word' id='word_1_211' title='bbox 263 3285 372 3327; x_wconf 91' lang='lat' dir='ltr'>rerum</span> <span class='ocrx_word' id='word_1_212' title='bbox 396 3265 430 3326; x_wconf 92' lang='lat' dir='ltr'>in</span> <span class='ocrx_word' id='word_1_213' title='bbox 456 3261 507 3326; x_wconf 92' lang='lat' dir='ltr'>his</span> <span class='ocrx_word' id='word_1_214' title='bbox 523 3261 669 3328; x_wconf 87' lang='lat' dir='ltr'>ecclesiis</span> <span class='ocrx_word' id='word_1_215' title='bbox 684 3261 870 3327; x_wconf 90' lang='lat' dir='ltr'>Orientales</span> <span class='ocrx_word' id='word_1_216' title='bbox 894 3261 940 3326; x_wconf 93' lang='lat' dir='ltr'>illi</span> <span class='ocrx_word' id='word_1_217' title='bbox 957 3264 1017 3326; x_wconf 88' lang='lat' dir='ltr'>vix</span> <span class='ocrx_word' id='word_1_218' title='bbox 1032 3285 1182 3348; x_wconf 87' lang='lat' dir='ltr'>perspec-</span> 
     </span>
     <span class='ocr_line' id='line_1_30' title="bbox 69 3357 1181 3446; baseline 0.004 -26"><span class='ocrx_word' id='word_1_219' title='bbox 69 3370 130 3422; x_wconf 88' lang='lat' dir='ltr'>tum</span> <span class='ocrx_word' id='word_1_220' title='bbox 152 3359 276 3426; x_wconf 88' lang='lat' dir='ltr'>habere</span> <span class='ocrx_word' id='word_1_221' title='bbox 299 3371 441 3445; x_wconf 87' lang='lat' dir='ltr'>possent.</span> <span class='ocrx_word' id='word_1_222' title='bbox 489 3358 607 3424; x_wconf 84' lang='lat' dir='ltr'>Clerici</span> <span class='ocrx_word' id='word_1_223' title='bbox 640 3363 696 3446; x_wconf 92' lang='lat' dir='ltr'>qui</span> <span class='ocrx_word' id='word_1_224' title='bbox 726 3382 768 3423; x_wconf 87' lang='lat' dir='ltr'>ex</span> <span class='ocrx_word' id='word_1_225' title='bbox 792 3359 928 3425; x_wconf 91' lang='lat' dir='ltr'>Oriente</span> <span class='ocrx_word' id='word_1_226' title='bbox 953 3357 1181 3426; x_wconf 86' lang='lat' dir='ltr'>Constantino-</span> 
     </span>
     <span class='ocr_line' id='line_1_31' title="bbox 69 3455 1181 3544; baseline 0.004 -26"><span class='ocrx_word' id='word_1_227' title='bbox 69 3455 161 3539; x_wconf 88' lang='lat' dir='ltr'>polim</span> <span class='ocrx_word' id='word_1_228' title='bbox 184 3457 238 3522; x_wconf 91' lang='lat' dir='ltr'>vel</span> <span class='ocrx_word' id='word_1_229' title='bbox 257 3458 397 3522; x_wconf 87' lang='lat' dir='ltr'>Romam</span> <span class='ocrx_word' id='word_1_230' title='bbox 421 3457 610 3540; x_wconf 87' lang='lat' dir='ltr'>veniebant,</span> <span class='ocrx_word' id='word_1_231' title='bbox 635 3459 688 3522; x_wconf 90' lang='lat' dir='ltr'>vel</span> <span class='ocrx_word' id='word_1_232' title='bbox 712 3457 822 3544; x_wconf 89' lang='lat' dir='ltr'>aliquo</span> <span class='ocrx_word' id='word_1_233' title='bbox 847 3468 993 3544; x_wconf 90' lang='lat' dir='ltr'>tempore</span> <span class='ocrx_word' id='word_1_234' title='bbox 1017 3456 1061 3522; x_wconf 88' lang='lat' dir='ltr'>ad</span> <span class='ocrx_word' id='word_1_235' title='bbox 1085 3479 1181 3542; x_wconf 86' lang='lat' dir='ltr'>nego·</span> 
     </span>
     <span class='ocr_line' id='line_1_32' title="bbox 69 3553 1183 3641; baseline 0.002 -25"><span class='ocrx_word' id='word_1_236' title='bbox 69 3556 108 3618; x_wconf 88' lang='lat' dir='ltr'>tia</span> <span class='ocrx_word' id='word_1_237' title='bbox 129 3557 302 3622; x_wconf 86' lang='lat' dir='ltr'>tractanda</span> <span class='ocrx_word' id='word_1_238' title='bbox 326 3556 372 3620; x_wconf 93' lang='lat' dir='ltr'>ibi</span> <span class='ocrx_word' id='word_1_239' title='bbox 397 3556 625 3638; x_wconf 86' lang='lat' dir='ltr'>versabantur,</span> <span class='ocrx_word' id='word_1_240' title='bbox 650 3557 876 3641; x_wconf 86' lang='lat' dir='ltr'>eleemosynas</span> <span class='ocrx_word' id='word_1_241' title='bbox 899 3555 1008 3620; x_wconf 71' lang='lat' dir='ltr'>aliave</span> <span class='ocrx_word' id='word_1_242' title='bbox 1032 3553 1183 3619; x_wconf 90' lang='lat' dir='ltr'>subsidia</span> 
     </span>
     <span class='ocr_line' id='line_1_33' title="bbox 70 3653 1183 3740; baseline -0.002 -22"><span class='ocrx_word' id='word_1_243' title='bbox 70 3655 277 3736; x_wconf 86' lang='lat' dir='ltr'>quaerebant,</span> <span class='ocrx_word' id='word_1_244' title='bbox 311 3677 351 3720; x_wconf 88' lang='lat' dir='ltr'>ac</span> <span class='ocrx_word' id='word_1_245' title='bbox 374 3656 469 3740; x_wconf 91' lang='lat' dir='ltr'>proni</span> <span class='ocrx_word' id='word_1_246' title='bbox 493 3664 588 3718; x_wconf 88' lang='lat' dir='ltr'>erant</span> <span class='ocrx_word' id='word_1_247' title='bbox 613 3655 647 3718; x_wconf 90' lang='lat' dir='ltr'>in</span> <span class='ocrx_word' id='word_1_248' title='bbox 672 3676 786 3719; x_wconf 90' lang='lat' dir='ltr'>eorum</span> <span class='ocrx_word' id='word_1_249' title='bbox 810 3653 983 3740; x_wconf 89' lang='lat' dir='ltr'>obsequia,</span> <span class='ocrx_word' id='word_1_250' title='bbox 1017 3653 1183 3738; x_wconf 89' lang='lat' dir='ltr'>aquibus</span> 
     </span>
    </p>
   </div>
   <div class='ocr_carea' id='block_1_3' title="bbox 70 3749 1184 4330">
    <p class='ocr_par' dir='ltr' id='par_1_4' title="bbox 70 3749 1184 4330">
     <span class='ocr_line' id='line_1_34' title="bbox 71 3749 1183 3839; baseline 0.002 -27"><span class='ocrx_word' id='word_1_251' title='bbox 71 3771 197 3818; x_wconf 89' lang='lat' dir='ltr'>munera</span> <span class='ocrx_word' id='word_1_252' title='bbox 228 3753 449 3839; x_wconf 87' lang='lat' dir='ltr'>accipiebant.</span> <span class='ocrx_word' id='word_1_253' title='bbox 496 3751 563 3832; x_wconf 81' lang='lat' dir='ltr'>Qui</span> <span class='ocrx_word' id='word_1_254' title='bbox 597 3754 630 3816; x_wconf 91' lang='lat' dir='ltr'>in</span> <span class='ocrx_word' id='word_1_255' title='bbox 662 3751 798 3836; x_wconf 88' lang='lat' dir='ltr'>synodis</span> <span class='ocrx_word' id='word_1_256' title='bbox 835 3752 907 3816; x_wconf 92' lang='lat' dir='ltr'>illos</span> <span class='ocrx_word' id='word_1_257' title='bbox 939 3749 1183 3837; x_wconf 87' lang='lat' dir='ltr'>patriarchatus</span> 
     </span>
     <span class='ocr_line' id='line_1_35' title="bbox 70 3848 1182 3936; baseline 0.002 -26"><span class='ocrx_word' id='word_1_258' title='bbox 70 3849 360 3934; x_wconf 89' lang='lat' dir='ltr'>repraesentabant,</span> <span class='ocrx_word' id='word_1_259' title='bbox 385 3851 507 3936; x_wconf 86' lang='lat' dir='ltr'>passim</span> <span class='ocrx_word' id='word_1_260' title='bbox 532 3861 625 3915; x_wconf 91' lang='lat' dir='ltr'>erant</span> <span class='ocrx_word' id='word_1_261' title='bbox 641 3850 805 3936; x_wconf 88' lang='lat' dir='ltr'>ejusmodi</span> <span class='ocrx_word' id='word_1_262' title='bbox 821 3849 942 3932; x_wconf 91' lang='lat' dir='ltr'>clerici,</span> <span class='ocrx_word' id='word_1_263' title='bbox 967 3851 1024 3935; x_wconf 93' lang='lat' dir='ltr'>qui</span> <span class='ocrx_word' id='word_1_264' title='bbox 1042 3849 1114 3934; x_wconf 89' lang='lat' dir='ltr'>jam</span> <span class='ocrx_word' id='word_1_265' title='bbox 1139 3848 1182 3912; x_wconf 91' lang='lat' dir='ltr'>oh</span> 
     </span>
     <span class='ocr_line' id='line_1_36' title="bbox 70 3945 1181 4034; baseline -0.001 -24"><span class='ocrx_word' id='word_1_266' title='bbox 70 3945 142 4012; x_wconf 84' lang='lat' dir='ltr'>alios</span> <span class='ocrx_word' id='word_1_267' title='bbox 165 3950 247 4014; x_wconf 89' lang='lat' dir='ltr'>fines</span> <span class='ocrx_word' id='word_1_268' title='bbox 270 3949 418 4032; x_wconf 87' lang='lat' dir='ltr'>aderant,</span> <span class='ocrx_word' id='word_1_269' title='bbox 442 3947 496 4012; x_wconf 91' lang='lat' dir='ltr'>vel</span> <span class='ocrx_word' id='word_1_270' title='bbox 521 3950 548 4012; x_wconf 92' lang='lat' dir='ltr'>si</span> <span class='ocrx_word' id='word_1_271' title='bbox 573 3951 630 4034; x_wconf 93' lang='lat' dir='ltr'>qui</span> <span class='ocrx_word' id='word_1_272' title='bbox 655 3947 873 4012; x_wconf 88' lang='lat' dir='ltr'>mittebantur</span> <span class='ocrx_word' id='word_1_273' title='bbox 886 3947 1038 4031; x_wconf 86' lang='lat' dir='ltr'>delegati,</span> <span class='ocrx_word' id='word_1_274' title='bbox 1063 3969 1181 4033; x_wconf 85' lang='lat' dir='ltr'>parum</span> 
     </span>
     <span class='ocr_line' id='line_1_37' title="bbox 72 4045 1184 4129; baseline 0 -21"><span class='ocrx_word' id='word_1_275' title='bbox 72 4048 156 4128; x_wconf 89' lang='lat' dir='ltr'>periti</span> <span class='ocrx_word' id='word_1_276' title='bbox 180 4057 275 4113; x_wconf 89' lang='lat' dir='ltr'>erant</span> <span class='ocrx_word' id='word_1_277' title='bbox 297 4069 406 4112; x_wconf 91' lang='lat' dir='ltr'>rernm</span> <span class='ocrx_word' id='word_1_278' title='bbox 424 4046 731 4129; x_wconf 89' lang='lat' dir='ltr'>ecclesiasticarum,</span> <span class='ocrx_word' id='word_1_279' title='bbox 757 4055 790 4110; x_wconf 93' lang='lat' dir='ltr'>et</span> <span class='ocrx_word' id='word_1_280' title='bbox 806 4045 1005 4110; x_wconf 90' lang='lat' dir='ltr'>fluctuantes</span> <span class='ocrx_word' id='word_1_281' title='bbox 1021 4047 1056 4109; x_wconf 93' lang='lat' dir='ltr'>in</span> <span class='ocrx_word' id='word_1_282' title='bbox 1073 4046 1184 4108; x_wconf 88' lang='lat' dir='ltr'>varias</span> 
     </span>
     <span class='ocr_line' id='line_1_38' title="bbox 72 4143 1181 4232; baseline -0.002 -25"><span class='ocrx_word' id='word_1_283' title='bbox 72 4143 273 4212; x_wconf 87' lang='lat' dir='ltr'>declinabant</span> <span class='ocrx_word' id='word_1_284' title='bbox 295 4157 413 4232; x_wconf 89' lang='lat' dir='ltr'>partes.</span> <span class='ocrx_word' id='word_1_285' title='bbox 461 4145 500 4209; x_wconf 93' lang='lat' dir='ltr'>In</span> <span class='ocrx_word' id='word_1_286' title='bbox 526 4144 589 4209; x_wconf 87' lang='lat' dir='ltr'>hac</span> <span class='ocrx_word' id='word_1_287' title='bbox 612 4143 738 4228; x_wconf 83' lang='lat' dir='ltr'>synodo</span> <span class='ocrx_word' id='word_1_288' title='bbox 762 4143 943 4225; x_wconf 90' lang='lat' dir='ltr'>Photiana,</span> <span class='ocrx_word' id='word_1_289' title='bbox 976 4144 1181 4228; x_wconf 86' lang='lat' dir='ltr'>apocrisiarii</span> 
     </span>
     <span class='ocr_line' id='line_1_39' title="bbox 73 4240 1181 4330; baseline -0.002 -24"><span class='ocrx_word' id='word_1_290' title='bbox 73 4241 205 4310; x_wconf 87' lang='lat' dir='ltr'>Orientis</span> <span class='ocrx_word' id='word_1_291' title='bbox 232 4247 290 4330; x_wconf 88' lang='lat' dir='ltr'>qni</span> <span class='ocrx_word' id='word_1_292' title='bbox 315 4243 494 4308; x_wconf 86' lang='lat' dir='ltr'>adfuerunt</span> <span class='ocrx_word' id='word_1_293' title='bbox 521 4265 609 4308; x_wconf 89' lang='lat' dir='ltr'>anno</span> <span class='ocrx_word' id='word_1_294' title='bbox 634 4243 698 4307; x_wconf 90' lang='grc'>869</span> <span class='ocrx_word' id='word_1_295' title='bbox 726 4264 766 4306; x_wconf 89' lang='lat' dir='ltr'>ac</span> <span class='ocrx_word' id='word_1_296' title='bbox 796 4263 875 4306; x_wconf 89' lang='lat' dir='ltr'>vere</span> <span class='ocrx_word' id='word_1_297' title='bbox 906 4240 1045 4325; x_wconf 88' lang='lat' dir='ltr'>delegati</span> <span class='ocrx_word' id='word_1_298' title='bbox 1077 4250 1181 4323; x_wconf 88' lang='lat' dir='ltr'>erant,</span> 
     </span>
    </p>
   </div>
   <div class='ocr_carea' id='block_1_4' title="bbox 0 0 1456 4834">
    <p class='ocr_par' dir='ltr' id='par_1_5' title="bbox 0 0 1456 4834">
     <span class='ocr_line' id='line_1_40' title="bbox 0 0 1456 4834; baseline 0 0"><span class='ocrx_word' id='word_1_299' title='bbox 0 0 1456 4834; x_wconf 95' lang='lat' dir='ltr'> </span> 
     </span>
    </p>
   </div>
  </div>
 </body>
</html>
