2932 4836
311 473 364 528 ete
466 473 540 528 XVI.
578 472 682 528 Causae
700 473 817 528 celebres
836 483 864 527 et
883 473 1038 528 Decretales
1058 473 1280 527 Pseudo-Isidori.

313 618 347 680 in
373 639 472 680 causa
494 617 644 681 Lotharii
668 617 797 700 agenda
822 629 1059 702 proponuntur,
1086 639 1170 702 quae
1195 639 1236 680 ex
1254 617 1418 681 Hincmaro

312 713 354 778 ab
379 715 550 780 Hadriano
576 726 609 778 et
631 715 788 778 Romanis
813 715 946 778 decreta
970 717 1087 796 sunt.¹)

142 859 302 903 humanm
405 847 477 911 113
510 846 583 910 Hac
607 869 642 910 re
673 848 773 931 igitur
797 847 985 929 enucleata,
1022 843 1207 933 quaeritur,
1245 857 1352 910 umam
1374 848 1419 931 qui

183 923 261 962 Μ’
312 967 369 1009 ora
370 955 493 1008 ionem
519 944 672 1009 illumin
698 945 823 1028 synodo
848 944 981 1027 habuit,
1014 947 1113 1010 fuerit
1137 945 1329 1010 Hadrianus
1350 943 1454 1006 Pon

312 1041 404 1124 tifex,
429 1063 471 1105 an
497 1063 575 1105 vero
600 1041 684 1106 alius
708 1042 843 1128 quidam
869 1043 1052 1154 episcopus.
1093 1043 1286 1109 Orationem
1310 1065 1371 1105 non
1386 1031 1454 1124 ab

312 1140 500 1218 Hadriane,
536 1139 594 1204 sed
624 1139 666 1203 ab
691 1140 800 1226 aliquo
825 1140 889 1205 alio
914 1143 1067 1227 episcopo
1099 1141 1247 1205 habitam
1272 1162 1357 1222 esse,
1387 1151 1454 1202 ex

312 1247 380 1302 tota
404 1237 515 1301 indole
535 1239 691 1302 orationis
707 1240 873 1325 variisque
893 1239 1027 1303 indiciis
1047 1251 1134 1304 certo
1151 1241 1286 1304 eruitur.
1325 1237 1420 1316 Quan—
1453 1281 1454 1294 ι

312 1349 381 1398 tum
416 1358 457 1398 ex
491 1335 553 1399 hoc
587 1336 784 1400 documento
823 1336 961 1422 aliisque
995 1337 1082 1401 illius
1116 1337 1272 1422 temporis
1306 1335 1420 1420 scriptis
1453 1309 1454 1396 l

313 1433 422 1517 colligi
455 1443 577 1519 potest,
615 1457 665 1498 res
698 1437 744 1498 ita
775 1456 808 1498 se
832 1432 959 1499 habuit.
1008 1435 1199 1499 Hadrianus
1232 1457 1291 1519 pro
1324 1434 1420 1497 animo

313 1553 370 1594 suo
394 1531 538 1615 benigno
563 1555 602 1594 ae
624 1533 841 1597 moderationi
859 1533 1003 1612 addicto,
1029 1545 1190 1618 quantum
1211 1533 1281 1596 fieri
1298 1541 1419 1616 poterat,

313 1629 413 1692 salvis
448 1643 559 1692 tamen
595 1632 769 1715 principiis
811 1653 895 1716 quae
931 1632 1002 1716 ejus
1037 1629 1271 1716 praedecessor
1306 1642 1422 1692 secutus

312 1729 427 1808 fuerat,
452 1729 520 1811 regi
540 1726 677 1814 obsequi
699 1728 862 1792 studebat.
904 1729 993 1792 Hinc
1009 1731 1239 1794 retractionem
1258 1725 1419 1813 quamdam

313 1847 432 1888 causae
447 1824 598 1889 Lotharii
624 1835 656 1889 et
671 1825 957 1890 condemnationis
975 1825 1152 1890 Guntharii
1178 1837 1210 1890 et
1224 1821 1422 1906 Zachariae²l

312 1923 501 2009 praesulum
539 1935 761 2001 concesserat,
798 1946 838 1987 ac
868 1923 992 1988 Romae
1027 1924 1171 2010 plurium
1208 1925 1421 2007 episcoporum

311 2020 470 2085 Italorum
492 2021 655 2105 synodum
677 2033 944 2106 congregaverat,
970 2023 1023 2085 cui
1046 2021 1102 2086 illa
1118 2024 1250 2106 negotia
1265 2017 1421 2084 tractanda

313 2131 345 2184 et
369 2118 557 2183 dirimenda
582 2118 709 2183 detulit.
749 2119 826 2184 ,lam
851 2142 929 2184 vero
954 2131 1047 2184 erant
1061 2119 1186 2184 Romae
1210 2121 1296 2183 inter
1315 2118 1421 2202 episco-

313 2240 372 2302 pos
397 2229 429 2280 et
453 2239 603 2302 proceres
628 2217 723 2297 cleri,
759 2220 814 2304 qui
841 2217 881 2281 de
906 2217 1068 2283 Hadriani
1095 2217 1319 2282 moderatione
1352 2213 1421 2276 solli·

313 2318 387 2398 citi,
413 2318 472 2379 etsi
498 2317 681 2390 immerito,
706 2315 885 2394 timebant,
911 2337 952 2379 ne
976 2316 1130 2380 Pontifex
1154 2339 1173 2378 a
1195 2313 1323 2378 Nicolai
1349 2314 1421 2398 prin·

313 2415 409 2498 cipiis
435 2412 635 2488 discederet,
666 2435 703 2476 ce
737 2435 821 2498 quae
846 2434 966 2496 magno
992 2436 1067 2477 cum
1092 2416 1204 2498 vigore
1228 2412 1270 2476 ab
1295 2411 1349 2475 illo
1373 2410 1422 2472 dis-

313 2513 418 2596 posita
443 2523 535 2574 erant
561 2513 651 2574 irrita
675 2510 836 2592 redderet,
861 2522 961 2596 atque
985 2514 1031 2575 ita
1055 2534 1079 2576 st
1095 2511 1190 2576 Sedis
1206 2511 1421 2575 auctoritatem

313 2610 485 2672 minueret.
536 2609 589 2671 Ex
612 2608 704 2672 hisce
728 2619 854 2678 autem.
886 2621 1046 2693 quantum
1072 2610 1235 2694 conjicere
1258 2608 1351 2676 licet.
1373 2606 1423 2668 fnit

313 2705 366 2770 ille
400 2707 591 2790 epiecopus.
629 2708 684 2790 qui
719 2705 761 2769 ad
795 2707 961 2791 praesules
995 2709 1027 2770 in
1063 2707 1188 2790 synodo
1223 2717 1423 2788 congregatos

312 2805 494 2869 orationem
518 2803 644 2867 habuit.
698 2803 801 2866 Totus
826 2805 859 2866 in
885 2825 921 2867 eo
948 2815 1010 2874 est.
1037 2821 1072 2866 ut
1096 2805 1262 2884 ostendat,
1287 2799 1422 2866 Lotharii
1453 2847 1454 2920 ι

312 2914 344 2966 et
368 2901 497 2964 illorum
523 2904 752 2986 episcoporum
779 2923 912 2966 causam
938 2900 1056 2965 malam
1084 2925 1170 2980 esse,
1207 2923 1346 2988 eamque
1363 2900 1421 2984 jam
1453 2925 1454 2966 ι

312 3021 441 3064 summa
474 3011 551 3062 auc
539 3000 668 3062 oritate
702 2997 830 3062 Nicolai
864 2999 1052 3076 Pontificis‚
1089 3023 1145 3064 seu
1180 2999 1275 3064 Sedis
1299 2991 1454 3083 Apono-i

310 3096 410 3176 licae,
448 3119 518 3160 esse
544 3095 741 3181 judicatam.
789 3097 960 3160 Praesules
985 3098 1101 3182 synodi
1131 3119 1227 3183 porro
1252 3095 1454 3166 considerat
1453 3039 1454 3204 ι

312 3208 347 3258 nt
370 3193 519 3348 aliquam
538 3196 767 3278 episcoporum
796 3198 1094 3278 congregationem.
1120 3217 1205 3281 quae
1225 3193 1322 3258 modo
1346 3167 1454 3257 illanl

387 3441 406 3510 1ι
428 3441 501 3494 Dicit
526 3447 630 3494 orator:
662 3439 731 3504 „Nos
751 3440 822 3493 enim
842 3441 958 3507 petimus
986 3450 1013 3494 et
1032 3441 1170 3494 humiliter
1187 3440 1357 3508 suggerendo
1373 3451 1420 3506 pre·
1453 3441 1454 3494 l

310 3538 403 3576 comitr
428 3539 460 3574 ac
478 3537 527 3589 per
544 3536 635 3574 omnes
655 3521 705 3574 Dei
724 3521 856 3584 virtutes,
877 3528 1009 3586 quantum
1028 3537 1180 3588 possumus,
1206 3521 1372 3588 adjuramus,
1388 3526 1419 3573 nt.
1453 3497 1454 3556 ι

309 3602 333 3656 si
351 3602 441 3669 placet
460 3602 492 3654 de
511 3601 582 3656 sedis
602 3601 765 3669 apostolicae
781 3601 882 3670 judicio
902 3604 1060 3665 retractari,
1088 3601 1137 3656 hoc
1155 3609 1258 3668 agatur
1275 3601 1380 3655 concilio
1397 3607 1418 3649 et
1453 3663 1454 3672 ι

310 3687 432 3736 tractatu
450 3697 503 3735 non
522 3681 606 3735 solnm
619 3689 779 3744 nostrorum,
798 3681 843 3734 scd
859 3681 941 3735 etiem
955 3681 1069 3736 istorum
1081 3697 1227 3751 regnorum
1239 3683 1417 3750 episcoporum.
1453 3685 1454 3722 l

309 3779 413 3816 necnon
433 3769 468 3828 et,
488 3762 512 3814 si
530 3761 588 3816 fieri
606 3768 704 3828 potest,
724 3761 898 3815 orientalium
917 3769 1062 3827 utcumque
1079 3761 1245 3826 antistitum,
1264 3761 1310 3815 ubi
1326 3759 1454 3814 scelera

311 3858 423 3909 quorum
442 3841 510 3894 ultio
527 3839 616 3894 falso'
609 3841 713 3910 injusta
726 3840 832 3905 dicitnr,
853 3841 919 3908 proh
940 3841 1015 3895 dolor
1027 3849 1090 3894 sarit
1105 3841 1297 3896 admissa“b'.
1311 3841 1417 3894 litasset
1453 3837 1454 3930 ι

311 3922 328 3975 l
349 3939 369 3976 c.
389 3939 414 3990 p
435 3923 487 3977 539

383 4011 406 4082 ²)
424 4008 569 4064 Zacharias
587 4008 750 4076 Anagninue
768 4009 908 4076 episcopas
927 4026 943 4063 a
961 4009 1072 4063 Nicolao
1091 4009 1223 4064 Pontidcc
1241 4026 1265 4064 a
1284 4011 1336 4062 863
1351 4008 1416 4072 depe
1453 4015 1454 4018 ’

309 4090 379 4144 situs
399 4097 466 4151 erat,
485 4105 517 4143 eo
536 4088 606 4154 quod
625 4104 649 4142 a.
664 4090 715 4141 861
735 4095 768 4142 ut
786 4089 896 4157 legatus
909 4087 1050 4144 Pontificis
1063 4088 1323 4158 Constantinopolim
1335 4087 1416 4142 misus

307 4170 413 4223 muneri
438 4185 487 4223 sno
506 4168 626 4235 turpiter
645 4167 784 4232 defuerat,
813 4185 974 4236 causamque
992 4169 1097 4237 ignatii
1117 4170 1289 4236 patriarchae
1311 4167 1415 4238 prodent

305 4249 404 4304 Photii'
419 4249 560 4319 perfidiam
579 4247 807 4316 comprobaverat.
828 4277 860 4292 -·-
879 4249 938 4303 Hac
957 4251 990 4304 de
1008 4265 1038 4303 re
1056 4249 1171 4304 interius
1190 4265 1307 4318 agemus.
