3054 4834
424 511 564 566 vindiciae
583 511 607 564 S.
627 510 754 579 Gregorii
777 507 840 561 Vll.
1164 501 1215 554 341

87 669 193 722 tatem
219 655 437 722 universalem
465 667 499 719 ut
523 657 643 741 capitis
666 654 848 732 Ecclesiae,
874 651 927 714 cui
953 645 1091 734 proinde
1116 646 1216 737 etiam

88 757 204 819 omnia
237 777 338 840 regna
369 754 483 818 mundi
516 751 739 818 obedientiam
774 762 806 815 et
828 747 1051 814 reverentiam
1082 741 1215 807 debent.

92 852 176 917 Inde
200 875 278 916 vero
302 862 361 934 eat,
393 851 481 938 quod
507 853 540 916 in
565 860 724 915 contextu
748 871 826 937 prae
851 845 956 910 oculis
980 841 1103 908 habere
1128 839 1218 904 vide·

91 965 146 1014 tur
169 951 333 1029 Pontifex,
359 952 458 1014 etiam
483 951 518 1014 in
543 947 644 1012 coelis
668 972 692 1014 s.
708 948 798 1012 Petri
823 944 1062 1031 protectionem
1087 951 1119 1002 et
1142 960 1217 1002 auc-

92 1050 259 1112 toritatem
292 1047 334 1112 ad
359 1050 470 1112 omnia
499 1069 601 1131 regna
625 1046 741 1110 mnndi
773 1069 807 1109 se
835 1040 1030 1120 extendere,
1068 1036 1218 1122 adeoque

88 1146 277 1225 Sanctium,
303 1169 404 1232 quum
422 1146 509 1209 Petri
525 1145 601 1210 Seii
628 1145 849 1209 reverentiam
874 1137 1064 1204 exhibuerit
1088 1145 1120 1198 et
1143 1133 1217 1198 obe-

90 1245 266 1326 dientiam,
291 1244 332 1308 de
355 1243 481 1308 auxilio
505 1267 529 1308 s.
547 1244 636 1306 Petri
661 1255 775 1306 contra
799 1237 1007 1305 adversarios
1032 1255 1107 1298 suos
1124 1254 1218 1318 posse

90 1342 271 1406 confidere.

188 1460 260 1523 139.
307 1459 360 1522 Ad
385 1458 522 1522 alteram
547 1456 777 1522 difficultatem
802 1455 890 1542 quod
915 1457 1042 1528 attinet,
1067 1454 1220 1519 alludunt
1242 1461 1281 1502 ⁸⁸·
1296 1459 1355 1502 ΡΜ
1371 1461 1394 1500 ⁶⁸

89 1555 136 1620 ad
164 1554 219 1620 illa
245 1556 345 1620 verba
369 1555 520 1640 Gregorii
546 1555 622 1629 VII,
655 1555 777 1641 quibus
801 1553 969 1618 concludit
993 1555 1218 1618 excommnni·
1258 1530 1373 1641 Ἓξ

93 1657 260 1719 cntionem
286 1655 423 1720 Honrici
455 1655 521 1718 IV:
560 1655 651 1738 Apin
675 1679 766 1728 ¹terrore,
799 1677 924 1738 quaem,
944 1663 1056 1737 pat-res
1081 1663 1110 1715 et
1128 1653 1220 1738 ponn-

88 1756 182 1840 ‹n'pea
212 1755 413 1832 sanctissimi,
448 1765 481 1816 nt
514 1755 614 1816 omanis
645 1751 777 1815 mortuas
801 1749 961 1836 intellipot
993 1764 1023 1814 ct
1046 1762 1221 1835 copnoscut,

89 1854 173 1936 qrcia
196 1853 376 1936 opolentia
400 1853 433 1914 in
458 1852 541 1914 coelo
567 1851 666 1935 lipare
691 1861 720 1912 ot
745 1849 872 1926 oolcerc,
901 1851 1036 1934 potestis
1066 1852 1100 1914 in
1136 1860 1223 1912 terra

92 1951 242 2035 imperia,
274 1973 382 2034 repno,
400 1951 619 2036 principatus,
645 1949 788 2024 deuectos,
815 1948 978 2022 traco-olrice,
1004 1949 1170 2012 comitatos
1194 1958 1223 2010 et

88 2048 234 2110 omnium
257 2048 413 2110 hominum
441 2049 658 2132 possessiones
685 2071 746 2131 pro
772 2046 891 2108 meritis
916 2045 1024 2107 tollor-o
1048 2057 1078 2108 et
1102 2045 1223 2108 ronicni·

89 2167 155 2228 que
184 2145 358 2209 concedere.
398 2145 458 2208 Vos
484 2146 566 2208 enim
585 2145 838 2230 patriarchatus,
856 2144 1028 2228 prietates,
1054 2145 1224 2229 archiepis·

87 2252 239 2328 copertus,
267 2245 476 2329 episcopatus,
502 2243 692 2328 frequentor
720 2241 839 2305 tulistis
864 2243 976 2326 procis
1011 2252 1040 2302 ct
1071 2241 1224 2326 indipnio,

90 2351 129 2402 ct
152 2339 309 2426 relips'osia
334 2344 410 2404 risis
435 2343 578 2406 dedistis.
606 2380 645 2387 -
671 2341 736 2404 Sed
753 2339 932 2422 Gregorius
948 2339 1013 2402 Vll
1038 2338 1089 2402 his
1115 2338 1225 2402 verbis

93 2436 287 2502 nullatenus
310 2439 489 2525 alloquitur
512 2441 684 2524 episcopos
709 2441 741 2502 in
768 2437 894 2523 synodo
920 2448 1153 2521 congregatos3
1186 2459 1225 2500 ca

88 2536 288 2619 diriguntur·
311 2537 353 2601 ad
378 2561 419 2602 ss.
446 2537 621 2624 Apostolos
646 2537 780 2600 Petrum
805 2547 837 2600 et
862 2535 1018 2605 Paulum.
1051 2548 1160 2620 patres
1192 2545 1224 2598 ct

95 2635 267 2720 principes
292 2635 471 2700 Ecclesiae.
505 2637 582 2700 Jam
608 2637 763 2717 vidimus,
789 2636 1168 2698 excommunicationem
1194 2644 1227 2696 et

90 2732 339 2816 depositionem
366 2735 501 2799 Henrici
528 2735 574 2798 Il'
601 2736 797 2818 Gregorium
832 2734 1009 2796 inseruisse
1033 2732 1224 2797 allocutioni

89 2831 345 2915 deprecatoriae
386 2835 428 2896 ad
460 2857 502 2897 ss,
535 2831 710 2918 Apostolos
741 2833 874 2896 Petrum
908 2844 939 2892 et
972 2830 1122 2894 Paulum.
1171 2828 1225 2892 Ad

93 2931 199 2993 hosce
232 2932 328 2994 etiam
365 2935 397 2995 in
423 2933 487 2996 fine
512 2931 865 2994 excommunicationis
896 2952 929 2991 se
955 2929 1076 3012 dirigit.
1111 2939 1226 3014 petens

92 3037 136 3091 nt
161 3029 223 3112 ipsi
250 3029 353 3094 velint
377 3033 441 3093 cito
461 3031 628 3115 judicium
644 3051 798 3092 exercere
824 3039 855 3091 et
871 3027 1054 3090 Henricnm
1080 3026 1120 3089 dc
1137 3026 1225 3089 facto

89 3153 115 3189 c
150 3125 268 3190 ttrrooo
305 3127 456 3213 dejicere.
508 3127 603 3193 Unde
637 3125 805 3190 concludit
838 3137 938 3188 totam
977 3127 1140 3188 actionem
1174 3123 1225 3186 lris

93 3223 230 3287 verbis:
263 3226 443 3290 Addiecant
475 3249 555 3290 nurse
587 3247 673 3309 repes
704 3235 734 3288 et
766 3245 870 3286 omnes
902 3225 1022 3286 saecoli
1048 3224 1225 3336 principer,

90 3323 289 3408 quantisve
314 3325 398 3401 cotie,
423 3323 499 3410 quid
516 3325 670 3410 potestis;
695 3334 723 3384 ct
740 3325 871 3385 timeant
890 3321 989 3408 parci
999 3321 1139 3406 pendere
1156 3325 1223 3408 jos·

88 3424 220 3485 ¹sn'onern
243 3423 389 3486 ecclesiae
413 3433 542 3485 vestroe.
594 3422 633 3483 Et
655 3423 691 3483 in
708 3420 876 3506 proedicto
902 3419 1053 3482 Heinrico
1078 3429 1141 3480 tam
1165 3420 1226 3480 cito

78 3517 255 3611 judiciam
277 3531 412 3584 oestrum
428 3529 574 3598 exercete,
600 3531 634 3582 nt
648 3541 752 3582 omnes
775 3520 888 3595 sciant,
913 3519 989 3602 perio
1003 3515 1226 3600 consor-tuito,

92 3616 157 3682 sed
179 3628 284 3682 vestro
301 3628 460 3704 potestate
490 3617 591 3681 cadet.
632 3615 853 3701 Confundetnr
884 3615 943 3698 (al.
974 3613 1227 3698 conscendatur),·

93 3716 225 3781 sennam
241 3717 284 3779 acl
295 3718 534 3802 poenitentiam,
559 3727 594 3778 nt
609 3717 743 3802 spiritns
756 3712 863 3777 solens
879 3714 921 3775 ait
936 3713 971 3774 in
986 3711 1036 3774 dic
1055 3711 1226 3794 Domini¹).

94 3812 224 3896 Vides,
260 3823 463 3900 quantopere
502 3814 544 3878 ab
581 3813 780 3877 adversariis
811 3811 932 3898 (Janus
966 3831 997 3894 p.
1034 3811 1113 3888 117,
1149 3809 1227 3889 118)

91 3912 254 3996 Gregorii
272 3913 375 3976 verba
391 3923 680 3998 contorquerentur.
713 3911 799 3976 Sane
817 3919 1010 3994 potestatem
1028 3907 1226 3972 indirectam

90 4011 201 4076 certis
234 4012 267 4074 in
299 4012 557 4074 circumstantiis
597 4012 696 4073 etiarn
731 4011 763 4071 in
798 4005 992 4092 temporalia
1026 4005 1227 4091 principum,

177 4295 198 4364 ¹)
218 4294 285 4364 Reg.
305 4293 367 4348 l'lI.
389 4296 429 4348 1⁴.
