2922 4832
315 533 367 585 lso
555 532 614 586 XX.
634 533 674 587 De
692 539 769 588 statu
787 533 860 588 Eeol.
879 533 966 588 medio
985 548 1056 588 saec.
1074 533 1227 589 undecimo.

314 677 408 742 nium
425 674 621 761 dignitatem
636 685 669 740 et
684 699 703 739 a
717 698 784 762 qna
802 685 952 741 caeterae
967 697 1100 763 quoque
1116 676 1311 741 derivantur
1325 699 1413 740 saone

315 775 509 861 dignitates,
546 773 738 858 diligentius
769 775 870 839 etiam
905 775 1079 840 muniendi
1115 775 1208 838 fuere
1231 773 1409 839 obstruendi-

314 896 378 961 que
402 873 513 937 aditus
537 893 666 954 omnes,
710 895 752 936 ne
776 895 858 958 quos
891 894 929 938 eo
961 872 1015 938 vel
1050 873 1188 938 ambitio
1221 873 1414 958 protrudent

315 971 368 1036 vel
394 970 584 1035 admitteret
607 971 760 1034 avaritia,
806 971 937 1035 Pariter
960 973 1061 1036 etiam
1085 969 1259 1054 beneficia,
1284 993 1361 1058 quae
1379 993 1413 1034 or-

316 1068 451 1134 dinibus
474 1067 573 1132 valde
597 1089 749 1133 connexa
772 1079 858 1151 sunt,
883 1091 925 1134 ne
949 1069 1174 1134 intercedente
1198 1072 1415 1134 simoniacan·

316 1169 482 1232 ferrentur
504 1166 558 1231 vel
583 1166 820 1250 obtinerentur,
846 1166 1014 1233 multoties
1038 1167 1244 1254 prohibitum
1270 1169 1339 1233 fuit

405 1309 459 1375 28.
506 1307 569 1374 Sed
603 1308 733 1373 saeculo
766 1308 944 1373 undecimo
979 1308 1078 1374 valde
1109 1309 1253 1375 invaluit
1284 1309 1359 1375 illud
1379 1311 1415 1370 ri·

315 1411 410 1474 tium.
442 1405 566 1474 Scribit
583 1407 656 1493 jam
680 1407 770 1470 cirea
786 1429 912 1472 annum
931 1407 1017 1472 1000
1031 1405 1131 1472 Abbo
1144 1407 1378 1472 Fleuriacensis
1391 1409 1416 1472 in

314 1507 517 1594 Apolopetico
535 1504 566 1592 §.
584 1506 622 1569 9.·
651 1501 747 1568 Nibil
756 1528 862 1591 paene
879 1505 923 1568 ad
940 1503 1114 1569 &alesiam
1119 1509 1283 1593 pertinere
1306 1507 1416 1586 videtu.

313 1607 397 1692 quod
412 1605 605 1692 adpretiata
621 1625 684 1666 non
696 1599 867 1688 larpiatur,
884 1602 1002 1667 scilicet
1016 1605 1226 1690 episcopatem,
1237 1604 1418 1690 presbyterc-

314 1716 372 1787 tus,
396 1705 593 1784 diaconatus,
611 1711 639 1764 et
653 1700 769 1786 reliqui
782 1702 919 1764 minores
934 1701 1064 1788 padus,
1078 1701 1353 1766 archidiaconatus
1362 1727 1417 1787 quo·

312 1826 380 1888 que,
405 1801 550 1876 decania,
575 1799 817 1885 praepositura,
851 1799 992 1863 thesauri
1015 1799 1172 1882 custodia,
1206 1799 1418 1886 baptisterium,

313 1899 477 1987 sepultura
502 1909 531 1961 et
554 1897 582 1961 si
604 1907 773 1982 quaesunt
796 1894 925 1960 similia.
964 1897 1008 1959 Et
1029 1897 1208 1986 hujusmodi
1229 1901 1420 1983 nepotiatores

312 1995 447 2062 subdola
470 1995 674 2081 responsione
698 1995 798 2058 solea
821 1995 1001 2073 00000000,
1034 2017 1098 2058 000
1122 2019 1153 2058 se
1177 2019 1276 2060 emere
1299 1995 1419 2060 benedic-

314 2097 446 2172 tionem,
477 2116 540 2179 qua
557 2093 738 2178 percipitur
760 2093 867 2178 potia
892 2091 1032 2178 Spiritus
1057 2094 1170 2172 sancti,
1195 2093 1251 2158 sed
1273 2117 1324 2158 res
1346 2093 1419 2156 eecle-

313 2195 445 2270 siarum,
469 2191 518 2254 uel
534 2192 752 2277 possessiones
777 2189 960 2277 episcopi.¹)
998 2190 1228 2256 Exercebatur
1250 2203 1359 2256 autem
1373 2195 1420 2254 ista

316 2291 457 2355 simonia
480 2298 551 2352 tum
575 2287 755 2374 stragibus,
780 2287 998 2375 principibus,
1023 2291 1181 2374 patronis,
1206 2290 1339 2376 quando
1354 2291 1418 2374 epis

317 2398 454 2474 copatus
488 2385 542 2450 vel
578 2386 740 2450 beneficia
776 2385 999 2451 ecclesiastica
1036 2387 1165 2452 clericis
1203 2387 1420 2473 procurabant

316 2497 388 2552 tum
411 2484 453 2549 ab
478 2486 642 2571 episcopis
665 2483 782 2548 aliisve
807 2484 1032 2570 superioribus
1061 2484 1294 2550 ecclesiasticis
1318 2488 1350 2550 in
1372 2483 1423 2548 col·

316 2584 438 2650 latione
463 2583 617 2648 ordinum
641 2593 674 2646 et
696 2581 907 2667 dignitatum.
946 2583 1067 2648 Fusius
1091 2594 1123 2648 et
1146 2587 1333 2648 accuratius
1355 2582 1422 2646 haec

312 2705 478 2768 exponere
501 2681 637 2766 longum
662 2691 763 2762 esset3
804 2681 948 2746 sufficiat
982 2684 1084 2766 igitur
1113 2704 1222 2768 pauca
1251 2685 1366 2756 citare,
1395 2695 1422 2742 ut

312 2782 411 2867 hujus
436 2780 513 2843 mali
538 2780 687 2844 extensio
712 2778 917 2863 intelligatur
940 2792 972 2843 et
995 2780 1131 2862 indoles,
1162 2779 1203 2844 ob
1229 2802 1328 2866 quam
1352 2779 1423 2844 dilli-

312 2879 375 2945 cile
399 2887 469 2944 erat
492 2876 575 2942 illud
600 2879 792 2963 exstirpare.

401 3013 455 3077 29.
502 3011 670 3076 Henricus
694 3010 745 3074 III
780 3010 964 3097 Imperator
996 3033 1084 3075 anno
1118 3011 1203 3075 1046
1234 3011 1422 3098 Aquisgrani

310 3119 511 3177 conventum
538 3107 657 3172 babuit
680 3109 911 3194 episcoporum
936 3107 1137 3174 Germaniae
1167 3120 1199 3172 et
1222 3107 1369 3189 Galliae,
1396 3109 1422 3170 in

153 3233 290 3277 sonsum.
313 3232 379 3296 quo
402 3210 473 3295 ipse
498 3208 658 3271 simoniae
690 3205 801 3270 labem
825 3208 872 3270 eis
896 3207 1074 3291 exprobrat
1106 3218 1205 3292 atque
1234 3209 1334 3272 etiam
1356 3209 1420 3270 fate·

184 3305 261 3348 ⁰³2¹&
312 3319 375 3390 tur,
402 3305 592 3371 Conradum
609 3303 845 3389 Imperatorem
867 3305 971 3388 ipsius
987 3314 1115 3390 patrem
1138 3304 1238 3392 hujus
1255 3308 1328 3369 vitii
1343 3323 1422 3368 reum

312 3407 422 3472 fuisse.
472 3403 701 3488 „Dignoscens
725 3391 826 3488 igitur
849 3403 937 3466 idem
964 3403 1145 3480 Henrieus,
1179 3403 1294 3467 scribit
1317 3399 1422 3467 Radal-

312 3503 399 3591 phus
423 3501 560 3582 Glaber,
599 3522 659 3585 per
686 3501 876 3564 universam
911 3499 1054 3564 Galliam
1087 3509 1186 3586 atque
1220 3499 1421 3564 Germaniam

312 3603 513 3668 simoniacae
544 3597 780 3684 phylargyriae
812 3601 954 3682 grassari
986 3598 1221 3685 cupiditatem,
1255 3597 1422 3662 coadunari

311 3701 391 3766 fecit
414 3721 456 3762 ex
480 3698 569 3762 omni
594 3696 736 3782 Imperio
762 3718 820 3760 suo
845 3705 912 3760 tam
944 3695 1216 3782 archipraesules,
1242 3719 1341 3784 quam
1364 3715 1421 3758 cns·

311 3809 398 3862 teros
421 3795 603 3883 pontifices,
629 3805 662 3857 et
685 3792 749 3858 tale
774 3796 820 3857 eis
845 3793 956 3858 intulit
980 3794 1198 3880 colloquium:
1223 3794 1356 3879 Lageus
1378 3813 1421 3852 vo

312 3897 363 3962 bis
388 3896 511 3978 incipio
536 3893 642 3978 loqui,
680 3894 735 3978 qni
772 3894 844 3956 viee
870 3891 992 3957 Christi
1025 3895 1060 3956 in
1084 3890 1235 3956 Ecclesia
1266 3889 1421 3956 consuunt

312 3995 399 4072 estis,
424 4015 524 4079 quam
550 3993 619 4076 ipsc
644 3989 706 4054 sibi
732 3991 962 4075 desponsavit,
997 4013 1036 4054 ac
1059 3992 1164 4076 pretio
1189 3991 1240 4054 sui
1264 3988 1421 4074 sanguinis

312 4093 461 4158 redemit.
508 4088 602 4154 Sicut
633 4091 721 4152 enim
755 4089 825 4172 ipse
857 4089 1002 4172 gratuita
1033 4087 1180 4153 bonitate
1206 4088 1246 4152 de
1270 4089 1345 4152 sinu
1367 4083 1420 4149 Dei

315 4253 373 4260 —-
390 4249 517 4258 -.------

387 4323 408 4392 ¹)
426 4321 477 4388 Ap.
497 4317 632 4384 uetitos,
652 4319 785 4372 Analecta
804 4325 950 4388 satanan
971 4321 1030 4377 tut.
