2952 4832
297 503 350 553 218
529 499 588 554 XX.
607 500 647 551 De
665 507 740 552 statu
759 500 828 554 Ecel.
849 499 935 552 medio
953 515 1021 553 saec.
1041 498 1180 552 undecimo

298 645 458 708 simoniae
483 653 637 728 quaestus
662 653 879 706 exerceretur.
911 643 949 706 In
968 643 1133 705 communi
1161 653 1322 725 praetcrea
1343 664 1390 704 ruo-

298 763 371 805 rum
395 741 641 826 depravatione,
674 741 915 804 ecclesiasticus
942 744 1010 825 ipse
1034 739 1114 803 ordo
1140 762 1294 824 magnum
1316 740 1390 803 detri-

298 850 445 903 mentum
478 849 661 923 acceperat,
695 861 769 902 cum
795 841 916 902 veteris
941 837 1137 923 disciplinae
1166 839 1331 900 sanctitate
1359 837 1391 899 di·

298 939 407 1017 missa,
432 961 451 1000 a
475 939 564 1000 vitae
586 936 721 1000 lieentia
746 936 852 1000 clerus
875 959 941 1000 non
966 935 1168 1000 abhorreret.
1203 936 1250 999 Eo
1266 938 1393 1020 graviora

299 1047 392 1098 erant
415 1033 561 1120 pericula
586 1034 651 1112 illa,
684 1035 771 1120 quod
801 1035 965 1098 abusuurn
991 1037 1249 1097 inveteratorum
1273 1035 1394 1119 pravitas

299 1155 318 1196 a
349 1133 459 1196 multis
488 1131 578 1195 haud
609 1135 749 1217 perspici
782 1133 964 1214 videretur,
995 1144 1026 1195 et
1059 1155 1144 1217 quae
1177 1131 1291 1195 illinita
1322 1145 1396 1194 eraut

299 1231 550 1295 consuetudinis
583 1239 755 1314 praetextu
788 1253 825 1292 ac
866 1231 999 1293 nomine
1036 1228 1325 1314 comprobarentur
1356 1227 1394 1290 rel
1456 1284 1462 1325 ἰ

300 1337 547 1390 excusarentur.
581 1363 621 1373 -
657 1325 722 1390 Sed
746 1327 816 1410 jam
848 1325 1047 1408 videbimus,
1081 1327 1172 1390 haud
1206 1327 1263 1390 diu
1285 1347 1393 1411 passum
1456 1330 1463 1413 Ι

300 1447 369 1488 esse
379 1425 530 1488 divinum
538 1424 707 1487 Ecclesiae
720 1435 898 1506 airetorem,
913 1436 950 1488 ut
959 1426 1030 1509 ipsa
1039 1425 1223 1488 discrimini
1236 1435 1321 1488 tanto
1331 1438 1395 1486 earet
1456 1436 1464 1499 ς

300 1523 465 1607 exposita,
491 1545 530 1585 ac
555 1543 631 1586 mox
656 1545 714 1606 per
737 1522 931 1602 Pontifices,
956 1524 1141 1608 episcopos,
1167 1524 1256 1586 viros
1279 1533 1393 1586 sanctos.
1456 1520 1463 1567 ·'

301 1620 418 1704 spiritu
433 1621 495 1683 Dei
513 1622 683 1700 excitatos,
707 1619 830 1683 luctam
843 1619 1071 1684 vehementem
1086 1631 1201 1684 eontra
1214 1621 1328 1684 abusus
1340 1641 1392 1680 esse

301 1727 485 1801 susceptam
511 1729 543 1780 et
565 1727 764 1802 reportatam
789 1720 973 1782 victor-iarn.
