2952 4832
340 529 380 584 De
399 529 564 586 Pontificstu
582 529 607 584 S.
628 529 754 600 Gregorii
773 530 832 583 Vll.
1102 527 1155 580 293

49 675 134 738 «lente
156 676 365 759 interipsum
390 685 423 738 et
441 675 610 759 principes
633 675 725 756 regni
752 695 785 736 se
800 671 954 736 Pontifici
980 684 1016 735 ut
1030 669 1153 734 arbitro

50 772 248 853 submitteret,
281 769 479 836 Lambertus
509 770 551 835 ad
582 771 804 857 particularia.
839 791 923 856 quae
948 769 1050 833 veluti
1076 765 1153 831 huic

49 872 245 935 mnveutioni
280 890 431 934 connexa
464 868 578 949 habet,
608 871 642 934 iu
667 892 726 932 sua
749 869 938 934 narratione
972 865 1153 931 descendit.

49 967 235 1032 Consuetum
253 969 315 1054 ipsi
332 977 381 1032 est
396 988 447 1032 res
462 967 621 1053 graphice
634 990 673 1031 ac
688 990 747 1053 per
770 966 900 1051 singula
924 964 1152 1046 describsr·e¹).

124 1102 173 1166 88.
200 1100 383 1166 Canusium
399 1113 560 1166 venerant
584 1104 684 1168 etiam
708 1102 819 1189 plures
838 1100 1039 1166 Germaniae
1064 1120 1154 1184 prae-

46 1198 134 1282 sules,
169 1201 227 1287 qui
257 1201 381 1285 pariter
404 1202 561 1286 praestita
595 1201 820 1266 satisfactione
855 1200 897 1263 ab
931 1199 1155 1261 excommuni-

46 1299 160 1362 catione
185 1297 284 1362 soluti
308 1307 395 1363 sunt.
419 1335 463 1344 -
487 1298 834 1364 Animadvertendum
858 1307 968 1361 autem
994 1303 1051 1374 est,
1082 1293 1154 1360 illos

46 1395 229 1460 humilitatis
260 1406 292 1460 et
319 1397 548 1482 poenitentiae¹
577 1407 670 1460 actus
703 1418 785 1483 quos
808 1397 974 1460 Henricus
1010 1415 1087 1478 prae
1119 1414 1153 1456 se
1164 1391 1325 1503 ⁸⁸²ft¹⁶¹m⁹⁰t

45 1493 116 1574 tulit
140 1515 244 1580 quum
269 1491 407 1558 Canusii
430 1517 449 1558 a
474 1493 635 1558 Pontifice
660 1492 900 1560 absolutionem
925 1492 1029 1577 petiit,
1063 1488 1153 1554 haud
1194 1471 1240 1502 ¹²¹⁶

46 1593 131 1657 luisse
162 1591 311 1679 aliquam
335 1592 573 1677 poenitentiam
598 1591 767 1678 publicam
799 1593 830 1655 ei
858 1614 878 1654 a
902 1591 1061 1675 Gregorio
1087 1589 1154 1652 Vll

45 1691 233 1774 impositam.
267 1687 332 1752 Sed
350 1691 395 1753 ita
419 1711 453 1752 se
476 1691 577 1774 gessit
600 1713 659 1754 rex
684 1712 774 1754 more
801 1689 932 1754 illorum
956 1699 1152 1774 temporum,

43 1787 78 1850 ad
101 1787 299 1874 captandam
323 1787 495 1852 Pontificio
519 1788 796 1853 benevolentiam.
830 1788 1009 1873 Propterea
1034 1787 1097 1848 ritu
1122 1795 1155 1848 et

42 1885 146 1950 babitu
171 1887 373 1970 poenitentis
397 1886 440 1951 ad
464 1894 592 1972 portam
617 1888 715 1950 castri
740 1888 929 1974 interiorem
953 1906 987 1948 se
1003 1906 1154 1969 praesen-

43 1986 123 2049 tavit.
152 1985 224 2048 Neo
249 1984 503 2070 supponendum
528 2006 598 2048 esse
623 2007 751 2065 cense0,
777 2005 853 2048 eum
877 1984 1034 2047 continuo
1055 1981 1154 2046 nudis

42 2081 170 2166 pedibus
196 2081 353 2147 subdivo
378 2085 516 2164 stetisse,
541 2082 598 2146 sed
620 2084 667 2171 ita
690 2083 880 2167 frequenter
903 2081 1020 2146 habitu
1043 2082 1153 2165 poeni-

40 2181 128 2244 tentis
159 2180 284 2266 prodiit
314 2180 356 2244 ad
391 2192 531 2266 portam,
568 2191 599 2245 et
623 2204 642 2245 a
665 2180 826 2244 Pontifioe
861 2187 896 2244 ut
925 2179 1155 2244 admitteretur

40 2281 132 2362 petiit.
183 2277 359 2342 Caeterum
386 2300 487 2364 quum
521 2279 688 2342 breviores
712 2291 821 2343 essent
843 2277 977 2342 hiemali
1007 2287 1153 2361 tempore

36 2375 109 2458 dies,
134 2389 226 2442 certe
250 2397 387 2461 vespere
411 2377 585 2460 ingruente
609 2398 644 2441 se
667 2376 711 2440 ad
734 2376 879 2463 hospitia
903 2398 962 2439 rex
986 2397 1062 2438 cum
1086 2377 1155 2438 suis

39 2475 223 2560 recipiebat.
271 2475 433 2539 Habitum
469 2474 603 2539 laneum
634 2475 833 2561 poenitentis
858 2496 957 2559 super
980 2483 1154 2536 consuetas

38 2583 134 2636 restes
167 2572 307 2637 induere
334 2583 471 2658 poterat,
510 2595 570 2636 nec
602 2575 635 2636 in
668 2573 830 2656 ejusmodi
867 2571 1054 2636 voluntaria
1086 2593 1153 2633 sus·

37 2672 180 2754 ceptione
198 2671 421 2756 poenitentiae
446 2693 483 2734 eo
505 2681 651 2757 tempore
668 2671 748 2757 quid
764 2672 974 2754 ignominiosi
991 2682 1070 2746 erat,
1095 2669 1153 2731 sed

35 2767 105 2831 talia
130 2771 242 2854 potius
266 2767 356 2832 laudi
383 2769 607 2833 vertebantur.

115 2903 170 2967 89.
211 2901 392 2966 Existimat
416 2899 560 2982 Gfrorer,
599 2925 658 2990 per
675 2902 903 2986 juramentum
937 2900 979 2964 ab
1004 2892 1327 2964 Henricoumbnua·

35 3001 223 3080 praestitum
248 3021 360 3084 regem
385 3021 456 3063 sese
481 2997 641 3085 implicite
665 2999 849 3065 reddidisse
873 3000 967 3064 Sedis
987 2999 1151 3085 Apostoli·
1211 2977 1279 3018 ‘¹⁰¹⁸'

32 3118 84 3158 cae
114 3096 281 3162 vasallum
292 3099 334 3178 ²²),
368 3097 467 3184 idque
500 3099 599 3162 etiam
632 3099 844 3163 aBonizone
874 3099 1027 3184 quamvis
1057 3107 1152 3160 caute

33 3195 129 3276 innui,
168 3195 249 3260 dum
282 3194 414 3260 scribit:
457 3198 537 3259 som
565 3219 634 3259 vcro
664 3197 719 3282 qui
741 3197 861 3273 ddunt,
897 3219 965 3260 sum
995 3199 1093 3260 uitam
1123 3207 1153 3260 ot
1244 3211 1250 3222 “

31 3295 195 3358 utcmbrum
230 3305 259 3356 ot
289 3317 377 3358 atrum
409 3295 555 3358 leonoreor
587 3295 696 3380 Papae
729 3299 869 3383 jur-usse.
921 3296 982 3380 Ego
1013 3318 1084 3358 uero
1113 3296 1152 3360 de

29 3391 129 3473 ipssoto
155 3394 283 3456 omniuo
307 3385 590 3478 -uibil'csfioono³).
619 3392 679 3456 llla
704 3391 877 3457 videlicet:
902 3393 979 3470 uita,
1003 3393 1151 3469 membra,

99 3663 115 3717 'l
135 3659 238 3724 Bonna,
252 3660 320 3714 alius
333 3661 450 3728 scriptor
463 3661 535 3715 illius
549 3662 650 3716 aetatis
663 3669 690 3716 et
704 3661 821 3715 Heurico
835 3663 971 3728 adversus,
986 3663 1151 3718 mentionem

26 3753 76 3791 uon
101 3741 172 3794 latit
197 3741 270 3795 illius
294 3741 464 3806 conditionis,
492 3743 538 3796 sed
559 3749 667 3796 tautum
686 3741 807 3796 breuiter
825 3743 933 3798 scribit:
964 3742 1152 3812 „Apostolicus

29 3833 87 3873 uero
105 3822 139 3875 de
160 3822 234 3874 tanti
255 3821 307 3876 viri
327 3829 406 3876 tanta
425 3822 582 3878 humilitate
601 3823 729 3888 laetatus,
753 3823 891 3890 praecepit
916 3823 949 3886 ei,
974 3832 1006 3877 ut
1032 3824 1152 3892 regalem

26 3907 158 3966 onustum,
192 3902 274 3958 ‹louec
293 3902 349 3970 ipse
368 3903 548 3970 permitteret,
579 3903 631 3958 sibi
651 3919 704 3957 uon
723 3903 882 3971 imponeret,
913 3907 1046 3970 quatenus
1067 3905 1151 3958 omui-

28 3983 129 4046 potenti
159 3983 217 4036 Deo
245 3983 381 4050 acceptior
405 3991 477 4037 esset
506 3982 592 4037 cordis
621 3981 678 4050 ejus
707 3983 843 4047 contritio,
875 3999 928 4051 quo
953 4000 1011 4038 eam
1037 3991 1066 4038 et
1085 3985 1151 4038 foris

28 4064 181 4117 usterrderet
206 4063 268 4116 vilis
293 4063 402 4117 babitus
427 4063 607 4118 testimoniet
649 4064 686 4118 De
712 4062 781 4117 bello
805 4063 948 4128 Saronico,
979 4065 1016 4118 Μ.
1036 4064 1068 4120 G.
1094 4065 1149 4120 Sor.

27 4141 57 4196 V.
75 4145 137 4198 365.

96 4228 117 4286 ²)
138 4223 254 4291 Gregur.
274 4221 335 4278 Vll.
356 4223 386 4279 B.
406 4223 469 4276 vll.
488 4225 548 4278 ost.

92 4305 119 4373 ⁸)
138 4304 181 4357 De
201 4313 333 4370 persecut.
355 4303 412 4357 Lib.
433 4303 507 4357 Vlll.
529 4303 683 4358 Watterich
704 4306 725 4358 Ι.
746 4305 807 4358 331.
