2904 4834
322 513 444 567 Eventus
462 516 524 580 post
543 511 692 566 Conessinm
709 525 764 566 oce
783 509 860 564 vm.
1095 507 1148 562 435

130 656 199 720 128.
231 655 306 720 Hae
329 656 457 719 ratione
480 656 591 742 itaque
614 654 759 719 schisma
780 653 981 718 Photianum
1013 655 1326 717 renova-⁸⁶liffl*

55 767 111 818 tun
132 762 185 830 est,
209 773 248 816 eo
272 753 390 838 majori
413 751 570 838 periculo,
595 752 684 838 quod
702 753 737 816 in
754 751 889 817 Oriente
909 750 1030 816 exinde
1045 771 1152 836 parva
1199 719 1282 759 ’ω’

53 861 163 916 tantum
190 871 266 935 pars
296 849 485 934 praesulum
514 873 535 913 a
556 848 667 914 Photii
699 849 930 914 communione
960 847 1150 913 abstineret.

55 949 171 1013 Photius
193 968 331 1032 scopum
356 969 452 1011 suum
481 957 664 1030 assecutus,
698 945 865 1010 nitebatur
892 948 1048 1011 continuo
1077 967 1151 1010 oon-

55 1047 220 1110 firmatione
254 1045 307 1108 eoi
334 1045 475 1110 Joannis
507 1055 539 1109 et
571 1043 811 1109 venerabilium
842 1043 930 1108 illius
959 1043 1152 1128 legatorum.

54 1145 215 1208 Damnatio
249 1142 320 1228 ejus
347 1145 507 1228 posterior
537 1144 572 1206 in
596 1141 731 1210 Oriente
760 1141 849 1206 haud
881 1141 1050 1227 publicata
1078 1141 1152 1205 fuit.

53 1240 212 1306 Probabile
236 1249 294 1322 est,
318 1243 418 1306 etiam
433 1240 554 1306 Marini
577 1240 776 1326 legationem
800 1241 936 1326 ejusque
959 1249 1051 1325 gesta
1074 1239 1154 1304 satis

50 1338 165 1404 occulta
187 1339 398 1419 remansisse,
423 1360 564 1425 eumque
587 1360 646 1423 pro
670 1359 760 1401 more
785 1335 993 1402 OPtenorum
1017 1335 1154 1422 impedi-

52 1451 111 1501 tum
140 1437 257 1515 fuisse,
291 1438 467 1521 quominus
500 1457 575 1500 cum
604 1435 786 1520 Ignatianis
819 1437 1020 1500 conveniret.
1066 1433 1155 1519 Apo-

50 1535 152 1600 stoliea
181 1533 284 1599 Sedes
320 1533 596 1620 subsequentibus
626 1535 739 1616 annis,
774 1532 1014 1598 Saracenorum
1048 1533 1155 1596 incur·

51 1632 200 1712 sionibus,
234 1630 350 1694 Italiae
381 1631 525 1700 motibus
558 1641 591 1696 et
618 1631 692 1696 aliis
720 1631 989 1714 difficultatibus,
1024 1640 1154 1711 vexata,

54 1731 131 1795 haud
152 1730 260 1816 potuit
282 1739 349 1792 toto
373 1730 486 1813 vigore
510 1729 675 1794 influxum
699 1750 796 1792 suum
819 1731 853 1792 in
873 1727 1042 1796 Orientem
1066 1749 1156 1792 exer·
1261 1799 1263 1808 Α

54 1851 130 1910 cere,
162 1839 261 1912 atque
286 1827 331 1889 ita
353 1828 489 1890 vivente
512 1826 635 1891 Basilio
658 1826 860 1912 Imperatore
882 1826 1021 1892 Photius
1045 1825 1157 1890 sedem

55 1925 211 1992 CPtanam
242 1925 389 1988 retinuit.
435 1926 570 1989 Dixeris
601 1933 712 1988 autern
743 1921 1027 2011 Constantinopoli
1058 1923 1158 2010 pluri-

54 2045 114 2088 mos
135 2025 312 2108 ignorasse,
337 2044 412 2085 eum
436 2044 457 2086 a
479 2021 565 2087 Sede
582 2021 773 2108 Apostolica
793 2024 912 2087 iterum
935 2023 1036 2096 fuisse
1058 2021 1158 2106 rejec-

56 2133 131 2202 tum,
161 2119 215 2185 vel
246 2117 361 2184 saltem
392 2121 427 2184 id
450 2131 538 2184 certo
568 2121 609 2185 iis
631 2141 698 2184 nou
722 2121 923 2202 constitisse,
954 2129 1052 2205 atque
1080 2117 1158 2183 inde

54 2221 142 2283 etiam
166 2221 255 2282 viros
285 2218 357 2302 pios
388 2239 463 2282 eum
494 2228 531 2283 ut
553 2217 773 2304 patriarcham
797 2216 963 2284 habuisse.
1010 2218 1160 2281 Mortuus

55 2319 133 2380 enim
163 2326 213 2380 est
244 2337 274 2379 a.
308 2315 373 2380 883
408 2315 691 2401 Constantinopoli
722 2317 756 2378 iu
786 2314 898 2381 Photii
928 2305 1160 2380 communione

56 2414 113 2478 fere
135 2414 343 2480 centenarius
360 2412 525 2498 Josephus
550 2410 829 2498 hymnographus,
855 2415 911 2499 qui
931 2416 1017 2478 inter
1030 2423 1161 2477 sanctos

56 2511 201 2594 oblitust)
246 2511 350 2574 Pauci
383 2509 430 2575 illi
459 2512 516 2597 qui
540 2512 575 2576 in
597 2509 824 2596 patriarchatu
849 2507 981 2577 OPtano
1004 2510 1161 2575 Photium

57 2631 113 2674 nou
134 2607 367 2694 agnoscebant,
393 2610 440 2672 uti
464 2608 696 2694 Metrophanes
711 2606 921 2692 Smyrnensis
944 2619 977 2674 et
991 2608 1162 2693 Stylianus

55 2705 284 2787 Caesaroensis,
310 2727 380 2770 sese
404 2705 569 2770 occultare
589 2709 693 2770 coacti
709 2715 811 2787 erant,
836 2717 935 2792 atquo
949 2710 996 2770 ita
1010 2706 1161 2772 accidere

56 2808 160 2890 potuit,
184 2813 223 2868 ut
244 2827 265 2868 a
280 2803 445 2890 plerisque
468 2803 607 2868 Photiue
631 2803 808 2870 haberetur
830 2814 868 2869 ut
881 2804 1071 2890 patriarcha
1085 2803 1162 2886 legi·

56 2905 155 2969 timus.
201 2903 268 2966 Hic
292 2923 368 2966 vero
393 2924 514 2988 magno
546 2901 660 2967 favore
688 2901 809 2966 exinde
833 2902 951 2968 fruitus
975 2912 1025 2967 est
1046 2900 1162 2966 Basilii

55 3000 266 3087 Imperatoris,
291 2999 386 3085 cujus
399 2999 505 3064 filium
523 2997 775 3065 Constantinum
792 2998 1073 3065 adolescentulum
1089 3008 1164 3085 post

57 3109 183 3164 mortem
207 3101 294 3164 iuter
316 3108 446 3162 sanctos
469 3097 596 3178 retulit,
627 3119 790 3183 quemque
814 3097 1016 3164 carminibus
1040 3107 1072 3162 et
1095 3119 1164 3160 ora·

56 3198 192 3262 tionibus
222 3196 412 3261 celebravit.
464 3194 584 3260 Adfuit
612 3217 742 3282 quoque
765 3195 960 3280 Imperatori
991 3196 1027 3260 iu
1052 3194 1164 3278 legum

57 3293 279 3381 dispositione,
315 3296 450 3380 ipseque
484 3294 684 3357 revisionem
719 3293 857 3378 perfecit
891 3293 1015 3358 codicis
1053 3291 1164 3377 legum

57 3394 102 3456 cni
126 3393 362 3458 Nomoeoaoais
385 3391 499 3456 titulus
529 3391 572 3478 (a.
598 3391 684 3472 883).
728 3391 839 3454 Etiam
868 3393 902 3456 in
931 3388 1165 3478 promovendis

57 3487 230 3556 litterarum
254 3489 388 3571 studiis,
421 3498 521 3575 atque
550 3490 585 3552 in
609 3487 820 3552 missionibus
849 3487 891 3552 ad
915 3488 1164 3553 couversionem

56 3588 239 3674 gentillum,
279 3587 411 3652 laudem
450 3609 489 3651 ao
530 3585 668 3672 gloriam
703 3586 841 3650 Photius
876 3586 938 3650 sibi
974 3606 1165 3672 comparare

60 3696 220 3850 mml‘dfff
237 3783 377 3849 Joannis
400 3783 484 3848 VIII
498 3802 666 3847 successor
680 3782 830 3846 Mor-iaus
853 3779 1057 3866 (883-884)
1079 3779 1269 3844 Pho-¹⁸11·-
1277 3787 1339 3829 Η-

61 3882 132 3946 tium
168 3904 281 3946 rursus
313 3881 487 3946 damnavit
524 3881 660 3966 ejusque
692 3887 766 3942 acta
799 3877 974 3963 rescidit2).
1021 3878 1165 3942 Auctore

126 4043 148 4106 ¹)
164 4041 219 4098 Otr.
248 4043 319 4096 Acta
346 4042 516 4105 Sanctorum,
546 4038 577 4092 Τ.
603 4039 624 4091 1.
654 4036 739 4106 April.
768 4037 811 4090 die
839 4037 864 4092 3.
894 4065 926 4074 -
956 4034 1167 4103 Hergenrbtber,

61 4117 458 4272 Phon'lsnlelabdfendcsynodi
474 4199 566 4254 Photii
584 4198 694 4252 iuterim
713 4197 741 4251 in
758 4195 882 4265 linguam
901 4193 1016 4248 latinam
1034 4193 1169 4248 translata

61 4278 144 4347 luen,
167 4289 249 4350 atque
274 4287 369 4351 postea
387 4281 604 4348 compilatorum,
628 4277 671 4332 uti
690 4277 811 4344 videtur,
836 4275 992 4330 confusione
1017 4280 1046 4328 et
1063 4273 1169 4328 incuria

1008 4363 1063 4416 28*
