2904 4834
315 471 370 526 422
625 468 721 534 2xv11.
757 469 798 524 De
815 467 959 524 neumate
976 466 1119 522 Photianc.

410 615 484 679 113.
510 613 637 694 Quodsi
668 633 747 678 vero
770 612 912 676 Joannis
935 610 1116 676 moderatio
1149 610 1259 695 quoad
1282 609 1421 674 Photiurn

318 712 408 776 haud
432 711 543 776 felices
567 711 725 798 produxit
748 712 894 790 effeetus,
918 731 960 772 ne
984 711 1133 773 severius
1156 709 1197 772 de
1222 711 1293 793 ipso
1309 707 1419 793 judice·

319 833 402 892 mus,
427 812 526 874 etiam
549 808 631 874 illud
655 831 734 894 prae
758 807 862 873 oeulis
878 806 1070 871 habendum
1094 805 1256 892 estquod
1281 805 1423 869 iurabas

319 908 474 972 humanis
497 909 619 994 passim
651 908 785 970 evenire
809 905 899 970 solet.
948 903 1157 990 Quandoque
1180 903 1336 968 videlicet
1357 925 1421 964 cunr

319 1029 358 1069 ea
373 1003 627 1090 subsequuntur,
652 1026 737 1090 quae
754 1003 833 1067 dum
850 1025 902 1068 res
916 1003 1042 1088 geritur
1057 1002 1254 1087 praevidere
1268 1023 1333 1066 uon
1349 1000 1423 1072 licet,

318 1105 352 1166 in
378 1125 478 1168 eausa
501 1115 593 1182 sunt,
619 1113 656 1165 ut
678 1125 698 1166 a
721 1103 859 1187 posteris
883 1111 1039 1186 tanquam
1065 1100 1290 1185 imprudentia
1313 1101 1420 1182 vitupe-

318 1211 424 1282 retur,
459 1199 547 1286 quod
580 1221 618 1264 eo
649 1211 795 1286 tempore
826 1221 884 1284 pro
916 1200 1079 1285 sapientia
1108 1201 1222 1262 merito
1247 1196 1441 1282 habendum]

319 1301 430 1380 erat.¹)
454 1337 498 1345 —
520 1297 590 1362 Nec
614 1309 725 1362 tamen
749 1296 848 1360 velim
864 1318 996 1381 negare,
1021 1297 1100 1360 dum
1116 1296 1331 1360 observamus
1343 1309 1441 1358 acra-¹

147 1409 224 1453 mam
240 1397 422 1460 romuratius
446 1418 531 1481 quae
555 1418 670 1460 versus
694 1397 794 1460 finem
819 1394 940 1460 saeculi
967 1396 1045 1460 noni
1070 1405 1162 1478 gesta
1185 1397 1268 1474 sint,
1291 1391 1424 1458 animad-

184 1471 270 1512 ΒΜ
320 1496 403 1557 verti
429 1495 462 1558 in
488 1493 638 1579 pluribus
662 1495 742 1558 viris
766 1492 999 1558 ecclesiasticis
1023 1491 1232 1572 Occidentis,
1267 1493 1323 1577 qui
1353 1481 1441 1554 suni-³

319 1594 380 1656 mis
398 1592 590 1656 muneribus
604 1591 837 1677 fungebantur,
859 1589 1046 1676 quibusque
1060 1591 1238 1654 Pontifices
1255 1591 1441 1670 necessario1

318 1701 354 1754 ut
378 1689 573 1755 consiliariis
597 1701 629 1753 et
651 1688 859 1775 adjutoribus
883 1687 1077 1771 utebantur,
1111 1687 1291 1774 quamdam
1315 1688 1441 1776 auimo-1

317 1810 390 1850 rum
422 1787 686 1867 fluctuationem,
720 1788 991 1864 inconstantiam,
1024 1785 1203 1850 humanam
1231 1787 1341 1872 potius
1363 1779 1441 1871 pru-l

318 1885 464 1950 dentiam
495 1894 528 1949 et
555 1895 660 1950 artem
683 1884 863 1970 politicam.
908 1884 987 1949 Jam
1018 1883 1180 1964 vidimus,
1218 1906 1284 1970 qua
1312 1887 1426 1948 ratione

317 1984 402 2046 varii
427 1984 572 2068 insignes
596 1984 660 2047 viri
684 1981 914 2062 ecclesiastici,
945 1983 991 2044 uti
1017 1980 1207 2046 liodoaldus
1215 2034 1224 2066 ,
1248 1982 1425 2047 Zacharias.

317 2081 524 2164 Anastasius,
548 2081 719 2166 Eugenius
742 2091 841 2166 etque
864 2079 1003 2161 Paulus,
1028 2081 1139 2144 minua
1162 2091 1290 2162 cantos,
1316 2080 1426 2147 fideles.

318 2189 418 2264 atque
442 2187 628 2242 constantes
652 2201 721 2243 sese
746 2180 781 2242 in
803 2176 903 2244 rebus
917 2177 1071 2261 gerendis
1085 2179 1309 2263 praebuerint.
1347 2179 1426 2242 Haeo

319 2275 506 2358 ostendunt,
532 2278 565 2341 in
589 2275 741 2363 pluribus
764 2278 845 2341 viris
862 2275 1033 2340 Ecclesiae
1057 2297 1181 2340 naevos
1201 2275 1361 2360 quosdam
1382 2275 1426 2338 ad·

319 2373 419 2436 fuisse
444 2381 542 2459 atque
566 2373 724 2456 defectus,
750 2376 805 2460 qui
825 2375 897 2460 jam
921 2373 1176 2460 praesagiebant
1198 2375 1343 2438 tristiora
1362 2383 1426 2436 tem·

319 2493 399 2556 pora
424 2494 508 2556 quae
532 2493 610 2536 mox
635 2482 746 2536 secuta
771 2483 856 2536 sunt.
903 2471 1080 2536 Pontifices
1111 2492 1189 2535 vero
1219 2473 1320 2534 etiam
1343 2472 1427 2550 insig-

320 2591 387 2647 nes,
413 2568 543 2654 qualem
568 2591 739 2634 censemus
763 2569 864 2634 fuisse
887 2570 1053 2636 loannem
1077 2568 1178 2649 VIII,
1204 2589 1247 2632 ex
1270 2589 1310 2632 ea
1332 2589 1426 2631 reruni

320 2677 419 2752 atque
442 2669 589 2734 virorum
614 2668 803 2750 conditione
835 2670 869 2732 in
892 2669 1033 2753 negotiis
1064 2665 1279 2751 disponendis
1302 2664 1428 2729 difficul-

320 2775 404 2828 tates
428 2786 495 2829 non
518 2766 700 2830 mediocres
723 2787 836 2851 passos
852 2787 931 2847 esse,
951 2765 1028 2851 jure
1043 2785 1217 2850 possumus
1233 2761 1427 2828 concludere.

182 2876 281 2948 butem
413 2864 486 2928 114.
510 2864 647 2930 Praeter
667 2863 793 2928 litteras
816 2863 859 2928 ad
873 2862 1035 2928 Basiliam
1059 2862 1164 2943 datas,
1188 2862 1272 2926 alias
1295 2862 1429 2926 Joennes

148 2937 239 2980 'm'
256 2935 309 2976 Μ’
323 2960 407 3024 VIII
441 2961 562 3024 direxit
594 2961 637 3026 ad
660 2961 815 3026 Photium
849 2972 881 3026 et
914 2964 1085 3047 episcopos
1116 2958 1290 3024 orientales
1321 2959 1425 3044 sijau

323 3060 581 3142 consentientes,
612 3059 732 3145 quibus
762 3058 917 3124 Photium
948 3061 982 3123 in
1013 3057 1239 3145 patriarchatu
1271 3056 1428 3122 confirmat

321 3178 360 3220 ea
385 3155 589 3240 conditione,
621 3167 657 3220 ut
687 3178 797 3220 eoram
821 3156 947 3241 synodo
979 3157 1237 3222 satisfactionem
1262 3156 1375 3220 offerat
1403 3165 1428 3215 et

321 3255 454 3318 veniam
478 3263 578 3339 petat.
627 3252 733 3338 „Cum
757 3276 822 3319 non
847 3256 890 3318 sit
913 3252 1190 3340 reprehensilibis,
1215 3253 1340 3334 scribit,
1362 3271 1427 3332 erga

321 3361 504 3415 correctum
537 3361 804 3439 quantacumque
837 3353 1003 3416 miseratio
1009 3403 1018 3434 ‚
1051 3353 1081 3414 ci
1111 3352 1315 3438 aensfacs'eas
1337 3370 1426 3414 corea

319 3448 439 3536 synodo
464 3450 712 3516 misericordiam
742 3451 910 3514 secundam
940 3450 1194 3514 commacinam
1217 3449 1427 3536 poenitearis.

320 3571 360 3612 ac
384 3549 411 3612 si
435 3546 581 3610 evidenti
603 3550 805 3614 correctione
821 3550 933 3630 utaris,
958 3557 991 3612 et
1005 3549 1143 3633 peritiae
1160 3569 1226 3612 non
1243 3547 1427 3612 obliviscens

319 3645 442 3710 nullius
473 3644 595 3709 damna
625 3645 787 3729 moliaris,
824 3647 904 3732 quin
928 3647 1038 3732 potius
1068 3645 1194 3710 auxilia
1217 3667 1347 3728 eorum,
1380 3641 1424 3726 qui

320 3744 380 3808 tibi
406 3765 472 3808 non
496 3741 580 3808 velle
604 3744 788 3808 consentire
813 3744 969 3809 dicuntur
990 3743 1135 3810 studiose
1151 3743 1349 3824 dissolveris,
1372 3761 1424 3802 eos·

320 3864 384 3929 qne
408 3843 476 3906 suis
499 3839 647 3906 eeclesiis
671 3851 703 3906 et
726 3841 906 3907 bonoribus
929 3844 1128 3908 restitueris:
1159 3851 1192 3906 et
1215 3844 1254 3922 si,
1279 3843 1354 3927 quia
1375 3839 1441 3922 spi

319 3939 424 4004 ritalis
448 3938 535 4004 lilius
558 3949 669 4003 noster
682 3939 825 4004 Basilius
840 3940 1133 4006 christianissimus
1148 3941 1332 4026 Imperator
1349 3931 1422 4021 apud

321 4039 388 4102 Nos
412 4058 470 4124 pro
501 4045 533 4100 te
562 4035 673 4101 multis
696 4037 851 4124 precibus
881 4039 1073 4120 intervenit,
1109 4059 1222 4102 omues
1254 4059 1318 4101 uno
1351 4046 1423 4095 roto.

326 4191 536 4200 .———-——-0

395 4249 416 4316 ¹)
436 4247 490 4304 eu.
510 4248 680 4314 Pallavicini‚
699 4249 770 4304 Hist
791 4250 869 4304 (lonc.
888 4249 961 4305 Trid.
979 4249 1011 4306 Ia
1030 4247 1063 4304 II.
1084 4265 1104 4304 c
1124 4251 1149 4302 8.
1167 4263 1195 4304 n.
1216 4250 1258 4304 lr'a
