2898 4836
344 564 395 617 100
530 561 633 617 xvnl.
657 561 698 615 De
715 559 843 614 Romame
863 556 1038 612 Pontificibus
1055 557 1154 614 88881111
1173 556 1274 612 decimi.

341 726 465 770 novum
498 713 699 770 conventum
730 702 852 769 Chelae
884 700 1042 789 (Chellae)
1073 699 1236 782 habuere,
1269 699 1430 786 ibidemque

341 805 427 867 inter
441 824 475 866 se
491 823 687 883 convenere,
703 811 740 864 ut
764 801 931 865 communi
955 799 1068 864 labore
1082 798 1238 864 Pontifici
1260 801 1430 864 resisterent

337 902 364 964 ei
390 899 470 986 quid
494 909 608 964 contra
631 898 762 984 regulas
786 919 995 983 canonesque
1018 897 1089 982 ipse
1112 896 1312 962 decerneret
1343 895 1430 976 Quom

338 1019 417 1062 vero
441 996 598 1062 Pontifex
622 1017 677 1060 eor
701 994 949 1082 Aquisgranum
972 1017 1012 1059 ac
1036 994 1113 1060 dein
1130 994 1269 1060 Romam
1292 993 1334 1060 ad
1357 1015 1430 1077 syno

337 1094 417 1159 dum
451 1096 583 1176 citaret,
614 1102 651 1157 ut
681 1093 722 1158 de
752 1093 883 1177 negotio
915 1092 970 1157 illo
1002 1101 1216 1174 statueretur,
1248 1091 1431 1158 declinarunt

337 1214 374 1256 eo
400 1194 524 1256 venire.
571 1191 733 1256 Miserunt
761 1201 872 1256 autem
903 1191 1043 1256 Romam
1074 1189 1233 1254 ecclesiae
1261 1190 1432 1255 Rhcmensis

336 1288 609 1355 archidiaconum
641 1309 718 1353 cum
749 1289 879 1375 scriptis
910 1287 1125 1375 apologeticis
1157 1309 1215 1373 pro
1247 1287 1431 1352 defendendi

337 1387 463 1472 synodo
488 1387 680 1468 Rhemensi,
716 1395 815 1473 atque
842 1386 937 1470 {lugo
965 1409 1024 1450 rex
1054 1385 1179 1450 litteras
1210 1385 1303 1450 dedit
1328 1385 1433 1450 811118-

335 1507 471 1550 manum
500 1485 696 1550 Pontificem
726 1485 912 1550 reverentia
941 1483 1072 1570 plenas,
1106 1483 1227 1570 quibus
1251 1483 1331 1570 jura
1358 1483 1434 1548 Sedis

334 1582 547 1668 Apostolicae
561 1581 652 1648 haud
668 1580 790 1647 violata
807 1603 877 1646 esse
896 1581 1075 1664 contendit,
1099 1583 1271 1667 petiitque,
1296 1593 1333 1646 ut
1353 1581 1431 1648 1881-

335 1702 393 1746 1188
416 1681 458 1746 ad
482 1679 682 1765 colloquium
713 1681 885 1765 cumipse
916 1677 1106 1745 habendum
1131 1678 1389 1766 Gratianopolim
1408 1683 1432 1742 11

334 1777 456 1844 finibus
480 1776 608 1843 Galliae
632 1788 664 1842 et
687 1776 802 1842 1181188
827 1779 964 1842 veniret.

302 1921 323 1950 8
424 1895 498 1958 101.
545 1894 692 1958 Joanner
720 1893 787 1957 XV
819 1895 889 1976 regi
923 1896 1051 1959 censuit
1080 1893 1171 1959 hand
1202 1892 1433 1980 obsequendum

333 2015 413 2074 esse,
438 1992 497 2057 sed
512 2013 598 2056 anno
615 1991 681 2057 995
698 1992 788 2056 misit
801 1989 946 2076 legatum
970 1994 1005 2056 in
1022 1991 1236 2058 Germaniam
1260 2001 1294 2056 81
1310 1991 1433 2057 Galliam

333 2091 489 2169 Leonem,
521 2090 711 2154 monasterii
735 2087 793 2154 SS.
817 2087 929 2152 Alexii
954 2099 987 2154 et
1008 2090 1166 2156 Bonifatii
1190 2089 1363 2172 abbatam,
1389 2090 1430 2174 qni

333 2197 447 2252 sancta
469 2188 719 2252 conversatione
750 2197 782 2250 et
805 2186 956 2253 (18811188
980 2187 1101 2273 insigni
1132 2189 1177 2252 ita
1200 2187 1382 2266 eminebat,
1408 2204 1432 2248 11

333 2288 405 2372 ipsa
429 2284 500 2371 ejus
523 2287 724 2372 praesentia,
735 2285 807 2370 jam
831 2287 984 2350 convicia
1007 2285 1173 2372 Arnulphi
1200 2284 1443 2352 Aurelianensis

333 2385 366 2447 in
391 2382 515 2448 clerum
541 2383 727 2448 Romanum
760 2384 991 2449 refutarentur.
1030 2383 1071 2448 Ei
1094 2383 1249 2449 Pontifex
1274 2384 1443 2450 commisit

331 2491 368 2546 ut
391 2503 458 2546 una
482 2502 557 2544 cnm
581 2483 745 2567 episcopis
769 2480 969 2546 Germaniae
985 2493 1017 2545 et
1031 2481 1159 2548 Galliae
1183 2481 1352 2568 Arnnlphi
1366 2480 1432 2546 Rhe-

331 2580 453 2644 mensis
476 2600 611 2643 eausam
635 2581 842 2644 examinaret
864 2601 903 2644 ac
928 2578 1006 2644 dein
1029 2583 1225 2646 sententiam
1250 2581 1362 2646 ferret.
1393 2575 1435 2641 Ab

330 2678 494 2763 episcopis
517 2675 717 2742 Germaniae
740 2677 809 2742 Leo
833 2699 953 2762 magno
979 2700 1054 2743 811111
1078 2677 1201 2744 honore
1225 2679 1260 2744 in
1276 2677 1442 2756 Lethariu

329 2777 385 2859 gia
414 2783 566 2861 receptus
598 2784 663 2857 est,
700 2774 813 2861 illique
843 2774 959 2840 litteris
991 2778 1177 2841 invitarunt
1205 2777 1381 2862 Hugonem
1410 2786 1442 2834 11

330 2873 509 2938 Robertum
532 2894 636 2958 reges,
660 2885 696 2938 ut
718 2884 848 2959 tempus
872 2885 904 2938 ct
919 2874 1028 2939 locum
1052 2875 1171 2960 synodi
1194 2873 1369 2940 habendae
1390 2873 1430 2936 de-

329 2973 553 3037 terminarent.
589 2971 756 3036 Statutum
779 2971 852 3052 fuit,
878 2980 915 3036 ut
937 2973 1084 3057 synodus
1108 2973 1287 3040 haberetur
1310 2975 1435 3038 1118818

329 3068 497 3156 (Mouson)
530 3071 564 3134 in
588 3068 710 3135 finibus
732 3070 938 3134 Francorum
962 3081 994 3135 et
1017 3069 1270 3138 Germanorum.
1317 3071 1380 3135 Sed
1400 3091 1432 3130 11

330 3169 492 3253 episcopis
508 3167 635 3234 Galliae
660 3189 727 3232 nou
750 3168 813 3232 nisi
829 3165 1020 3252 Gerbertus,
1045 3169 1140 3255 cujus
1154 3191 1255 3234 causa
1278 3168 1441 3254 agebatur,

328 3265 372 3331 ad
395 3267 558 3350 synodum
583 3267 691 3347 renit3
723 3265 866 3352 reliquos
890 3269 978 3332 enim
1003 3268 1179 3354 impedivit
1202 3267 1302 3354 Ilugo
1326 3253 1441 3332 881189

329 3364 441 3430 bertus
463 3386 566 3449 reges,
592 3385 630 3428 eo
654 3364 743 3450 quod
767 3366 802 3428 in
823 3387 936 3431 eorum
951 3367 1079 3430 animos
1094 3367 1270 3451 irrepserat
1293 3365 1430 3451 suspicio

328 3463 398 3526 fore
436 3473 473 3526 ut
513 3464 575 3548 ipsi
612 3464 736 3548 captivi
774 3461 1000 3528 detinerentur
1036 3475 1069 3528 et
1107 3465 1268 3530 Franciae
1307 3483 1430 3548 regnum

329 3559 443 3626 Ottoni
465 3561 517 3626 III
531 3561 726 3647 Imperatori
741 3559 1029 3650 submitteretur.¹)
1054 3563 1208 3647 Synodns
1233 3563 1311 3628 dein
1335 3559 1440 3626 inche-¹

328 3671 383 3724 ata
405 3668 455 3723 est
477 3660 615 3725 Musone
640 3659 694 3723 die
718 3659 765 3723 ‘2⁶⁰
787 3659 882 3725 Junii
906 3663 984 3726 anni
1009 3659 1084 3743 995,
1115 3671 1148 3725 et
1171 3660 1351 3726 Gerbertus
1380 3657 1429 3720 818

328 3759 543 3844 quentissima
566 3759 713 3822 oratione
743 3778 813 3821 rem
837 3779 930 3822 suam
955 3757 1131 3824 defendere
1160 3761 1252 3824 nisus
1274 3769 1332 3823 881.
1375 3753 1430 3819 see

327 3865 465 3921 conatur
489 3856 560 3942 ejus
575 3856 749 3920 frustratus
766 3865 814 3919 est
837 3877 1007 3939 successu,
1032 3879 1121 3922 nove
1144 3857 1290 3942 synodus
1309 3854 1429 3920 Rhamis

328 3954 380 4018 die
408 3955 443 4018 1⁰
466 3953 549 4020 Julii
574 3952 729 4018 habenda
752 3952 879 4018 indicta
902 3954 980 4036 fuit,
1013 3977 1052 4020 88
1075 3965 1145 4020 tum
1170 3954 1346 4020 Gerbertos
1369 3967 1428 4014 18111

401 4193 420 4258 ¹)
440 4191 568 4258 Quaestio
586 4193 618 4246 de
637 4192 815 4261 legitimitate
829 4154 958 4262 'Hngonis
975 4194 997 4260 1,
1017 4193 1062 4261 qui
1081 4194 1191 4263 regibus
1210 4211 1243 4248 ex
1261 4191 1426 4260 8111881111-

327 4270 450 4339 lingiana
467 4279 639 4336 sumcererat,
659 4271 776 4326 noudum
788 4281 848 4326 erat
861 4274 989 4341 eliquata,
1003 4274 1064 4330 lites
1076 4273 1268 4342 perdurabant.
1285 4285 1361 4340 118118
1372 4269 1427 4324 uss

326 4349 433 4403 facilins
452 4351 510 4404 fieri
528 4351 618 4418 potuit
636 4359 668 4405 ut
686 4367 781 4407 revera
799 4351 880 4422 Hugo
899 4354 996 4408 timore
1014 4353 1104 4423 aliquo
1122 4355 1294 4412 18111818111.
