2922 4832
321 503 373 556 174
552 500 611 556 ΧΧ.
632 501 672 554 Dc
690 505 765 554 stetu
784 501 854 558 Eccl.
874 500 960 556 medio
979 517 1047 558 suec.
1066 502 1215 560 undecimo,

320 643 457 735 ciplimo,
491 645 596 735 ejectis
625 643 748 709 clericis
762 644 962 730 feminarum
986 647 1176 710 consortium
1199 647 1330 712 ecclesiis
1352 663 1421 712 oute

316 743 517 824 ponentibus,
542 743 690 806 instituit.
731 743 807 808 Post
829 743 904 808 leaeo
927 746 961 807 iu
986 743 1061 807 aliis
1084 743 1223 830 Amplius
1240 747 1422 833 partibusol

315 843 502 928 parochiam
524 863 615 904 suam
638 840 687 904 nil
703 842 939 928 pertinentibus
961 845 1100 928 insigues
1124 843 1272 908 ecclesias
1294 843 1327 909 ob
1347 869 1420 932 pree-

313 939 416 1024 fleam
439 963 567 1004 causam
590 938 713 1003 clericis
737 942 912 1018 evacuavit,
946 952 975 1004 et
1000 963 1053 1004 cas
1077 942 1156 1006 viris
1179 945 1363 1008 monasticos
1387 945 1421 1006 io·

319 1041 495 1102 stitutionis
524 1035 749 1122 sublimauit.¹)
805 1039 885 1103 Post
916 1047 1054 1103 mortem
1088 1061 1167 1103 vero
1190 1043 1278 1126 regis
1301 1041 1423 1125 Eadgeri

319 1137 362 1224 (a.
388 1137 467 1219 975)
492 1135 616 1200 abusus
640 1137 759 1200 iterum
784 1135 931 1202 inolevit.
980 1135 1104 1202 Scribit
1128 1137 1314 1204 Matthaeus
1336 1139 1423 1202 West-

319 1235 587 1298 monasteriensis
611 1233 653 1322 (c.
682 1233 797 1320 1307):
834 1233 945 1321 Sicqae
962 1245 1039 1322 post
1064 1237 1223 1300 decessum
1244 1239 1325 1324 repis
1352 1240 1424 1324 peri

309 1331 369 1416 fici
390 1336 480 1420 repsi
503 1343 603 1397 status
620 1333 829 1419 perturbatas
853 1335 1010 1397 estotim
1036 1335 1266 1398 cascrntiimem
1297 1347 1423 1400 mutatus.

319 1431 406 1495 Nam
423 1432 590 1517 principes
618 1431 754 1518 plurimi
786 1443 816 1496 et
839 1433 1005 1519 optimates
1036 1433 1166 1497 allectos
1193 1457 1262 1498 cum
1286 1437 1423 1499 monadis
1458 1436 1459 1473 l

318 1531 356 1594 ds
379 1531 589 1609 monasteriis,
613 1533 648 1592 irs
671 1531 863 1615 quibuscum
887 1531 1052 1617 Eodperus
1075 1553 1127 1594 cos
1151 1529 1320 1610 locaverat,
1344 1555 1424 1618 erpe-

318 1628 438 1706 lerant,
464 1639 494 1692 et
516 1629 661 1707 clericos,
686 1639 720 1692 at
737 1631 846 1715 prius,
872 1628 937 1692 loco
961 1631 1103 1715 ipsoram
1126 1653 1194 1692 cum
1218 1629 1367 1694 sonoribus
1388 1633 1423 1692 ie-

318 1725 571 1812 trodanersmffl.)
603 1726 642 1790 In
667 1727 793 1811 syuodo
819 1727 1052 1792 Acutramcnsi
1077 1750 1106 1791 a.
1134 1727 1219 1792 1009
1245 1729 1361 1792 iterum
1377 1727 1424 1790 ele·

316 1825 460 1889 ricorum
486 1825 690 1888 continentia
714 1822 901 1888 inculcatur
925 1847 952 1890 c.
977 1825 1026 1889 II:
1056 1825 1169 1890 Omnes
1193 1827 1424 1898 ministrosDei,

317 1925 472 2008 inquiunt
495 1921 679 2007 praesules,
705 1923 896 2008 praesertim
931 1923 1109 1986 sacerdotes
1132 1945 1278 2009 rogamus
1303 1935 1333 1988 et-
1354 1925 1424 1987 doe-e-

317 2045 393 2099 mas,
418 2033 452 2084 at
476 2022 543 2083 Deo
561 2020 739 2083 obedientes
759 2023 937 2085 castitatem
953 2022 1068 2100 colant,
1093 2031 1123 2084 et
1145 2033 1257 2086 contra
1281 2024 1360 2086 iram
1377 2023 1426 2086 Dii
1459 2063 1460 2108 1

317 2143 347 2185 se
381 2121 435 2182 leoc
469 2120 558 2182 ruodo
593 2121 737 2182 muniant
782 2128 810 2181 ct
844 2129 1002 2183 tucantur.
1054 2118 1178 2185 Certiae
1208 2123 1291 2184 caim
1323 2125 1425 2185 moriat.

316 2220 399 2304 quood
421 2241 485 2282 esea
508 2217 642 2280 labeant
673 2216 775 2280 debite
799 2217 836 2280 ob
870 2218 1012 2303 aliquam
1044 2219 1144 2282 coitus
1167 2241 1295 2282 eausam
1330 2221 1426 2282 uaeas

316 2318 513 2381 corusce-tium.
561 2317 600 2380 Ia
632 2337 715 2378 more
741 2325 844 2378 tamea
868 2325 929 2395 ost,
962 2326 997 2380 at
1020 2316 1150 2401 quidam
1180 2316 1277 2398 duas,
1313 2315 1423 2402 pridem·

310 2415 423 2502 plures
445 2414 576 2493 lubeat,
610 2423 640 2478 et
673 2412 862 2492 nonnullus,
895 2416 1037 2500 queamois
1071 2437 1139 2477 eam
1167 2414 1326 2478 dimiserit
1348 2439 1425 2499 qseou

315 2539 417 2600 aupes
439 2513 564 2590 tabuit,
597 2512 697 2574 silium
722 2523 825 2574 tomen
850 2513 923 2598 epea
946 2514 1066 2576 uiuente
1091 2513 1217 2598 accipit,
1243 2513 1328 2598 quod
1350 2511 1425 2575 nudie

319 2612 570 2679 Cleristianorum
594 2611 658 2694 laps
683 2621 728 2673 est
745 2613 945 2695 permissum.
984 2611 1155 2674 Dieiitteus
1176 2622 1327 2675 autemst
1350 2611 1426 2674 corti·

316 2721 410 2774 tatem
432 2709 571 2773 recolens
603 2731 617 2770 e
650 2709 734 2772 coelo
760 2719 942 2794 assequetur
965 2707 1224 2786 misericordiam,
1255 2710 1291 2771 in
1328 2709 1426 2771 messeio

315 2810 410 2873 etiam
432 2805 704 2892 uenerationem.³)
744 2806 906 2886 Quemvis
930 2828 1009 2869 vero
1043 2805 1210 2891 praesules
1234 2829 1307 2870 sese
1333 2809 1427 2870 incon-

315 2907 474 2970 tinentiae
499 2914 719 2991 opponerent,
754 2927 815 2969 nec
848 2907 894 2968 itu
918 2927 957 2969 ea
981 2904 1160 2990 invaluisse
1184 2903 1359 2981 videatur,
1389 2903 1425 2964 ui

315 3007 349 3068 in
374 3003 573 3090 quibusdam
599 3003 672 3066 aliis
696 3003 898 3087 regionibus,
923 3003 1146 3088 perdurarunt
1168 3011 1280 3066 tamen
1308 3002 1426 3068 abusus.

315 3103 419 3167 donec
459 3111 567 3166 aetate
591 3099 743 3187 Gregorii
775 3101 858 3185 VH,
883 3100 1081 3167 Guillelmus
1115 3101 1131 3164 Ι
1166 3111 1199 3164 et
1229 3102 1426 3166 Lsnfrsurus

313 3200 583 3286 archiepiscopus
607 3199 857 3265 Cantuariensis
889 3221 1009 3285 magno
1042 3221 1117 3263 cum
1152 3199 1267 3283 vigore
1304 3221 1360 3262 eos
1383 3219 1426 3260 ex·

314 3300 504 3384 stirparunt.

403 3433 455 3496 24.
502 3431 555 3495 Ex
580 3431 670 3496 hisce
694 3430 868 3516 colligitur,
893 3440 1096 3517 quantopere
1120 3431 1155 3493 in
1172 3431 1275 3494 variis
1301 3429 1424 3514 regioni·

312 3529 375 3593 bus
398 3530 598 3594 inoleverint
629 3527 823 3618 clericorum
856 3529 1021 3613 conjugia.
1069 3527 1235 3591 Videntur
1267 3528 1422 3592 antemio

312 3629 409 3693 Italia
439 3639 538 3714 atque
568 3625 749 3691 Germania
780 3636 910 3712 praeter
940 3625 1233 3698 incontinentiam,
1274 3625 1422 3711 quaedem

312 3726 377 3791 alia
411 3728 575 3790 exstitisse
606 3727 748 3806 motiva,
782 3723 903 3810 quibus
934 3723 1058 3787 abusus
1091 3721 1146 3786 ille
1177 3735 1350 3807 promotus
1378 3741 1422 3784 est.

313 3822 433 3890 Clerici
458 3825 630 3888 inferiores
661 3823 853 3908 saepissime
877 3831 972 3886 erant
995 3843 1037 3884 ex
1058 3817 1198 3906 familia
1221 3819 1365 3910 alicujus
1385 3841 1422 3880 sc·

312 3923 442 4004 elesius,
466 3945 523 3986 seu
547 3945 589 3986 ex
604 3920 740 3986 familiis
764 3943 848 4007 quae
871 3919 968 3986 bouis
991 3917 1149 3983 ecclesiae
1173 3917 1331 3984 addictae
1345 3933 1422 3982 ersus

385 4143 405 4214 ¹)
426 4143 567 4210 Whurtou,
587 4141 689 4212 Anglie
701 4158 784 4207 secra,
804 4139 838 4196 n
851 4157 877 4209 p.
892 4141 952 4208 200,
966 4157 1009 4209 up.
1023 4138 1143 4194 Gieseler
1156 4137 1190 4192 K.
1205 4137 1239 4194 G.
1253 4137 1288 4192 IL
1302 4140 1326 4196 1.
1338 4157 1362 4210 p.
1373 4139 1420 4192 su.

385 4223 406 4292 ²)
425 4223 458 4279 V.
478 4223 601 4279 Gieseler
619 4223 635 4277 t
655 4240 677 4278 c.
697 4221 746 4279 col.
767 4221 827 4276 790.

385 4303 406 4376 Ι)
426 4304 476 4372 Ap.
496 4303 629 4361 Harduiu.
649 4301 714 4359 Coll.
735 4301 814 4358 Ocno.
833 4301 882 4360 VI.
901 4301 951 4360 col.
971 4301 1031 4356 775.
