2904 4834
302 458 355 510 392
616 459 704 514 XVII.
744 460 783 512 De
800 458 945 514 schismate
964 459 1100 515 Photiano

303 695 457 760 difficiles
480 717 515 770 se
539 697 768 782 praebuissent
790 698 957 784 praesules
976 703 1088 783 graeci
1101 701 1146 766 ad
1160 701 1308 768 libellum
1323 706 1407 769 istun

303 792 513 878 signandum,
538 796 601 858 nisi
614 794 783 860 Romanae
798 795 966 880 ecclesiae
982 799 1160 864 auctoritas
1174 823 1296 886 magno
1310 805 1408 888 vigore

303 891 349 956 ibi
374 891 545 957 vindicata
567 893 692 958 fuisset.
738 892 847 978 Aegre
871 894 1029 960 videlieet
1057 906 1185 962 tantum
1209 898 1319 984 plures
1340 903 1409 986 epis·

303 1011 403 1075 cepoe
435 989 682 1075 subscripsisse,
719 1013 761 1056 ex
792 989 929 1056 historia
956 991 1083 1076 Synodi
1111 993 1294 1082 colligitur,
1325 1007 1410 1084 atque

302 1087 385 1152 haec
408 1087 587 1152 difficultas
613 1111 679 1152 una
702 1111 745 1152 ex
769 1091 877 1154 causis
900 1090 972 1172 fuit,
996 1113 1057 1154 cur
1072 1089 1259 1156 Concilium
1281 1115 1409 1180 praeser-

302 1187 362 1250 tim
386 1187 480 1250 initio
508 1208 576 1250 non
606 1185 703 1251 valde
727 1209 941 1252 numerosum
964 1199 1057 1254 esset.
1104 1188 1221 1254 Altera
1244 1193 1327 1257 ratio
1349 1192 1410 1272 fnit,

302 1283 391 1369 quod
414 1291 543 1348 tantum
567 1284 727 1369 paulatim
756 1307 799 1349 ex
829 1285 963 1350 sedibus
991 1286 1181 1373 longinquis
1209 1290 1296 1352 varii
1325 1289 1411 1353 adve-

302 1384 421 1462 nerint,
446 1383 503 1466 qui
527 1391 701 1468 postquam
725 1383 988 1468 subscripserant
1010 1384 1283 1451 admittebantur.
1314 1387 1412 1451 Tertia

304 1501 381 1542 uero
406 1488 505 1565 atque
528 1479 612 1543 haec
636 1483 829 1566 praecipua,
854 1481 942 1566 quod
966 1481 1104 1547 Photius
1127 1482 1294 1548 decennio
1316 1495 1412 1568 tyran·

303 1577 390 1642 nidis
413 1597 492 1641 suae
516 1601 534 1641 e
557 1577 692 1642 sedibus
715 1579 882 1664 praesules
906 1579 1020 1644 fideles
1039 1579 1279 1664 deturbaverit,
1304 1593 1337 1646 et
1357 1581 1413 1646 fere

303 1674 427 1759 ubique
459 1673 638 1760 discipulos
671 1686 703 1740 ot
734 1676 859 1740 amicos
894 1697 970 1740 suos
1002 1679 1210 1743 constituerit
1243 1681 1412 1765 episcopos.

302 1770 457 1836 Photiani
482 1781 592 1836 autem
616 1770 663 1837 illi
688 1771 731 1838 ad
755 1771 928 1858 Synodum
952 1796 1018 1838 non
1041 1775 1316 1842 admittebantur.

134 1868 231 1972 ἔξω
240 1867 294 1911 ⁰⁰¹¹·
393 1870 446 1934 34.
472 1867 657 1935 Concilium
682 1872 851 1957 inceptum
876 1882 925 1935 est
948 1872 1003 1937 die
1025 1872 1064 1937 5⁰
1081 1872 1235 1940 Octobris
1256 1877 1337 1939 anni
1360 1874 1413 1938 869

185 1940 281 2033 silim
304 1967 347 2032 ad
370 1967 469 2032 aedes
492 1966 526 2033 S.
550 1967 709 2054 Sophiae,
734 1968 891 2034 videlicet
913 1971 947 2034 in
972 1969 1232 2036 catechumeniis
1255 1971 1354 2058 hujus
1374 1993 1414 2035 ec·

304 2065 433 2132 clesiae.
480 2067 585 2130 Erant
617 2077 727 2130 autem
760 2066 817 2131 illa
850 2067 1101 2133 catechumenia
1123 2079 1237 2155 portus
1266 2069 1413 2134 eeclesiae

303 2165 487 2250 superiores
510 2165 554 2229 ad
578 2163 748 2229 dexteram
762 2174 890 2251 partem
910 2167 982 2246 sita,
1007 2167 1179 2252 inquibus
1196 2168 1412 2232 catechumeni

303 2263 560 2327 instruebantur.
598 2261 837 2326 Praesidebant
859 2261 959 2338 lereti
983 2263 1125 2328 Romani
1147 2265 1331 2348 Pontificio,
1354 2275 1414 2350 post

302 2361 374 2424 illos
403 2359 625 2445 sequebantur
647 2360 798 2444 ignatius
823 2359 991 2443 CPtanus,
1027 2370 1060 2424 et
1088 2361 1187 2446 legati
1217 2363 1347 2427 sedium
1369 2385 1413 2448 pa·

301 2457 528 2522 triarchaliuur
552 2456 782 2522 Antiochense
807 2469 839 2521 et
862 2458 1193 2543 Hierosolymitanse.
1240 2459 1343 2526 Sedes
1357 2461 1412 2524 An-

302 2554 455 2620 tiocheno
479 2555 636 2635 vacabat,
670 2555 726 2618 sed
751 2577 825 2618 eam
848 2556 1117 2640 repraesentabat
1139 2556 1284 2622 Thomas
1310 2569 1413 2622 metro

301 2654 403 2740 polita
426 2655 517 2738 Tyri.
564 2653 655 2717 lllias
679 2653 853 2739 presbyter
882 2664 952 2717 erat
973 2653 1101 2738 legatus
1124 2653 1304 2720 Theodosii
1329 2658 1412 2742 patri-

301 2752 421 2818 archae
452 2749 773 2835 Hierosolymam,
808 2753 863 2836 qui
897 2753 997 2816 etiam
1029 2777 1049 2816 a
1078 2754 1228 2837 principe
1260 2751 1412 2818 Saracena

300 2850 472 2914 licentiam
503 2857 535 2912 et
559 2850 747 2912 missionem
773 2848 961 2914 obtinuerat
985 2849 1307 2935 Constantinopolim
1331 2849 1411 2936 proli·

301 2947 463 3025 ciscendi,
497 2957 534 3008 ut
562 2945 602 3010 de
634 2948 776 3031 captivis
799 2947 977 3011 reddendis
1001 2960 1122 3032 ageret.
1170 2948 1315 3032 Legatus
1337 2945 1413 3010 sedis

302 3044 565 3122 Alexandrinae,
599 3043 779 3129 Josephus,
812 3044 958 3108 nondum
983 3045 1178 3126 advenerat,
1204 3047 1262 3110 sed
1287 3047 1411 3110 durante

300 3141 435 3227 Synodo
460 3143 561 3206 venit.
597 3140 648 3204 Ex
671 3151 764 3226 parte
780 3141 992 3228 Imperatoris
1016 3142 1125 3228 plures
1149 3145 1281 3228 patricii
1298 3141 1410 3228 synodo

300 3241 492 3324 adfuerunt,
523 3261 604 3324 quos
627 3238 770 3304 Basilius
794 3239 908 3302 adesse
927 3239 1084 3324 jusserat,
1115 3253 1152 3304 ut
1176 3239 1318 3306 Concilii
1340 3239 1412 3304 ordi-

302 3361 378 3404 nem
402 3339 653 3402 moderarentur
685 3347 718 3400 et
747 3339 859 3401 omnia
889 3337 1070 3402 secundum
1090 3339 1177 3423 juris
1199 3338 1332 3422 regulas
1351 3337 1410 3402 lieri

302 3447 464 3502 curarent.
509 3435 601 3499 Inter
633 3457 688 3498 eos
720 3437 844 3521 primas
867 3446 978 3520 partes
1002 3434 1148 3500 habebat
1170 3436 1312 3502 Baanes.
1353 3435 1411 3498 Pri·

302 3556 374 3598 mae
400 3535 532 3597 Actioni
562 3533 781 3598 interfuerunt
811 3543 940 3598 tantum
965 3532 1141 3597 duodecim
1172 3535 1334 3620 episcopi,
1362 3529 1410 3596 sed

301 3635 336 3698 in
359 3631 425 3694 line
446 3631 573 3715 Synodi
597 3631 775 3696 adfuerunt
799 3643 931 3697 centum
956 3641 988 3695 et
1012 3629 1087 3712 duo,
1112 3643 1242 3717 praeter
1257 3632 1408 3718 Ignatiuur

299 3753 340 3794 ac
373 3730 496 3814 legatos
519 3729 614 3794 Sedis
638 3730 807 3794 Romanae
837 3739 870 3794 et
892 3729 1093 3814 reliquarum
1125 3731 1254 3794 sedium
1290 3731 1409 3816 patriar-

301 3827 458 3892 chelium.

391 3926 443 3988 85.
469 3923 610 3988 Concilii
637 3924 721 3988 Acta
745 3925 861 4010 paucis
884 3924 1075 3989 referemus.
1097 3963 1139 3972 --
1163 3923 1203 3989 In
1220 3927 1330 4012 primo
1351 3922 1408 3986 sa-

298 4025 388 4088 sione
416 4022 639 4088 annuentibus
663 4021 779 4107 legatis
802 4021 988 4103 Pontificio,
1018 4022 1123 4086 lectus
1154 4033 1203 4086 est
1232 4044 1334 4087 sermo
1355 4019 1406 4084 lm·

301 4122 461 4207 peratoris
483 4121 526 4184 ad
551 4118 747 4184 Concilium.
795 4119 927 4184 Deinde
955 4119 1054 4205 legati
1069 4119 1284 4206 *protulerunt
1305 4121 1407 4204 episto·

299 4217 365 4282 lam
391 4217 553 4282 Hadriani
579 4217 612 4286 II
637 4219 678 4282 ad
702 4219 958 4305 Imperatorem,
993 4241 1078 4304 quae
1107 4221 1231 4304 pariter
1257 4217 1335 4282 lecta
1355 4225 1407 4279 est.

1444 385 1445 412 t

303 600 482 684 praecipue
510 601 688 683 primatum
712 601 750 666 R.
779 601 950 666 Pontificis
981 604 1230 689 exprimebant,
1263 629 1323 671 nec
1351 619 1407 672 tan

1444 4473 1445 4504 l

1444 4539 1445 4590 l
