3054 4834
370 501 424 556 320
623 501 697 554 XXI.
718 503 755 555 be
774 503 800 556 S.
821 501 953 566 Gregorio
973 501 1027 554 VII
1045 501 1121 556 llam.
1143 503 1284 557 l’ontifice.

371 646 532 708 necessita
558 644 599 708 de
616 645 811 708 s'immiscer
835 644 919 708 (lans
930 643 978 707 les
994 646 1127 708 affaires
1143 646 1348 731 temporelles
1362 664 1392 710 et
1408 647 1482 710 dans

370 743 400 806 ie
423 752 686 824 gouvernement
709 742 767 805 des
792 741 997 827 peuples1).“

461 904 533 968 118.
583 904 674 966 Haec
709 905 863 988 quamvis
888 900 972 985 stylo
1005 903 1094 966 facili
1120 915 1152 966 et
1177 903 1350 988 splendido
1374 903 1479 968 descri-

368 1001 498 1082 bantur,
524 1024 641 1087 parum
666 1012 819 1064 accurate
844 1011 955 1064 armen
980 1013 1181 1066 asseruntur.
1218 1003 1315 1066 Falso
1339 1003 1483 1090 supponit

366 1110 491 1181 auctor,
524 1111 601 1186 post
634 1099 834 1162 destructam
871 1101 1045 1163 simoniam
1082 1111 1113 1162 et
1147 1099 1380 1184 clerogamiam
1417 1099 1483 1164 Gre-

365 1200 495 1282 gorium
510 1197 575 1262 VII
601 1195 744 1260 voluisse
768 1195 899 1260 abolore
917 1199 1158 1278 investituram,
1184 1209 1221 1262 ut
1233 1198 1484 1262 dominationem

366 1294 535 1360 Ecclesiae
560 1298 594 1358 in
619 1296 787 1380 principes
812 1305 844 1356 et
867 1293 1015 1379 populos,
1045 1294 1123 1359 licet
1147 1297 1272 1382 optimo
1298 1319 1410 1382 scopo.
1435 1312 1484 1358 sta-

365 1393 484 1458 biliret.
532 1391 706 1456 Manifesta
731 1393 819 1456 enim
845 1415 887 1454 ex
911 1392 1119 1458 documentis
1144 1392 1323 1478 colligitur,
1358 1415 1485 1480 scopum

365 1491 488 1556 decreti
513 1501 628 1556 contra
651 1493 881 1554 investituram
911 1493 1128 1578 praecipuum
1152 1492 1265 1569 fuisse,
1300 1503 1337 1555 ut
1360 1491 1487 1556 libertas

364 1588 562 1654 electionum
593 1591 829 1668 restitueretur,
867 1599 966 1674 atque
997 1590 1044 1652 ita
1074 1587 1237 1654 abusibus
1262 1592 1426 1656 simoniae
1461 1607 1487 1650 et

364 1685 581 1772 elerogamiae
613 1687 793 1748 efficaciter
826 1686 1028 1750 obviaretur.
1076 1686 1294 1772 Intelligebat
1329 1689 1485 1753 Pontifex.

362 1785 485 1849 abusus
510 1785 581 1848 illos
604 1784 673 1848 tolli
698 1806 764 1848 non
789 1806 893 1869 posse,
921 1785 1080 1869 quamdiu
1105 1787 1316 1864 investitura,
1344 1789 1391 1850 uti
1416 1800 1487 1850 tune

362 1883 587 1964 exercebatur,
617 1893 835 1968 permaneret.
860 1919 902 1928 —
927 1882 1062 1947 Falsum
1086 1905 1182 1970 porro
1207 1895 1266 1963 est,
1293 1883 1486 1969 Gregorinm

361 1980 484 2045 abolita
509 1983 706 2045 investitura
731 1980 872 2044 voluisse
898 1982 1010 2044 omnia
1034 1981 1135 2045 feuda
1160 1979 1403 2062 ecclesiastica,
1434 1998 1487 2044 ter-

361 2081 440 2142 tiam
454 2089 581 2164 partem
595 2079 756 2142 bonorum
771 2077 859 2142 orbis
871 2077 1054 2159 christiani,
1068 2076 1240 2144 Ecclesiae
1250 2081 1299 2143 ita
1309 2081 1486 2144 vindicare.

360 2187 397 2238 ut
412 2198 472 2240 sua
490 2178 569 2262 jura
592 2175 800 2261 principibus
825 2175 995 2241 adimeret.
1029 2175 1187 2241 Poterant
1205 2178 1284 2264 jura
1300 2179 1486 2263 principun

360 2285 392 2336 et
415 2275 525 2338 officia
549 2277 777 2360 episcoporum
801 2295 879 2353 erga
903 2275 1079 2359 imperium
1104 2296 1189 2360 quae
1213 2298 1254 2339 ex
1282 2279 1484 2362 possessione

358 2373 533 2436 feudorum
550 2371 801 2458 proveniebant,
826 2373 977 2457 apprime
1000 2374 1178 2437 consistere
1203 2376 1274 2438 sine
1291 2375 1485 2439 investitura
1509 2379 1510 2396 ³

359 2471 415 2536 illa
431 2494 515 2556 quae
539 2481 618 2536 tunc
643 2468 871 2535 exercebatur.
903 2470 982 2536 dam
1006 2469 1164 2550 vidimus,
1189 2495 1214 2536 s.
1231 2469 1426 2536 Halinardo
1450 2473 1485 2533 ab

359 2567 504 2634 Honrico
517 2568 569 2633 III
587 2569 801 2632 commissum
818 2567 922 2632 fuisse
947 2567 1268 2655 archiepiscopatum
1283 2569 1485 2654 Lugdunen-

358 2689 438 2748 sem,
458 2669 613 2753 quamvis
639 2676 807 2730 recusaret
830 2667 1061 2730 investituram
1082 2667 1234 2750 accipere
1252 2681 1285 2730 et
1298 2667 1484 2733 hominium
1508 2653 1509 2715 l

357 2767 477 2832 facere.
508 2766 669 2830 Poterant
684 2763 851 2849 praesules
867 2763 931 2828 alio
949 2764 1045 2828 modo
1062 2775 1134 2850 post
1149 2764 1348 2830 electionem
1370 2779 1405 2832 et
1421 2791 1484 2831 con·

357 2866 575 2930 secretionem
586 2862 795 2949 principibus
806 2864 1006 2948 promittere,
1022 2885 1055 2926 se
1065 2861 1179 2926 fideles
1189 2861 1317 2928 futuros
1330 2887 1413 2930 esse
1425 2890 1482 2928 sus·

357 2983 422 3048 que
438 2960 670 3026 observaturos
687 2959 797 3024 officia
821 2962 854 3023 in
872 2958 1065 3046 Imperium.
1093 2959 1258 3042 Vidimus,
1284 2960 1481 3050 Gregoriun
1507 2954 1508 3035 l

357 3083 391 3124 se
413 3059 595 3124 ostendisse
619 3080 770 3143 pronum,
808 3069 844 3122 ut
868 3060 1061 3123 conveniret
1089 3081 1164 3123 cum
1196 3060 1420 3144 principibus
1453 3063 1479 3124 dv

357 3158 454 3222 modo
479 3157 708 3236 conveniente,
734 3177 798 3241 quo
818 3157 897 3241 jura
920 3179 1035 3221 eorum
1060 3156 1153 3220 salva
1177 3169 1295 3221 essent.

447 3317 520 3383 119.
552 3317 750 3402 Gregorium
766 3316 836 3380 VII
866 3317 900 3380 in
923 3317 1014 3380 lucta
1039 3328 1152 3380 contra
1176 3318 1404 3386 investituras
1429 3343 1482 3385 non

354 3426 519 3502 spectasse
544 3417 772 3479 extensionem
798 3414 1035 3478 dominationis
1055 3435 1144 3494 suae,
1170 3435 1231 3479 nec
1245 3437 1320 3478 eum
1340 3419 1484 3482 voluisse

348 3515 427 3601 jura
449 3516 640 3600 principum
666 3511 852 3576 convellere
888 3512 941 3576 vel
975 3510 1061 3577 bona
1089 3533 1265 3598 regnorum
1298 3521 1482 3603 acquirere.

352 3612 475 3676 fatetur
509 3611 563 3676 vel
597 3612 668 3696 ipse
704 3609 921 3692 Moshemius,
958 3621 1074 3675 auctor
1102 3619 1286 3696 protestans
1322 3611 1482 3678 Romanis

352 3708 573 3774 Pontificibus
602 3717 768 3772 caeterum
793 3707 892 3772 valde
915 3707 1085 3772 adversus.
1133 3707 1283 3772 Adducit
1312 3709 1419 3794 plura
1448 3711 1481 3774 dr

353 3808 558 3871 investituris
583 3829 624 3870 ex
650 3807 749 3870 citato
776 3827 874 3891 opere
889 3807 1078 3876 Humberti‚
1103 3809 1160 3892 qui
1185 3806 1369 3872 interulis
1394 3811 1481 3874 dicit:
1504 3831 1505 3840 ¹

356 3903 545 3990 Quicttmqoe
573 3927 645 3991 erpo
669 3905 717 3968 dis
741 3903 863 3968 duodus
887 3904 1020 3992 (baculo
1045 3917 1076 3968 et
1097 3904 1234 3990 annulo)
1258 3905 1405 3992 alipium
1429 3910 1481 3972 ini·

353 4005 445 4083 tiaat,
473 4003 687 4088 proculdubio
709 4027 828 4066 omnem
845 4003 1045 4090 pastoralem
1069 4003 1289 4067 auctoretatem
1315 4005 1376 4068 loc
1398 4019 1504 4092 pror-l

425 4291 444 4356 ¹)
464 4289 536 4344 Hist.
556 4289 631 4344 univ.
651 4289 681 4344 L,
702 4289 734 4343 X.
754 4289 793 4342 cb.
815 4287 903 4343 xvn.
923 4287 1055 4358 Gregoire
1074 4287 1137 4342 VII.

1497 4649 1502 4803 l
