<?xml version="1.0" encoding="UTF-8"?>
<!DOCTYPE html PUBLIC "-//W3C//DTD XHTML 1.0 Transitional//EN"
    "http://www.w3.org/TR/xhtml1/DTD/xhtml1-transitional.dtd">
<html xmlns="http://www.w3.org/1999/xhtml" xml:lang="en" lang="en">
 <head>
  <title>
</title>
<meta http-equiv="Content-Type" content="text/html;charset=utf-8" />
  <meta name='ocr-system' content='tesseract 3.04.00' />
  <meta name='ocr-capabilities' content='ocr_page ocr_carea ocr_par ocr_line ocrx_word'/>
</head>
<body>
  <div class='ocr_page' id='page_1' title='image "./dissertationess01junggoog_0452.png"; bbox 0 0 2904 4834; ppageno 0'>
   <div class='ocr_carea' id='block_1_1' title="bbox 312 485 1140 554">
    <p class='ocr_par' dir='ltr' id='par_1_1' title="bbox 312 485 1140 554">
     <span class='ocr_line' id='line_1_1' title="bbox 312 485 1140 554; baseline 0 -14"><span class='ocrx_word' id='word_1_1' title='bbox 312 489 436 541; x_wconf 78' lang='lat' dir='ltr'><strong>Eventus</strong></span> <span class='ocrx_word' id='word_1_2' title='bbox 455 493 516 554; x_wconf 88' lang='lat' dir='ltr'><strong>post</strong></span> <span class='ocrx_word' id='word_1_3' title='bbox 535 487 682 542; x_wconf 83' lang='lat' dir='ltr'><strong>Concilium</strong></span> <span class='ocrx_word' id='word_1_4' title='bbox 701 502 754 541; x_wconf 86' lang='lat' dir='ltr'><strong>ceo.</strong></span> <span class='ocrx_word' id='word_1_5' title='bbox 774 485 848 541; x_wconf 87' lang='lat' dir='ltr'>VIII.</span> <span class='ocrx_word' id='word_1_6' title='bbox 1089 488 1140 540; x_wconf 81' lang='lat'><strong>441</strong></span> 
     </span>
    </p>
   </div>
   <div class='ocr_carea' id='block_1_2' title="bbox 32 629 1307 2870">
    <p class='ocr_par' dir='ltr' id='par_1_2' title="bbox 32 629 1307 2870">
     <span class='ocr_line' id='line_1_2' title="bbox 48 629 1143 712; baseline -0.002 -18"><span class='ocrx_word' id='word_1_7' title='bbox 48 631 127 694; x_wconf 88' lang='lat' dir='ltr'><strong>ribus.</strong></span> <span class='ocrx_word' id='word_1_8' title='bbox 171 629 325 694; x_wconf 84' lang='lat' dir='ltr'>Indicant</span> <span class='ocrx_word' id='word_1_9' title='bbox 347 638 486 712; x_wconf 82' lang='lat' dir='ltr'><strong>tantum,</strong></span> <span class='ocrx_word' id='word_1_10' title='bbox 512 651 588 692; x_wconf 90' lang='lat' dir='ltr'><strong>eum</strong></span> <span class='ocrx_word' id='word_1_11' title='bbox 613 632 645 693; x_wconf 92' lang='lat' dir='ltr'><strong>in</strong></span> <span class='ocrx_word' id='word_1_12' title='bbox 672 629 770 693; x_wconf 89' lang='lat' dir='ltr'><strong>exilio</strong></span> <span class='ocrx_word' id='word_1_13' title='bbox 795 638 960 692; x_wconf 83' lang='lat' dir='ltr'><strong>mortuum</strong></span> <span class='ocrx_word' id='word_1_14' title='bbox 985 651 1073 710; x_wconf 87' lang='lat' dir='ltr'><strong>esse,</strong></span> <span class='ocrx_word' id='word_1_15' title='bbox 1097 640 1143 694; x_wconf 90' lang='lat' dir='ltr'><strong>at·</strong></span> 
     </span>
     <span class='ocr_line' id='line_1_3' title="bbox 46 726 1143 815; baseline -0.001 -22"><span class='ocrx_word' id='word_1_16' title='bbox 46 751 94 814; x_wconf 84' lang='lat' dir='ltr'><strong>qne</strong></span> <span class='ocrx_word' id='word_1_17' title='bbox 118 727 279 814; x_wconf 88' lang='lat' dir='ltr'><strong>sepultum</strong></span> <span class='ocrx_word' id='word_1_18' title='bbox 307 729 343 791; x_wconf 90' lang='lat' dir='ltr'><strong>in</strong></span> <span class='ocrx_word' id='word_1_19' title='bbox 374 726 513 791; x_wconf 85' lang='lat' dir='ltr'><strong>ecclesia</strong></span> <span class='ocrx_word' id='word_1_20' title='bbox 537 727 650 793; x_wconf 81' lang='lat' dir='ltr'>Sancti</span> <span class='ocrx_word' id='word_1_21' title='bbox 674 728 839 792; x_wconf 88' lang='lat' dir='ltr'><strong>Jeremiac</strong></span> <span class='ocrx_word' id='word_1_22' title='bbox 870 728 913 792; x_wconf 88' lang='lat' dir='ltr'><strong>ad</strong></span> <span class='ocrx_word' id='word_1_23' title='bbox 936 727 1143 815; x_wconf 87' lang='lat' dir='ltr'><strong>Mordosugo-</strong></span> 
     </span>
     <span class='ocr_line' id='line_1_4' title="bbox 47 823 1143 912; baseline 0 -24"><span class='ocrx_word' id='word_1_24' title='bbox 47 847 116 907; x_wconf 78' lang='lat' dir='ltr'><strong>run3</strong></span> <span class='ocrx_word' id='word_1_25' title='bbox 139 827 276 912; x_wconf 86' lang='lat' dir='ltr'><strong>ejusque</strong></span> <span class='ocrx_word' id='word_1_26' title='bbox 299 847 387 888; x_wconf 89' lang='lat' dir='ltr'><strong>mors</strong></span> <span class='ocrx_word' id='word_1_27' title='bbox 411 825 572 889; x_wconf 87' lang='lat' dir='ltr'><strong>accidisse</strong></span> <span class='ocrx_word' id='word_1_28' title='bbox 595 825 737 889; x_wconf 86' lang='lat' dir='ltr'><strong>traditur</strong></span> <span class='ocrx_word' id='word_1_29' title='bbox 757 824 810 889; x_wconf 91' lang='lat' dir='ltr'><strong>die</strong></span> <span class='ocrx_word' id='word_1_30' title='bbox 826 825 859 888; x_wconf 84' lang='lat'><strong>6⁰</strong></span> <span class='ocrx_word' id='word_1_31' title='bbox 875 823 1048 889; x_wconf 80' lang='lat' dir='ltr'><strong>Februarii</strong></span> <span class='ocrx_word' id='word_1_32' title='bbox 1064 828 1143 890; x_wconf 86' lang='lat' dir='ltr'><strong>anni</strong></span> 
     </span>
     <span class='ocr_line' id='line_1_5' title="bbox 46 922 1143 1009; baseline -0.003 -21"><span class='ocrx_word' id='word_1_33' title='bbox 46 925 102 989; x_wconf 78' lang='lat' dir='ltr'><strong>sel.</strong></span> <span class='ocrx_word' id='word_1_34' title='bbox 144 923 287 988; x_wconf 85' lang='lat' dir='ltr'><strong>Videtur</strong></span> <span class='ocrx_word' id='word_1_35' title='bbox 317 933 427 987; x_wconf 90' lang='lat' dir='ltr'><strong>autem</strong></span> <span class='ocrx_word' id='word_1_36' title='bbox 458 922 596 987; x_wconf 88' lang='lat' dir='ltr'><strong>Photius</strong></span> <span class='ocrx_word' id='word_1_37' title='bbox 628 945 856 1009; x_wconf 87' lang='lat' dir='ltr'><strong>perseverasse</strong></span> <span class='ocrx_word' id='word_1_38' title='bbox 888 923 922 986; x_wconf 92' lang='lat' dir='ltr'><strong>in</strong></span> <span class='ocrx_word' id='word_1_39' title='bbox 956 945 1015 985; x_wconf 89' lang='lat' dir='ltr'><strong>sua</strong></span> <span class='ocrx_word' id='word_1_40' title='bbox 1047 924 1143 1008; x_wconf 92' lang='lat' dir='ltr'><strong>perti-</strong></span> 
     </span>
     <span class='ocr_line' id='line_1_6' title="bbox 45 1021 1307 1107; baseline -0.002 -22"><span class='ocrx_word' id='word_1_41' title='bbox 45 1024 120 1086; x_wconf 84' lang='lat' dir='ltr'><strong>nacia</strong></span> <span class='ocrx_word' id='word_1_42' title='bbox 142 1031 242 1107; x_wconf 84' lang='lat' dir='ltr'><strong>atque</strong></span> <span class='ocrx_word' id='word_1_43' title='bbox 266 1022 301 1084; x_wconf 91' lang='lat' dir='ltr'><strong>in</strong></span> <span class='ocrx_word' id='word_1_44' title='bbox 325 1043 383 1085; x_wconf 89' lang='lat' dir='ltr'><strong>suo</strong></span> <span class='ocrx_word' id='word_1_45' title='bbox 417 1041 525 1085; x_wconf 88' lang='lat' dir='ltr'><strong>errore</strong></span> <span class='ocrx_word' id='word_1_46' title='bbox 557 1021 598 1085; x_wconf 90' lang='lat' dir='ltr'><strong>de</strong></span> <span class='ocrx_word' id='word_1_47' title='bbox 622 1022 765 1106; x_wconf 82' lang='lat' dir='ltr'><strong>Spiritus</strong></span> <span class='ocrx_word' id='word_1_48' title='bbox 788 1021 900 1086; x_wconf 80' lang='lat' dir='ltr'><strong>Sancti</strong></span> <span class='ocrx_word' id='word_1_49' title='bbox 925 1021 1143 1106; x_wconf 87' lang='lat' dir='ltr'><strong>processione,</strong></span> <span class='ocrx_word' id='word_1_50' title='bbox 1153 1025 1227 1066; x_wconf 66' lang='lat' dir='ltr'><strong>¹³¹¹0t¹¹</strong></span> <span class='ocrx_word' id='word_1_51' title='bbox 1236 1023 1307 1066; x_wconf 70' lang='lat'><strong>⁰⁸¹¹⁰⁵</strong></span> 
     </span>
     <span class='ocr_line' id='line_1_7' title="bbox 45 1117 1145 1206; baseline -0.001 -24"><span class='ocrx_word' id='word_1_52' title='bbox 45 1123 94 1183; x_wconf 82' lang='lat' dir='ltr'><strong>luo</strong></span> <span class='ocrx_word' id='word_1_53' title='bbox 114 1119 204 1184; x_wconf 91' lang='lat' dir='ltr'><strong>hunc</strong></span> <span class='ocrx_word' id='word_1_54' title='bbox 227 1139 371 1182; x_wconf 88' lang='lat' dir='ltr'><strong>errorem</strong></span> <span class='ocrx_word' id='word_1_55' title='bbox 395 1141 454 1205; x_wconf 93' lang='lat' dir='ltr'><strong>pro</strong></span> <span class='ocrx_word' id='word_1_56' title='bbox 479 1118 608 1183; x_wconf 88' lang='lat' dir='ltr'><strong>viribus</strong></span> <span class='ocrx_word' id='word_1_57' title='bbox 628 1141 837 1206; x_wconf 81' lang='lat' dir='ltr'><strong>propagasse.</strong></span> <span class='ocrx_word' id='word_1_58' title='bbox 868 1117 1039 1184; x_wconf 79' lang='lat' dir='ltr'><strong>Sententia</strong></span> <span class='ocrx_word' id='word_1_59' title='bbox 1063 1117 1145 1181; x_wconf 87' lang='lat' dir='ltr'><strong>haec</strong></span> 
     </span>
     <span class='ocr_line' id='line_1_8' title="bbox 44 1215 1145 1304; baseline -0.001 -24"><span class='ocrx_word' id='word_1_60' title='bbox 44 1219 119 1281; x_wconf 89' lang='lat' dir='ltr'><strong>initio</strong></span> <span class='ocrx_word' id='word_1_61' title='bbox 149 1216 274 1282; x_wconf 90' lang='lat' dir='ltr'><strong>saeculi</strong></span> <span class='ocrx_word' id='word_1_62' title='bbox 306 1215 427 1280; x_wconf 83' lang='lat' dir='ltr'><strong>decimi</strong></span> <span class='ocrx_word' id='word_1_63' title='bbox 453 1215 738 1304; x_wconf 86' lang='lat' dir='ltr'><strong>Constantinopoli</strong></span> <span class='ocrx_word' id='word_1_64' title='bbox 769 1240 789 1280; x_wconf 92' lang='lat' dir='ltr'><strong>a</strong></span> <span class='ocrx_word' id='word_1_65' title='bbox 819 1215 931 1280; x_wconf 88' lang='lat' dir='ltr'><strong>multis</strong></span> <span class='ocrx_word' id='word_1_66' title='bbox 961 1215 1145 1296; x_wconf 87' lang='lat' dir='ltr'><strong>tenebatur,</strong></span> 
     </span>
     <span class='ocr_line' id='line_1_9' title="bbox 44 1313 1146 1400; baseline -0.002 -22"><span class='ocrx_word' id='word_1_67' title='bbox 44 1315 113 1378; x_wconf 88' lang='lat' dir='ltr'><strong>mde</strong></span> <span class='ocrx_word' id='word_1_68' title='bbox 136 1316 272 1398; x_wconf 84' lang='lat' dir='ltr'><strong>Sergius</strong></span> <span class='ocrx_word' id='word_1_69' title='bbox 297 1313 357 1395; x_wconf 93' lang='grc' dir='ltr'><strong>ΙΙΙ,</strong></span> <span class='ocrx_word' id='word_1_70' title='bbox 391 1337 489 1400; x_wconf 87' lang='lat' dir='ltr'><strong>quem</strong></span> <span class='ocrx_word' id='word_1_71' title='bbox 523 1314 586 1378; x_wconf 89' lang='lat' dir='ltr'><strong>hac</strong></span> <span class='ocrx_word' id='word_1_72' title='bbox 620 1315 660 1379; x_wconf 89' lang='lat' dir='ltr'><strong>de</strong></span> <span class='ocrx_word' id='word_1_73' title='bbox 692 1337 726 1379; x_wconf 91' lang='lat' dir='ltr'><strong>re</strong></span> <span class='ocrx_word' id='word_1_74' title='bbox 755 1316 927 1378; x_wconf 80' lang='lat' dir='ltr'><strong>certiorem</strong></span> <span class='ocrx_word' id='word_1_75' title='bbox 950 1313 1074 1377; x_wconf 89' lang='lat' dir='ltr'><strong>factum</strong></span> <span class='ocrx_word' id='word_1_76' title='bbox 1100 1314 1146 1377; x_wconf 88' lang='lat' dir='ltr'><strong>di-</strong></span> 
     </span>
     <span class='ocr_line' id='line_1_10' title="bbox 44 1411 1147 1498; baseline -0.001 -23"><span class='ocrx_word' id='word_1_77' title='bbox 44 1415 115 1476; x_wconf 83' lang='lat' dir='ltr'><strong>xeris</strong></span> <span class='ocrx_word' id='word_1_78' title='bbox 136 1435 155 1476; x_wconf 88' lang='lat' dir='ltr'><strong>s</strong></span> <span class='ocrx_word' id='word_1_79' title='bbox 178 1413 297 1498; x_wconf 85' lang='lat' dir='ltr'><strong>legatis</strong></span> <span class='ocrx_word' id='word_1_80' title='bbox 321 1415 389 1477; x_wconf 87' lang='lat' dir='ltr'><strong>suis</strong></span> <span class='ocrx_word' id='word_1_81' title='bbox 416 1435 504 1476; x_wconf 90' lang='lat' dir='ltr'><strong>anno</strong></span> <span class='ocrx_word' id='word_1_82' title='bbox 529 1413 594 1477; x_wconf 84' lang='lat'><strong>906</strong></span> <span class='ocrx_word' id='word_1_83' title='bbox 622 1413 675 1478; x_wconf 90' lang='lat' dir='ltr'><strong>vel</strong></span> <span class='ocrx_word' id='word_1_84' title='bbox 696 1413 760 1477; x_wconf 76' lang='lat'><strong>907</strong></span> <span class='ocrx_word' id='word_1_85' title='bbox 787 1411 1072 1497; x_wconf 79' lang='lat' dir='ltr'><strong>Constantinopoli</strong></span> <span class='ocrx_word' id='word_1_86' title='bbox 1100 1433 1147 1474; x_wconf 93' lang='lat' dir='ltr'><strong>re·</strong></span> 
     </span>
     <span class='ocr_line' id='line_1_11' title="bbox 45 1508 1148 1596; baseline 0.001 -25"><span class='ocrx_word' id='word_1_87' title='bbox 45 1510 246 1590; x_wconf 71' lang='lat' dir='ltr'><strong>tenentibus,</strong></span> <span class='ocrx_word' id='word_1_88' title='bbox 281 1513 454 1596; x_wconf 89' lang='lat' dir='ltr'><strong>episcopos</strong></span> <span class='ocrx_word' id='word_1_89' title='bbox 478 1511 682 1575; x_wconf 85' lang='lat' dir='ltr'><strong>Francorum</strong></span> <span class='ocrx_word' id='word_1_90' title='bbox 711 1512 840 1574; x_wconf 90' lang='lat' dir='ltr'><strong>monuit</strong></span> <span class='ocrx_word' id='word_1_91' title='bbox 857 1510 957 1596; x_wconf 85' lang='lat' dir='ltr'><strong>juxta</strong></span> <span class='ocrx_word' id='word_1_92' title='bbox 979 1508 1107 1573; x_wconf 89' lang='lat' dir='ltr'><strong>Nicolai</strong></span> <span class='ocrx_word' id='word_1_93' title='bbox 1131 1510 1148 1572; x_wconf 95' lang='lat' dir='ltr'>I</span> 
     </span>
     <span class='ocr_line' id='line_1_12' title="bbox 42 1608 1148 1694; baseline 0 -24"><span class='ocrx_word' id='word_1_94' title='bbox 42 1609 231 1694; x_wconf 81' lang='lat' dir='ltr'><strong>exemplum,</strong></span> <span class='ocrx_word' id='word_1_95' title='bbox 267 1619 303 1673; x_wconf 90' lang='lat' dir='ltr'><strong>ut</strong></span> <span class='ocrx_word' id='word_1_96' title='bbox 327 1609 416 1673; x_wconf 90' lang='lat' dir='ltr'><strong>hunc</strong></span> <span class='ocrx_word' id='word_1_97' title='bbox 440 1631 583 1673; x_wconf 91' lang='lat' dir='ltr'><strong>errorem</strong></span> <span class='ocrx_word' id='word_1_98' title='bbox 607 1609 719 1673; x_wconf 89' lang='lat' dir='ltr'><strong>sedulo</strong></span> <span class='ocrx_word' id='word_1_99' title='bbox 745 1610 870 1673; x_wconf 91' lang='lat' dir='ltr'><strong>evitent</strong></span> <span class='ocrx_word' id='word_1_100' title='bbox 898 1617 998 1693; x_wconf 90' lang='lat' dir='ltr'><strong>atque</strong></span> <span class='ocrx_word' id='word_1_101' title='bbox 1021 1608 1148 1692; x_wconf 88' lang='lat' dir='ltr'><strong>impug-</strong></span> 
     </span>
     <span class='ocr_line' id='line_1_13' title="bbox 43 1705 1149 1793; baseline -0.001 -24"><span class='ocrx_word' id='word_1_102' title='bbox 43 1715 117 1770; x_wconf 81' lang='lat' dir='ltr'><strong>nent</strong></span> <span class='ocrx_word' id='word_1_103' title='bbox 159 1706 199 1771; x_wconf 93' lang='lat' dir='ltr'><strong>Id</strong></span> <span class='ocrx_word' id='word_1_104' title='bbox 233 1706 398 1792; x_wconf 87' lang='lat' dir='ltr'><strong>colligitur</strong></span> <span class='ocrx_word' id='word_1_105' title='bbox 431 1729 473 1770; x_wconf 86' lang='lat' dir='ltr'><strong>ex</strong></span> <span class='ocrx_word' id='word_1_106' title='bbox 506 1707 600 1771; x_wconf 87' lang='lat' dir='ltr'><strong>Actis</strong></span> <span class='ocrx_word' id='word_1_107' title='bbox 632 1707 847 1793; x_wconf 86' lang='lat' dir='ltr'><strong>Troslejensis</strong></span> <span class='ocrx_word' id='word_1_108' title='bbox 877 1705 1026 1787; x_wconf 82' lang='lat' dir='ltr'><strong>concilii,</strong></span> <span class='ocrx_word' id='word_1_109' title='bbox 1060 1705 1149 1790; x_wconf 91' lang='lat' dir='ltr'><strong>quod</strong></span> 
     </span>
     <span class='ocr_line' id='line_1_14' title="bbox 42 1801 1148 1890; baseline -0.001 -24"><span class='ocrx_word' id='word_1_110' title='bbox 42 1825 139 1868; x_wconf 84' lang='lat' dir='ltr'><strong>manse</strong></span> <span class='ocrx_word' id='word_1_111' title='bbox 170 1805 274 1870; x_wconf 90' lang='lat' dir='ltr'><strong>Junio</strong></span> <span class='ocrx_word' id='word_1_112' title='bbox 312 1807 391 1869; x_wconf 92' lang='lat' dir='ltr'><strong>anni</strong></span> <span class='ocrx_word' id='word_1_113' title='bbox 432 1805 497 1869; x_wconf 87' lang='lat'><strong>909</strong></span> <span class='ocrx_word' id='word_1_114' title='bbox 533 1805 685 1890; x_wconf 87' lang='lat' dir='ltr'><strong>praeside</strong></span> <span class='ocrx_word' id='word_1_115' title='bbox 717 1805 862 1868; x_wconf 88' lang='lat' dir='ltr'><strong>Herivco</strong></span> <span class='ocrx_word' id='word_1_116' title='bbox 900 1801 1148 1888; x_wconf 87' lang='lat' dir='ltr'><strong>archiepiscopo</strong></span> 
     </span>
     <span class='ocr_line' id='line_1_15' title="bbox 42 1899 1149 1985; baseline 0 -22"><span class='ocrx_word' id='word_1_117' title='bbox 42 1901 203 1966; x_wconf 83' lang='lat' dir='ltr'><strong>Rhemensi</strong></span> <span class='ocrx_word' id='word_1_118' title='bbox 227 1902 381 1967; x_wconf 89' lang='lat' dir='ltr'><strong>habitum</strong></span> <span class='ocrx_word' id='word_1_119' title='bbox 405 1913 463 1967; x_wconf 90' lang='lat' dir='ltr'><strong>est.</strong></span> <span class='ocrx_word' id='word_1_120' title='bbox 495 1903 535 1966; x_wconf 92' lang='lat' dir='ltr'><strong>In</strong></span> <span class='ocrx_word' id='word_1_121' title='bbox 559 1902 654 1967; x_wconf 83' lang='lat' dir='ltr'><strong>Actis</strong></span> <span class='ocrx_word' id='word_1_122' title='bbox 677 1902 768 1966; x_wconf 89' lang='lat' dir='ltr'><strong>hisce</strong></span> <span class='ocrx_word' id='word_1_123' title='bbox 792 1903 881 1965; x_wconf 89' lang='lat' dir='ltr'><strong>enim</strong></span> <span class='ocrx_word' id='word_1_124' title='bbox 904 1900 1039 1985; x_wconf 88' lang='lat' dir='ltr'><strong>legitur:</strong></span> <span class='ocrx_word' id='word_1_125' title='bbox 1065 1899 1149 1964; x_wconf 80' lang='lat' dir='ltr'><strong>Sane</strong></span> 
     </span>
     <span class='ocr_line' id='line_1_16' title="bbox 40 1997 1149 2088; baseline -0.001 -27"><span class='ocrx_word' id='word_1_126' title='bbox 40 2002 107 2084; x_wconf 74' lang='lat' dir='ltr'><strong>puio</strong></span> <span class='ocrx_word' id='word_1_127' title='bbox 128 2003 264 2065; x_wconf 75' lang='lat' dir='ltr'><strong>innotuit</strong></span> <span class='ocrx_word' id='word_1_128' title='bbox 287 2000 323 2088; x_wconf 89' lang='lat' dir='ltr'><strong>(i.</strong></span> <span class='ocrx_word' id='word_1_129' title='bbox 348 2021 376 2064; x_wconf 90' lang='lat' dir='ltr'><strong>e.</strong></span> <span class='ocrx_word' id='word_1_130' title='bbox 407 2010 521 2064; x_wconf 88' lang='lat' dir='ltr'><strong>notum</strong></span> <span class='ocrx_word' id='word_1_131' title='bbox 546 1999 638 2086; x_wconf 89' lang='lat' dir='ltr'><strong>fecit)</strong></span> <span class='ocrx_word' id='word_1_132' title='bbox 661 2000 752 2064; x_wconf 77' lang='lat' dir='ltr'><strong>achis</strong></span> <span class='ocrx_word' id='word_1_133' title='bbox 777 1998 809 2064; x_wconf 86' lang='lat' dir='ltr'><strong>S.</strong></span> <span class='ocrx_word' id='word_1_134' title='bbox 835 1997 932 2063; x_wconf 86' lang='lat' dir='ltr'><strong>Sedes</strong></span> <span class='ocrx_word' id='word_1_135' title='bbox 953 1997 1149 2084; x_wconf 85' lang='lat' dir='ltr'><strong>Apostolicc,</strong></span> 
     </span>
     <span class='ocr_line' id='line_1_17' title="bbox 41 2096 1150 2187; baseline -0.003 -25"><span class='ocrx_word' id='word_1_136' title='bbox 41 2096 130 2161; x_wconf 57' lang='lat' dir='ltr'><strong>educ</strong></span> <span class='ocrx_word' id='word_1_137' title='bbox 160 2121 282 2162; x_wconf 79' lang='lat' dir='ltr'><strong>errores</strong></span> <span class='ocrx_word' id='word_1_138' title='bbox 321 2097 589 2186; x_wconf 71' lang='lat' dir='ltr'><strong>blasphemiasque</strong></span> <span class='ocrx_word' id='word_1_139' title='bbox 629 2099 792 2187; x_wconf 82' lang='lat' dir='ltr'><strong>cujusdam</strong></span> <span class='ocrx_word' id='word_1_140' title='bbox 831 2099 933 2183; x_wconf 74' lang='lat' dir='ltr'><strong>cipere</strong></span> <span class='ocrx_word' id='word_1_141' title='bbox 969 2097 1075 2160; x_wconf 75' lang='lat' dir='ltr'><strong>Pharii</strong></span> <span class='ocrx_word' id='word_1_142' title='bbox 1115 2099 1150 2160; x_wconf 85' lang='lat' dir='ltr'><strong>iu</strong></span> 
     </span>
     <span class='ocr_line' id='line_1_18' title="bbox 35 2193 1152 2282; baseline -0.001 -24"><span class='ocrx_word' id='word_1_143' title='bbox 35 2196 172 2278; x_wconf 77' lang='lat' dir='ltr'><strong>portibus</strong></span> <span class='ocrx_word' id='word_1_144' title='bbox 192 2197 330 2260; x_wconf 59' lang='lat' dir='ltr'><strong>Mentis</strong></span> <span class='ocrx_word' id='word_1_145' title='bbox 353 2198 388 2260; x_wconf 81' lang='lat' dir='ltr'><strong>in</strong></span> <span class='ocrx_word' id='word_1_146' title='bbox 403 2195 558 2282; x_wconf 81' lang='lat' dir='ltr'><strong>Spiritum</strong></span> <span class='ocrx_word' id='word_1_147' title='bbox 573 2195 731 2274; x_wconf 80' lang='lat' dir='ltr'><strong>Sanctum,</strong></span> <span class='ocrx_word' id='word_1_148' title='bbox 756 2195 840 2282; x_wconf 81' lang='lat' dir='ltr'><strong>quod</strong></span> <span class='ocrx_word' id='word_1_149' title='bbox 857 2218 921 2259; x_wconf 83' lang='lat' dir='ltr'><strong>aon</strong></span> <span class='ocrx_word' id='word_1_150' title='bbox 945 2218 965 2258; x_wconf 85' lang='lat' dir='ltr'><strong>a</strong></span> <span class='ocrx_word' id='word_1_151' title='bbox 979 2193 1063 2258; x_wconf 69' lang='lat' dir='ltr'><strong>Filio</strong></span> <span class='ocrx_word' id='word_1_152' title='bbox 1087 2195 1152 2258; x_wconf 83' lang='lat' dir='ltr'><strong>uisi</strong></span> 
     </span>
     <span class='ocr_line' id='line_1_19' title="bbox 41 2294 1152 2380; baseline 0.001 -27"><span class='ocrx_word' id='word_1_153' title='bbox 41 2294 168 2356; x_wconf 83' lang='lat' dir='ltr'><strong>cPotra</strong></span> <span class='ocrx_word' id='word_1_154' title='bbox 192 2304 313 2356; x_wconf 72' lang='lat' dir='ltr'><strong>tanaim</strong></span> <span class='ocrx_word' id='word_1_155' title='bbox 330 2294 504 2380; x_wconf 85' lang='lat' dir='ltr'><strong>procedat,</strong></span> <span class='ocrx_word' id='word_1_156' title='bbox 534 2295 798 2380; x_wconf 76' lang='lat' dir='ltr'><strong>blasphemantis:</strong></span> <span class='ocrx_word' id='word_1_157' title='bbox 827 2295 987 2357; x_wconf 76' lang='lat' dir='ltr'><strong>kortamur</strong></span> <span class='ocrx_word' id='word_1_158' title='bbox 1017 2303 1152 2356; x_wconf 82' lang='lat' dir='ltr'><strong>vestram</strong></span> 
     </span>
     <span class='ocr_line' id='line_1_20' title="bbox 35 2389 1154 2471; baseline 0.001 -21"><span class='ocrx_word' id='word_1_159' title='bbox 35 2389 273 2471; x_wconf 73' lang='lat' dir='ltr'><strong>fraternitatem,</strong></span> <span class='ocrx_word' id='word_1_160' title='bbox 296 2415 362 2455; x_wconf 76' lang='lat' dir='ltr'><strong>rina</strong></span> <span class='ocrx_word' id='word_1_161' title='bbox 384 2416 501 2456; x_wconf 85' lang='lat' dir='ltr'><strong>mecam</strong></span> <span class='ocrx_word' id='word_1_162' title='bbox 523 2403 559 2456; x_wconf 84' lang='lat' dir='ltr'><strong>ut</strong></span> <span class='ocrx_word' id='word_1_163' title='bbox 581 2392 749 2456; x_wconf 80' lang='lat' dir='ltr'><strong>secrscdum</strong></span> <span class='ocrx_word' id='word_1_164' title='bbox 763 2392 1008 2455; x_wconf 76' lang='lat' dir='ltr'><strong>admonitionem</strong></span> <span class='ocrx_word' id='word_1_165' title='bbox 1021 2391 1154 2454; x_wconf 83' lang='lat' dir='ltr'><strong>Domini</strong></span> 
     </span>
     <span class='ocr_line' id='line_1_21' title="bbox 41 2487 1152 2577; baseline 0 -27"><span class='ocrx_word' id='word_1_166' title='bbox 41 2489 193 2552; x_wconf 78' lang='lat' dir='ltr'><strong>Romanae</strong></span> <span class='ocrx_word' id='word_1_167' title='bbox 216 2488 324 2567; x_wconf 80' lang='lat' dir='ltr'><strong>Sedis,</strong></span> <span class='ocrx_word' id='word_1_168' title='bbox 348 2490 467 2577; x_wconf 71' lang='lat' dir='ltr'><strong>cippati</strong></span> <span class='ocrx_word' id='word_1_169' title='bbox 489 2501 643 2570; x_wconf 80' lang='lat' dir='ltr'><strong>nostrum,</strong></span> <span class='ocrx_word' id='word_1_170' title='bbox 666 2491 844 2577; x_wconf 77' lang='lat' dir='ltr'><strong>perspectis</strong></span> <span class='ocrx_word' id='word_1_171' title='bbox 872 2491 1002 2553; x_wconf 79' lang='lat' dir='ltr'><strong>Petrum</strong></span> <span class='ocrx_word' id='word_1_172' title='bbox 1026 2487 1152 2552; x_wconf 75' lang='lat' dir='ltr'><strong>catholi-</strong></span> 
     </span>
     <span class='ocr_line' id='line_1_22' title="bbox 39 2585 1152 2674; baseline 0.001 -26"><span class='ocrx_word' id='word_1_173' title='bbox 39 2609 133 2650; x_wconf 82' lang='lat' dir='ltr'><strong>corum</strong></span> <span class='ocrx_word' id='word_1_174' title='bbox 157 2589 329 2666; x_wconf 73' lang='lat' dir='ltr'><strong>amteatiis,</strong></span> <span class='ocrx_word' id='word_1_175' title='bbox 354 2588 392 2652; x_wconf 87' lang='lat' dir='ltr'><strong>de</strong></span> <span class='ocrx_word' id='word_1_176' title='bbox 416 2589 544 2652; x_wconf 81' lang='lat' dir='ltr'><strong>diuinae</strong></span> <span class='ocrx_word' id='word_1_177' title='bbox 561 2585 745 2674; x_wconf 69' lang='lat' dir='ltr'><strong>Scripturas</strong></span> <span class='ocrx_word' id='word_1_178' title='bbox 763 2588 926 2674; x_wconf 80' lang='lat' dir='ltr'><strong>pharetris</strong></span> <span class='ocrx_word' id='word_1_179' title='bbox 946 2598 1057 2650; x_wconf 84' lang='lat' dir='ltr'><strong>cactos</strong></span> <span class='ocrx_word' id='word_1_180' title='bbox 1074 2609 1152 2672; x_wconf 88' lang='lat' dir='ltr'><strong>pro·</strong></span> 
     </span>
     <span class='ocr_line' id='line_1_23' title="bbox 32 2683 1155 2772; baseline -0.005 -20"><span class='ocrx_word' id='word_1_181' title='bbox 32 2683 169 2764; x_wconf 70' lang='lat' dir='ltr'><strong>,faama</strong></span> <span class='ocrx_word' id='word_1_182' title='bbox 192 2687 326 2771; x_wconf 70' lang='lat' dir='ltr'><strong>rapinas</strong></span> <span class='ocrx_word' id='word_1_183' title='bbox 346 2687 503 2772; x_wconf 74' lang='lat' dir='ltr'><strong>poteritis,</strong></span> <span class='ocrx_word' id='word_1_184' title='bbox 528 2686 572 2750; x_wconf 86' lang='lat' dir='ltr'><strong>ud</strong></span> <span class='ocrx_word' id='word_1_185' title='bbox 595 2685 840 2772; x_wconf 79' lang='lat' dir='ltr'><strong>confodiendam</strong></span> <span class='ocrx_word' id='word_1_186' title='bbox 864 2683 998 2749; x_wconf 84' lang='lat' dir='ltr'><strong>belluam</strong></span> <span class='ocrx_word' id='word_1_187' title='bbox 1021 2685 1155 2747; x_wconf 79' lang='lat' dir='ltr'><strong>monstri</strong></span> 
     </span>
     <span class='ocr_line' id='line_1_24' title="bbox 39 2781 1050 2870; baseline 0.003 -28"><span class='ocrx_word' id='word_1_188' title='bbox 39 2786 229 2866; x_wconf 74' lang='lat' dir='ltr'><strong>renascentis,</strong></span> <span class='ocrx_word' id='word_1_189' title='bbox 255 2794 285 2848; x_wconf 87' lang='lat' dir='ltr'><strong>et</strong></span> <span class='ocrx_word' id='word_1_190' title='bbox 308 2784 528 2848; x_wconf 78' lang='lat' dir='ltr'><strong>conterendum</strong></span> <span class='ocrx_word' id='word_1_191' title='bbox 551 2795 647 2870; x_wconf 83' lang='lat' dir='ltr'><strong>caput</strong></span> <span class='ocrx_word' id='word_1_192' title='bbox 668 2784 832 2848; x_wconf 62' lang='lat' dir='ltr'><strong>uocisnmi</strong></span> <span class='ocrx_word' id='word_1_193' title='bbox 855 2784 1017 2868; x_wconf 78' lang='lat' dir='ltr'><strong>serpentis.</strong></span> <span class='ocrx_word' id='word_1_194' title='bbox 1025 2781 1050 2864; x_wconf 80' lang='lat'><strong>¹)</strong></span> 
     </span>
    </p>
   </div>
   <div class='ocr_carea' id='block_1_3' title="bbox 33 2923 1308 3986">
    <p class='ocr_par' dir='ltr' id='par_1_3' title="bbox 33 2923 1308 3986">
     <span class='ocr_line' id='line_1_25' title="bbox 123 2923 1308 3009; baseline 0 -23"><span class='ocrx_word' id='word_1_195' title='bbox 123 2925 193 2991; x_wconf 80' lang='lat'>135.</span> <span class='ocrx_word' id='word_1_196' title='bbox 219 2925 358 2990; x_wconf 86' lang='lat' dir='ltr'><strong>Saeculo</strong></span> <span class='ocrx_word' id='word_1_197' title='bbox 390 2925 518 2992; x_wconf 87' lang='lat' dir='ltr'><strong>decimo</strong></span> <span class='ocrx_word' id='word_1_198' title='bbox 551 2935 662 2992; x_wconf 86' lang='lat' dir='ltr'><strong>tamen</strong></span> <span class='ocrx_word' id='word_1_199' title='bbox 687 2925 806 2990; x_wconf 87' lang='lat' dir='ltr'><strong>Graeci</strong></span> <span class='ocrx_word' id='word_1_200' title='bbox 837 2933 929 3009; x_wconf 86' lang='lat' dir='ltr'><strong>gesta</strong></span> <span class='ocrx_word' id='word_1_201' title='bbox 958 2923 1067 2987; x_wconf 92' lang='lat' dir='ltr'><strong>Phot&#39;</strong></span> <span class='ocrx_word' id='word_1_202' title='bbox 1032 2933 1069 2986; x_wconf 84' lang='lat' dir='ltr'><strong>tn</strong></span> <span class='ocrx_word' id='word_1_203' title='bbox 1099 2931 1308 3008; x_wconf 70' lang='lat' dir='ltr'><strong>po·1’llotiiumr</strong></span> 
     </span>
     <span class='ocr_line' id='line_1_26' title="bbox 38 3003 1278 3106; baseline 0.004 -27"><span class='ocrx_word' id='word_1_204' title='bbox 38 3022 98 3084; x_wconf 84' lang='lat' dir='ltr'><strong>tius</strong></span> <span class='ocrx_word' id='word_1_205' title='bbox 120 3022 279 3087; x_wconf 91' lang='lat' dir='ltr'><strong>oblivioni</strong></span> <span class='ocrx_word' id='word_1_206' title='bbox 305 3022 434 3087; x_wconf 87' lang='lat' dir='ltr'><strong>tradere</strong></span> <span class='ocrx_word' id='word_1_207' title='bbox 458 3034 490 3088; x_wconf 91' lang='lat' dir='ltr'><strong>et</strong></span> <span class='ocrx_word' id='word_1_208' title='bbox 512 3023 642 3087; x_wconf 87' lang='lat' dir='ltr'><strong>silentio</strong></span> <span class='ocrx_word' id='word_1_209' title='bbox 664 3034 773 3106; x_wconf 85' lang='lat' dir='ltr'><strong>tegere</strong></span> <span class='ocrx_word' id='word_1_210' title='bbox 790 3022 996 3102; x_wconf 85' lang='lat' dir='ltr'><strong>studuerunt,</strong></span> <span class='ocrx_word' id='word_1_211' title='bbox 1020 3020 1062 3085; x_wconf 93' lang='lat' dir='ltr'><strong>ob</strong></span> <span class='ocrx_word' id='word_1_212' title='bbox 1088 3020 1153 3084; x_wconf 89' lang='lat' dir='ltr'><strong>luo·</strong></span> <span class='ocrx_word' id='word_1_213' title='bbox 1205 3003 1278 3033; x_wconf 58' lang='grc' dir='ltr'><strong>Μ’</strong></span> 
     </span>
     <span class='ocr_line' id='line_1_27' title="bbox 37 3117 1154 3206; baseline 0.003 -28"><span class='ocrx_word' id='word_1_214' title='bbox 37 3128 100 3180; x_wconf 87' lang='lat' dir='ltr'><strong>tam</strong></span> <span class='ocrx_word' id='word_1_215' title='bbox 131 3121 202 3206; x_wconf 90' lang='lat' dir='ltr'><strong>ejus</strong></span> <span class='ocrx_word' id='word_1_216' title='bbox 235 3119 396 3185; x_wconf 88' lang='lat' dir='ltr'><strong>adversus</strong></span> <span class='ocrx_word' id='word_1_217' title='bbox 427 3119 460 3186; x_wconf 90' lang='lat' dir='ltr'><strong>S.</strong></span> <span class='ocrx_word' id='word_1_218' title='bbox 494 3119 679 3205; x_wconf 81' lang='lat' dir='ltr'><strong>Ignatium‚</strong></span> <span class='ocrx_word' id='word_1_219' title='bbox 718 3131 816 3206; x_wconf 87' lang='lat' dir='ltr'><strong>atque</strong></span> <span class='ocrx_word' id='word_1_220' title='bbox 850 3119 911 3183; x_wconf 91' lang='lat' dir='ltr'><strong>sub</strong></span> <span class='ocrx_word' id='word_1_221' title='bbox 945 3117 1154 3182; x_wconf 84' lang='lat' dir='ltr'><strong>anathemate</strong></span> 
     </span>
     <span class='ocr_line' id='line_1_28' title="bbox 37 3214 1154 3304; baseline 0.003 -29"><span class='ocrx_word' id='word_1_222' title='bbox 37 3214 271 3297; x_wconf 86' lang='lat' dir='ltr'><strong>prohibuerunt</strong></span> <span class='ocrx_word' id='word_1_223' title='bbox 299 3240 338 3282; x_wconf 90' lang='lat' dir='ltr'><strong>ea</strong></span> <span class='ocrx_word' id='word_1_224' title='bbox 362 3240 618 3283; x_wconf 89' lang='lat' dir='ltr'><strong>commemorare</strong></span> <span class='ocrx_word' id='word_1_225' title='bbox 648 3240 732 3304; x_wconf 90' lang='lat' dir='ltr'><strong>quae</strong></span> <span class='ocrx_word' id='word_1_226' title='bbox 762 3227 875 3282; x_wconf 89' lang='lat' dir='ltr'><strong>contra</strong></span> <span class='ocrx_word' id='word_1_227' title='bbox 900 3225 1076 3301; x_wconf 90' lang='lat' dir='ltr'><strong>utrumque</strong></span> <span class='ocrx_word' id='word_1_228' title='bbox 1100 3238 1154 3300; x_wconf 91' lang='lat' dir='ltr'><strong>pa-</strong></span> 
     </span>
     <span class='ocr_line' id='line_1_29' title="bbox 36 3313 1153 3402; baseline 0.003 -29"><span class='ocrx_word' id='word_1_229' title='bbox 36 3313 208 3379; x_wconf 84' lang='lat' dir='ltr'><strong>triarcham</strong></span> <span class='ocrx_word' id='word_1_230' title='bbox 232 3325 326 3400; x_wconf 87' lang='lat' dir='ltr'><strong>gesta</strong></span> <span class='ocrx_word' id='word_1_231' title='bbox 349 3315 401 3380; x_wconf 88' lang='lat' dir='ltr'><strong>vel</strong></span> <span class='ocrx_word' id='word_1_232' title='bbox 426 3318 549 3402; x_wconf 89' lang='lat' dir='ltr'><strong>scripta</strong></span> <span class='ocrx_word' id='word_1_233' title='bbox 573 3327 674 3381; x_wconf 84' lang='lat' dir='ltr'><strong>crant.</strong></span> <span class='ocrx_word' id='word_1_234' title='bbox 710 3316 790 3380; x_wconf 88' lang='lat' dir='ltr'><strong>Post</strong></span> <span class='ocrx_word' id='word_1_235' title='bbox 813 3314 959 3379; x_wconf 92' lang='lat' dir='ltr'><strong>medium</strong></span> <span class='ocrx_word' id='word_1_236' title='bbox 985 3313 1153 3377; x_wconf 89' lang='lat' dir='ltr'><strong>saeculum</strong></span> 
     </span>
     <span class='ocr_line' id='line_1_30' title="bbox 34 3409 1152 3499; baseline 0.003 -28"><span class='ocrx_word' id='word_1_237' title='bbox 34 3409 197 3477; x_wconf 85' lang='lat' dir='ltr'><strong>decimum</strong></span> <span class='ocrx_word' id='word_1_238' title='bbox 221 3413 265 3478; x_wconf 89' lang='lat' dir='ltr'><strong>ad</strong></span> <span class='ocrx_word' id='word_1_239' title='bbox 290 3414 535 3499; x_wconf 88' lang='lat' dir='ltr'><strong>impugnandos</strong></span> <span class='ocrx_word' id='word_1_240' title='bbox 552 3414 689 3478; x_wconf 91' lang='lat' dir='ltr'><strong>Latinos</strong></span> <span class='ocrx_word' id='word_1_241' title='bbox 713 3412 791 3478; x_wconf 90' lang='lat' dir='ltr'><strong>dein</strong></span> <span class='ocrx_word' id='word_1_242' title='bbox 814 3412 926 3476; x_wconf 90' lang='lat' dir='ltr'><strong>Photii</strong></span> <span class='ocrx_word' id='word_1_243' title='bbox 950 3413 1072 3497; x_wconf 88' lang='lat' dir='ltr'><strong>scripta</strong></span> <span class='ocrx_word' id='word_1_244' title='bbox 1096 3413 1152 3474; x_wconf 91' lang='lat' dir='ltr'><strong>itc-</strong></span> 
     </span>
     <span class='ocr_line' id='line_1_31' title="bbox 34 3511 1154 3598; baseline 0.003 -28"><span class='ocrx_word' id='word_1_245' title='bbox 34 3529 106 3570; x_wconf 87' lang='lat' dir='ltr'><strong>rum</strong></span> <span class='ocrx_word' id='word_1_246' title='bbox 132 3513 317 3598; x_wconf 83' lang='lat' dir='ltr'><strong>conquisita</strong></span> <span class='ocrx_word' id='word_1_247' title='bbox 346 3525 442 3594; x_wconf 84' lang='lat' dir='ltr'><strong>sunt,</strong></span> <span class='ocrx_word' id='word_1_248' title='bbox 473 3535 513 3576; x_wconf 90' lang='lat' dir='ltr'><strong>ac</strong></span> <span class='ocrx_word' id='word_1_249' title='bbox 536 3511 656 3576; x_wconf 81' lang='lat' dir='ltr'><strong>Graeci</strong></span> <span class='ocrx_word' id='word_1_250' title='bbox 689 3511 819 3576; x_wconf 86' lang='lat' dir='ltr'><strong>saeculo</strong></span> <span class='ocrx_word' id='word_1_251' title='bbox 851 3511 1046 3575; x_wconf 90' lang='lat' dir='ltr'><strong>duodecimo</strong></span> <span class='ocrx_word' id='word_1_252' title='bbox 1079 3532 1154 3574; x_wconf 91' lang='lat' dir='ltr'><strong>eum</strong></span> 
     </span>
     <span class='ocr_line' id='line_1_32' title="bbox 34 3606 1156 3674; baseline 0.004 -8"><span class='ocrx_word' id='word_1_253' title='bbox 34 3606 119 3669; x_wconf 86' lang='lat' dir='ltr'><strong>inter</strong></span> <span class='ocrx_word' id='word_1_254' title='bbox 145 3609 308 3674; x_wconf 88' lang='lat' dir='ltr'><strong>Doctores</strong></span> <span class='ocrx_word' id='word_1_255' title='bbox 338 3609 509 3674; x_wconf 82' lang='lat' dir='ltr'><strong>Ecclesiae</strong></span> <span class='ocrx_word' id='word_1_256' title='bbox 540 3620 786 3674; x_wconf 90' lang='lat' dir='ltr'><strong>recensuerunt.</strong></span> <span class='ocrx_word' id='word_1_257' title='bbox 833 3607 900 3672; x_wconf 88' lang='lat' dir='ltr'><strong>Sed</strong></span> <span class='ocrx_word' id='word_1_258' title='bbox 926 3618 1056 3672; x_wconf 87' lang='lat' dir='ltr'><strong>tantum</strong></span> <span class='ocrx_word' id='word_1_259' title='bbox 1086 3629 1156 3671; x_wconf 89' lang='lat' dir='ltr'><strong>sae-</strong></span> 
     </span>
     <span class='ocr_line' id='line_1_33' title="bbox 33 3701 1152 3792; baseline 0.002 -26"><span class='ocrx_word' id='word_1_260' title='bbox 33 3701 109 3767; x_wconf 83' lang='lat' dir='ltr'><strong>culo</strong></span> <span class='ocrx_word' id='word_1_261' title='bbox 139 3707 267 3774; x_wconf 89' lang='lat' dir='ltr'><strong>decimo</strong></span> <span class='ocrx_word' id='word_1_262' title='bbox 302 3718 394 3773; x_wconf 89' lang='lat' dir='ltr'><strong>sexto</strong></span> <span class='ocrx_word' id='word_1_263' title='bbox 427 3707 548 3772; x_wconf 82' lang='lat' dir='ltr'><strong>Graeci</strong></span> <span class='ocrx_word' id='word_1_264' title='bbox 589 3706 790 3772; x_wconf 87' lang='lat' dir='ltr'><strong>schismatici</strong></span> <span class='ocrx_word' id='word_1_265' title='bbox 829 3708 1024 3792; x_wconf 87' lang='lat' dir='ltr'><strong>inceperunt</strong></span> <span class='ocrx_word' id='word_1_266' title='bbox 1061 3703 1152 3769; x_wconf 86' lang='lat' dir='ltr'><strong>illurn</strong></span> 
     </span>
     <span class='ocr_line' id='line_1_34' title="bbox 34 3802 1154 3892; baseline 0.003 -29"><span class='ocrx_word' id='word_1_267' title='bbox 34 3805 121 3864; x_wconf 87' lang='lat' dir='ltr'><strong>inter</strong></span> <span class='ocrx_word' id='word_1_268' title='bbox 140 3817 269 3872; x_wconf 88' lang='lat' dir='ltr'><strong>sanctos</strong></span> <span class='ocrx_word' id='word_1_269' title='bbox 294 3806 414 3888; x_wconf 85' lang='lat' dir='ltr'><strong>colere3</strong></span> <span class='ocrx_word' id='word_1_270' title='bbox 439 3817 538 3892; x_wconf 86' lang='lat' dir='ltr'><strong>atque</strong></span> <span class='ocrx_word' id='word_1_271' title='bbox 562 3807 662 3870; x_wconf 85' lang='lat' dir='ltr'><strong>etiam</strong></span> <span class='ocrx_word' id='word_1_272' title='bbox 686 3827 776 3870; x_wconf 90' lang='lat' dir='ltr'><strong>nunc</strong></span> <span class='ocrx_word' id='word_1_273' title='bbox 800 3807 974 3890; x_wconf 88' lang='lat' dir='ltr'><strong>scriptores</strong></span> <span class='ocrx_word' id='word_1_274' title='bbox 999 3802 1154 3866; x_wconf 88' lang='lat' dir='ltr'><strong>schisma-</strong></span> 
     </span>
     <span class='ocr_line' id='line_1_35' title="bbox 33 3900 1154 3986; baseline 0.003 -26"><span class='ocrx_word' id='word_1_275' title='bbox 33 3900 90 3962; x_wconf 81' lang='lat' dir='ltr'><strong>tici</strong></span> <span class='ocrx_word' id='word_1_276' title='bbox 118 3902 224 3968; x_wconf 91' lang='lat' dir='ltr'><strong>multis</strong></span> <span class='ocrx_word' id='word_1_277' title='bbox 248 3906 408 3968; x_wconf 90' lang='lat' dir='ltr'><strong>encomiis</strong></span> <span class='ocrx_word' id='word_1_278' title='bbox 433 3904 600 3968; x_wconf 87' lang='lat' dir='ltr'><strong>celebrare</strong></span> <span class='ocrx_word' id='word_1_279' title='bbox 623 3903 728 3967; x_wconf 87' lang='lat' dir='ltr'><strong>solent</strong></span> <span class='ocrx_word' id='word_1_280' title='bbox 753 3903 863 3965; x_wconf 87' lang='lat' dir='ltr'><strong>virum</strong></span> <span class='ocrx_word' id='word_1_281' title='bbox 887 3900 986 3982; x_wconf 82' lang='lat' dir='ltr'><strong>hunc,</strong></span> <span class='ocrx_word' id='word_1_282' title='bbox 1011 3903 1067 3986; x_wconf 90' lang='lat' dir='ltr'><strong>qui</strong></span> <span class='ocrx_word' id='word_1_283' title='bbox 1092 3902 1154 3964; x_wconf 89' lang='lat' dir='ltr'><strong>foc·</strong></span> 
     </span>
    </p>
   </div>
   <div class='ocr_carea' id='block_1_4' title="bbox 31 4173 1158 4312">
    <p class='ocr_par' dir='ltr' id='par_1_4' title="bbox 31 4173 1158 4312">
     <span class='ocr_line' id='line_1_36' title="bbox 112 4173 1158 4246; baseline -0.01 -10"><span class='ocrx_word' id='word_1_284' title='bbox 112 4173 176 4236; x_wconf 63' lang='grc' dir='ltr'><strong>ΙΙΙ.</strong></span> <span class='ocrx_word' id='word_1_285' title='bbox 195 4177 294 4232; x_wconf 88' lang='lat' dir='ltr'><strong>ConciI.</strong></span> <span class='ocrx_word' id='word_1_286' title='bbox 319 4177 506 4246; x_wconf 67' lang='lat' dir='ltr'><strong>Itoslejanum</strong></span> <span class='ocrx_word' id='word_1_287' title='bbox 531 4177 619 4244; x_wconf 79' lang='lat' dir='ltr'><strong>e.14;</strong></span> <span class='ocrx_word' id='word_1_288' title='bbox 645 4175 736 4231; x_wconf 89' lang='lat' dir='ltr'><strong>Labbe</strong></span> <span class='ocrx_word' id='word_1_289' title='bbox 754 4173 1158 4242; x_wconf 61' lang='lat' dir='ltr'><strong>Innocentiam.</strong></span> 
     </span>
     <span class='ocr_line' id='line_1_37' title="bbox 31 4251 651 4312; baseline 0.01 -8"><span class='ocrx_word' id='word_1_290' title='bbox 31 4251 148 4306; x_wconf 64' lang='lat' dir='ltr'><strong>Alen&#39;</strong></span> <span class='ocrx_word' id='word_1_291' title='bbox 142 4269 167 4308; x_wconf 91' lang='lat' dir='ltr'><strong>m</strong></span> <span class='ocrx_word' id='word_1_292' title='bbox 184 4271 250 4311; x_wconf 87' lang='lat' dir='ltr'><strong>saec</strong></span> <span class='ocrx_word' id='word_1_293' title='bbox 270 4257 409 4312; x_wconf 85' lang='lat' dir='ltr'><strong>IXstX.</strong></span> <span class='ocrx_word' id='word_1_294' title='bbox 429 4273 450 4311; x_wconf 89' lang='lat' dir='ltr'><strong>c.</strong></span> <span class='ocrx_word' id='word_1_295' title='bbox 470 4256 517 4310; x_wconf 82' lang='lat' dir='ltr'><strong>IV</strong></span> <span class='ocrx_word' id='word_1_296' title='bbox 537 4261 589 4312; x_wconf 87' lang='lat' dir='ltr'><strong>art.</strong></span> <span class='ocrx_word' id='word_1_297' title='bbox 608 4257 651 4312; x_wconf 83' lang='lat'><strong>31.</strong></span> 
     </span>
    </p>
   </div>
   <div class='ocr_carea' id='block_1_5' title="bbox 0 0 1456 4834">
    <p class='ocr_par' dir='ltr' id='par_1_5' title="bbox 0 0 1456 4834">
     <span class='ocr_line' id='line_1_38' title="bbox 0 0 1456 4834; baseline 0 3"><span class='ocrx_word' id='word_1_298' title='bbox 0 0 1456 4834; x_wconf 95' lang='lat' dir='ltr'><strong> </strong></span> 
     </span>
    </p>
   </div>
  </div>
 </body>
</html>
