2922 4832
358 463 398 518 De
416 463 476 534 lege
495 463 643 518 coelibatus
662 461 772 519 violata.
1096 463 1145 518 171

41 607 248 694 11111111111111
274 609 390 674 tenuit.
436 607 595 672 Arialdus
618 617 729 672 autem
749 606 923 692 presbyter
947 565 979 671 et
1001 608 1142 672 Landul·

42 705 113 790 plius
134 705 311 769 factionem
328 707 452 771 civium
473 705 667 788 formarunt,
692 728 777 792 quae
794 727 914 790 magno
932 727 1008 770 cum
1032 707 1146 790 vigore

41 803 246 888 exstirpandis
269 801 430 868 abusibus
446 803 664 868 adlaboravit.
682 801 912 867 -Ecclesiae
929 801 1146 870 'laurinensis

40 900 175 964 eamdem
198 902 301 966 fuisse
325 901 559 984 conditionem,
585 899 751 985 colligitur
779 923 821 964 ex
845 900 983 986 epistola
1007 924 1031 967 s.
1055 901 1145 966 Petri

40 1000 180 1063 Damiaui
205 998 248 1063 ad
273 997 494 1063 Ounibertum
518 1001 712 1085 episcopum
736 997 824 1062 illius
849 998 1024 1064 ecclesiae:
1058 999 1146 1064 Inter

38 1095 189 1162 nonnullos
212 1097 480 1184 virtutrcmjlorea,
504 1094 695 1161 uenerabilis
712 1097 817 1176 Pater,
842 1096 954 1182 quibas
970 1109 1145 1162 1111111111-

38 1195 452 1280 1111111111111111119111111111,
483 1217 579 1258 unam
601 1195 678 1258 milii
692 1193 816 1279 fateor,
850 1194 943 1260 valde
967 1193 1144 1281 displicuit.

37 1293 181 1357 Permittit
205 1295 297 1372 caim,
321 1305 356 1358 nt
370 1293 517 1358 ecclesiae
542 1304 614 1358 tuac
638 1294 755 1371 clerici,
779 1298 993 1383 cujuscumque
1018 1294 1081 1356 sint
1098 1315 1145 1358 or·

36 1390 119 1470 diuis,
141 1391 226 1454 uelut
241 1395 317 1481 jure
333 1393 528 1454 matrimonii
543 1391 805 1478 confoederentur
828 1391 988 1456 acoribus.
1049 1391 1143 1456 Prae·

34 1491 127 1552 sertim
149 1513 243 1576 quum
266 1501 296 1554 et
318 1491 384 1576 ipsi
407 1487 513 1554 clerici
532 1492 590 1569 tui,
614 1489 700 1554 alias
723 1489 847 1574 quidem
870 1491 950 1553 satis
972 1490 1093 1552 bonesti
1116 1501 1146 1554 et

35 1585 199 1652 litterarum
222 1587 338 1652 studiis
370 1589 435 1652 aiat
464 1587 609 1652 decenter
640 1588 797 1652 irntructi.
847 1585 910 1660 Qui
933 1587 1007 1650 1111111
1031 1587 1075 1652 ad
1098 1611 1144 1652 me

34 1686 215 1772 confluerent,
242 1697 393 1771 tanquam
416 1687 525 1750 11101111
542 1686 712 1770 1191111111,
737 1695 766 1748 11
784 1683 867 1749 celat
891 1687 1076 1770 conspicuas
1099 1709 1144 1748 cc·

33 1781 132 1846 clasiae
155 1783 325 1848 videbatur
347 1785 464 1848 enitere
489 1785 662 1870 senatual)

109 1893 162 1955 21.
210 1889 265 1954 Ad
289 1889 504 1954 Germaniam
529 1901 562 1954 ct
584 1890 729 1955 Galliam
753 1890 842 1976 quod
865 1893 992 1974 attinet,
1017 1892 1143 1954 iuveni·

32 1990 226 2072 turprimum
240 1991 364 2052 mentio
375 1988 463 2052 illius
476 1989 737 2053 incontinentiae
750 1991 785 2053 iu
801 1990 938 2076 epistola
950 1989 1065 2054 Laome
1084 1989 1150 2052 VII

31 2083 165 2172 11939)
190 2087 235 2150 ad
262 2087 376 2152 Gallos
390 2097 420 2152 et
446 2087 631 2170 Germanos,
656 2088 692 2151 in
716 2109 781 2172 qua
801 2086 843 2151 de
866 2088 968 2150 variis
984 2085 1143 2150 abusibus

32 2185 100 2265 agit,
133 2207 216 2270 quos
240 2187 304 2270 ipsi
328 2185 537 2250 indicaverat
560 2183 728 2250 Gerardus
752 2193 886 2250 sanctae
910 2182 1142 2250 Lauriaccnsis

30 2279 179 2346 ecclesiae
214 2283 487 2369 archiepiscopus
519 2286 576 2370 qui
607 2283 651 2348 ad
683 2283 799 2347 limina
822 2282 1056 2370 Apostolorum
1089 2303 1142 2345 ve-

31 2389 122 2445 nerat.
168 2382 219 2446 De
241 2383 322 2461 linc,
348 2381 464 2446 scribit
486 2381 652 2464 Pontifex,
680 2382 791 2446 intulit
814 2379 1014 2444 lamentabile
1039 2389 1069 2443 et
1095 2381 1142 2443 ni-

30 2477 78 2538 mis
100 2478 283 2564 lucendum,
312 2490 347 2544 nt
375 2480 497 2544 domiui
523 2481 699 2546 sacerdotes
717 2479 845 2566 publice
875 2480 994 2543 ducant
1017 2498 1142 2558 uxores,

27 2585 53 2636 et
72 2577 99 2638 si
119 2576 190 2660 fita·
221 2601 328 2642 eorum
350 2575 478 2642 ualeant
495 2580 686 2664 promoueri.
738 2576 830 2650 Quod
859 2577 958 2640 scelus
982 2577 1057 2662 quia
1080 2597 1142 2638 om-

28 2675 70 2734 nu
91 2698 185 2740 sacro
207 2677 368 2762 scribtura
391 2677 590 2756 contradicit,
615 2678 692 2762 quiin
714 2687 855 2740 adiiciunt
870 2676 1048 2738 Nicaenum
1071 2694 1141 2735 con·

26 2769 124 2836 cilium
145 2783 243 2855 octat,
266 2796 306 2838 ne
327 2775 504 2840 sacerdotes
527 2798 594 2838 cani
609 2775 745 2861 feminis
760 2775 903 2838 habitare
921 2781 1141 2858 praesumant,

27 2869 112 2932 multo
135 2872 237 2957 mauis
260 2895 298 2936 ae
314 2872 462 2959 copulari
479 2873 528 2937 vel
543 2875 661 2936 sedari
683 2872 866 2936 mulieribus
882 2869 1025 2950 debcant,
1042 2874 1142 2960 juncta

25 2988 124 3034 samos
147 2992 284 3034 canones
315 2971 417 3035 modis
447 2969 590 3035 omnibus
618 2971 826 3057 prohibemns.
855 3024 860 3037 .
887 3019 894 3034 .
920 3018 928 3033 .
952 2969 996 3032 Et
1030 2969 1142 3054 quiin

26 3062 78 3127 tali
99 3065 213 3132 1111111
227 3067 357 3152 fuerint
379 3071 518 3155 reperti,
549 3081 660 3133 nostra
683 3067 860 3155 apostolica
891 3070 1077 3132 auctoritate
1101 3065 1141 3130 ab

25 3165 102 3227 nuni
118 3166 289 3250 priventur
310 3167 435 3232 bonore.
473 3167 552 3230 Filii
573 3190 645 3232 vero
670 3189 775 3232 corant
798 3169 948 3230 immunes
972 3165 1011 3228 ab
1036 3187 1141 3228 eorum

1158 1882 1272 1925 Germanis
1287 1885 1309 1926 st

1194 1953 1274 1996 (icida.

99 3377 120 3444 ¹)
146 3377 221 3434 Petr.
242 3379 368 3435 Damiaui
387 3380 483 3449 Opusc.
502 3379 590 3435 XVII.
621 3412 653 3420 —
682 3379 958 3436 Animadvertendum
984 3383 1040 3444 est,
1069 3378 1140 3445 quod

22 3451 72 3518 jum
95 3471 178 3526 supra
203 3459 335 3526 1111111111,
363 3460 444 3529 hujus
469 3460 538 3515 labis
562 3461 661 3530 iugens
680 3461 827 3529 periculum
846 3461 875 3514 in
894 3475 925 3514 eo
943 3457 1041 3525 fuisse,
1069 3459 1139 3526 quod

24 3533 103 3602 vigor,
131 3537 255 3607 dignitus
274 3545 303 3594 11
321 3541 452 3596 sauctitas
471 3541 595 3609 specialis
619 3542 684 3596 cleri
702 3541 812 3609 penitus
830 3541 860 3594 in
878 3539 1001 3594 Ecclesia
1020 3553 1139 3607 pessum·

23 3611 161 3684 tuentur,
189 3619 252 3674 dum
271 3627 479 3688 mossetena,
505 3621 645 3688 antiquam
673 3621 842 3689 disciplinam
868 3619 1015 3676 obsoletam
1034 3625 1140 3674 111111

21 3700 209 3756 caumatudine
228 3700 402 3770 abrogatam,
426 3702 627 3757 matrimonium
650 3703 805 3758 clericorum
830 3702 997 3757 inducerent.
1033 3699 1140 3754 Laudes

22 3791 81 3841 quas
99 3797 122 3834 s.
143 3781 243 3836 Petrus
261 3781 349 3849 quoad
367 3782 474 3850 reliqua
491 3783 590 3836 tribuit
609 3782 732 3838 hocloco
751 3783 822 3837 clero
844 3780 1019 3846 Taurinensi,
1038 3779 1138 3848 partim

22 3855 222 3916 benevolentiae
256 3862 350 3931 gratia
380 3861 462 3917 datae
486 3862 625 3917 habendae
652 3868 732 3931 suut;
779 3869 915 3917 caeterum
951 3862 1043 3929 potuit
1079 3875 1139 3916 cum

20 3937 148 4003 ejusmodi
167 3939 252 3995 abusu
271 3941 371 3996 dudum
402 3943 570 4008 introducto,
595 3944 727 4011 quaedam
746 3943 875 3998 honestas
899 3942 964 3996 cleri
983 3941 1137 3997 consistere.

22 4016 108 4073 Etiam
137 4019 171 4075 dc
200 4021 272 4076 claro
297 4023 492 4078 Mediolanensi
522 4025 589 4078 dicit
607 4025 749 4079 anselmus
779 4023 922 4079 Lucensis:
961 4023 1058 4090 „Certe
1084 4021 1139 4076 nisi

21 4097 130 4155 feminas
150 4100 288 4168 baberent,
308 4118 399 4157 omnes
416 4103 497 4173 hujus
515 4104 591 4158 urbis
610 4104 764 4159 sacerdotes
783 4110 814 4158 et
835 4102 936 4158 levitae
954 4103 983 4156 in
1002 4103 1138 4172 praedica·

21 4179 88 4235 tione
117 4187 147 4236 11
164 4181 194 4235 in
223 4182 285 4237 aliis
313 4183 388 4238 bonis
417 4185 535 4239 moribus
560 4185 629 4240 satis
653 4199 773 4253 congrue
798 4183 947 4239 valerent.“
985 4182 1138 4252 Laudulpb

20 4257 86 4317 litat
106 4262 215 4318 11111111.
234 4263 286 4319 111.
306 4279 327 4320 a
346 4266 372 4320 4.
