2904 4834
309 479 365 534 396
626 475 715 530 xvn.
754 475 793 530 De
810 475 955 530 schismate
974 475 1115 532 Photiano,

311 623 425 686 missos
457 632 487 684 ct
510 623 628 685 Romae
661 619 859 683 demorantes
892 631 1001 684 conten
1029 643 1060 684 se
1093 625 1275 687 sennonem
1304 635 1334 686 et
1351 647 1414 709 pro-

311 717 412 782 latam
444 719 678 782 damnationem
708 718 744 780 in
767 717 913 781 Photinm
945 728 975 780 et
997 719 1032 782 in
1063 739 1176 782 mareas
1204 723 1412 808 impositionem
1438 771 1439 804 ἦ

310 821 380 906 ejas
414 826 444 880 et
478 817 649 880 andierunt
682 825 712 879 et
747 813 867 900 liquido
903 815 1091 880 didicerunt.
1150 818 1357 884 Verumtamen
1388 831 1414 882 ut
1438 877 1439 880 ,

311 915 559 1004 manifestiorem
575 915 620 977 eis
636 918 759 1003 jentam
774 913 1006 1001 judicationem
1020 925 1148 978 amictae
1164 915 1324 980 Romanae
1336 917 1414 980 eccie-

310 1015 379 1077 siae
393 1013 569 1100 sanamus,
592 1011 816 1096 inpedientur
837 1022 867 1074 et
891 1011 1066 1075 emendicat
1090 1011 1151 1096 tepi
1174 1013 1338 1099 synodicas
1355 1015 1414 1095 deti-
1438 1011 1439 1084 ξ

309 1112 449 1175 nitioaes
471 1121 500 1174 et
516 1110 644 1200 judicia
669 1109 842 1173 beatissimi
866 1109 974 1194 Papae
1001 1108 1146 1187 Nicotai,
1175 1122 1205 1174 et
1227 1113 1417 1196 cern'fleeatu·

309 1307 480 1370 dixerunt:
506 1305 576 1368 Hoc
599 1304 712 1370 bonum
734 1315 780 1369 est
803 1316 833 1369 et
855 1308 1022 1391 optimum,
1048 1307 1185 1370 audiant
1207 1305 1261 1372 illi
1276 1308 1415 1396 judicium

310 1404 488 1468 tenderent
502 1404 609 1496 Papae
626 1402 795 1466 Nicolai
781 1427 817 1467 en
839 1413 1003 1490 antepeota
1026 1414 1144 1482 nostro,
1168 1415 1198 1468 et
1220 1407 1250 1468 si
1269 1405 1418 1468 habuerint

310 1501 395 1615 qnod
408 1501 451 1564 ad
463 1485 751 1579 contradictionem,
768 1501 882 1579 dicent,
901 1503 1113 1614 autperncasi
1124 1505 1336 1586 amanuensem
1348 1503 1439 1620 qnod

309 1600 340 1663 si
362 1599 476 1662 habent
498 1599 755 1677 contradicendi,
789 1600 966 1684 macipiaat
982 1600 1152 1685 propriam
1182 1568 1439 1671 damnationemei

309 1699 341 1762 si
362 1720 434 1762 aero
457 1721 521 1762 aon
544 1698 752 1782 acceperint,
786 1708 858 1760 tane
873 1695 933 1779 flet
955 1696 1039 1809 quod
1061 1697 1161 1760 msam
1175 1697 1284 1782 piterii
1306 1698 1416 1762 cononi
1403 1623 1439 1730 'i

310 1795 377 1860 hus.
394 1833 438 1843 -
461 1795 572 1876 Quum
596 1793 696 1879 legati
720 1797 884 1875 timerent,
910 1815 951 1858 ne
974 1795 1115 1858 nimium
1140 1793 1220 1880 quid
1245 1793 1293 1858 iili
1310 1793 1416 1858 velient

310 1893 482 1958 Photianis
506 1892 653 1973 concedi,
679 1902 712 1956 et
728 1891 970 1978 aliquantulum
994 1891 1058 1955 hae
1075 1891 1116 1955 de
1130 1913 1165 1956 re
1181 1891 1416 1977 disceptaretur.

310 2001 474 2076 postremo
502 1993 659 2076 praecisis
682 1989 795 2054 verbis
818 1990 992 2054 dixerunt:
1024 1989 1264 2075 Inprediantar,
1299 1991 1352 2054 sed
1374 2012 1418 2052 noc

309 2113 375 2154 non
393 2100 527 2176 propter
549 2090 776 2154 contentionem
796 2089 984 2152 advocamus
1003 2109 1064 2164 eos,
1089 2088 1144 2151 ced
1166 2098 1202 2152 ut
1221 2099 1344 2151 tantum
1361 2088 1417 2150 beo·

310 2187 428 2251 tissimi
446 2210 555 2274 popae
580 2185 711 2250 Nicoloi
735 2183 900 2271 epistolam
923 2185 1067 2249 eradiant.
1075 2186 1100 2270 ¹)

401 2285 453 2350 88.
487 2285 604 2367 Legati
629 2283 800 2347 Pontificis
824 2282 902 2346 dein
926 2284 1025 2346 etiam
1049 2284 1245 2368 rescriptum
1269 2282 1418 2346 dederunt

310 2382 353 2446 ad
370 2381 616 2467 Imperatorem,
641 2403 705 2466 quo
730 2380 951 2466 exponebant,
975 2380 1132 2444 Photium
1151 2381 1222 2466 jem
1243 2345 1439 2466 judicatnmi

309 2501 380 2544 esse
411 2503 450 2544 ac
475 2479 687 2564 demnatum,
720 2479 869 2565 adeoque
898 2479 988 2543 haud
1013 2481 1206 2560 convenire,
1241 2489 1278 2542 nt
1308 2481 1376 2563 ipse
1395 2487 1439 2539 etr

310 2577 455 2642 asseclae
479 2577 549 2663 ejus
574 2577 683 2641 denuo
707 2578 948 2658 examinentur,
976 2576 1034 2640 sed
1057 2576 1093 2641 id
1116 2585 1244 2640 tantum
1268 2577 1417 2662 reliquam

309 2697 395 2756 csse,
420 2685 457 2739 nt
481 2676 644 2738 sententia
668 2676 702 2738 in
727 2697 781 2738 eos
804 2674 871 2738 iata
895 2676 1084 2738 executioni
1108 2674 1293 2740 mandetur.
1340 2675 1418 2738 Atta·

311 2795 387 2836 men
417 2795 520 2859 quum
543 2773 728 2858 Imperator
761 2795 817 2858 spe
841 2772 1120 2836 reconciliationis
1151 2771 1270 2836 ductus
1294 2793 1367 2836 eum
1395 2775 1439 2832 eti

309 2871 452 2935 asseclas
482 2871 554 2956 ojus
581 2871 703 2935 adduci
727 2871 827 2934 veliet
855 2871 897 2935 ad
923 2869 1063 2935 Consilii
1088 2871 1275 2936 Sessionem
1304 2882 1417 2934 sextam

309 2970 364 3032 cni
388 2971 459 3054 ipse
481 2969 606 3053 aderat,
631 2989 697 3033 non
721 2971 910 3033 restiterunt
932 2968 1042 3053 legati.
1080 2968 1322 3033 Auctoritatem
1342 2969 1439 3036 enimi

310 3067 350 3130 It.
365 3067 536 3130 Pontifiois
560 3089 599 3131 ac
623 3069 804 3131 sententiae
829 3067 899 3152 ejus
923 3067 1001 3131 satis
1017 3067 1283 3145 vindicaverant,
1309 3041 1439 3151 suaque*

310 3164 467 3229 declarat
445 3175 533 3230 trane
566 3175 681 3250 aperta
713 3175 745 3228 st
777 3165 873 3228 firma
905 3175 1079 3246 caverant,
1116 3187 1157 3228 ne
1190 3165 1439 3229 introductione

310 3263 421 3327 Photii
454 3273 486 3326 st
509 3263 701 3350 sequacium
734 3264 838 3347 ipsius
868 3285 977 3328 coram
1002 3261 1154 3347 Synodo,
1180 3262 1314 3348 juribus
1337 3261 1439 3360 Sedis

311 3361 522 3474 Apostolicae
562 3361 734 3445 derogari
750 3369 869 3446 posset.
921 3361 974 3424 Ex
1015 3360 1113 3424 dictis
1148 3368 1259 3424 autem
1300 3323 1439 3456 eolligcei

311 3461 421 3524 minus
454 3469 608 3523 securata
642 3481 730 3540 esse,
767 3479 852 3545 quae
885 3456 1000 3522 illmus
1031 3459 1138 3522 Manet
1170 3459 1265 3522 affert
1303 3457 1364 3522 hac
1392 3431 1439 3519 iri

136 3574 249 3619 arnan
237 3586 295 3618 om
311 3580 421 3640 cansa,
447 3567 483 3620 ut
505 3557 609 3621 doct
569 3559 664 3621 trrnis
689 3559 756 3621 suis
780 3565 975 3642 argumenta
1000 3557 1183 3643 conquirat.
1221 3523 1439 3642 Exaggerato
1438 3593 1439 3630 r

181 3637 260 3690 (ΨΜ
310 3665 387 3720 sunt
410 3676 495 3740 quse
519 3655 617 3720 dicit:
649 3655 709 3719 Les
732 3658 914 3740 mapistrata
944 3665 974 3718 et
997 3653 1042 3719 les
1066 3655 1208 3741 ioannes,
1239 3677 1271 3718 se
1287 3639 1439 3741 fondonti

310 3777 387 3818 sons
409 3753 503 3817 doute
526 3777 581 3817 sur
604 3753 648 3817 les
672 3753 828 3840 eaemples
853 3753 908 3817 des
931 3751 1065 3816 concites
1089 3751 1296 3839 pricidents,
1318 3747 1439 3836 fierent

310 3853 475 3916 anonimes
507 3855 527 3914 d
560 3851 732 3915 demander
765 3850 799 3913 lo
830 3851 967 3912 revision
999 3848 1146 3914 ditoillie
1179 3849 1222 3912 da
1251 3853 1360 3935 proc'cs
1387 3847 1417 3908 dc

311 3949 440 4014 Photias
464 3960 493 4013 et
516 3949 555 4012 de
578 3972 626 4013 sea
643 3950 822 4035 portionas.
861 3945 945 4026 „Qu
957 3971 998 4011 on
1020 3945 1088 4011 leur
1106 3947 1207 4012 donne
1228 3947 1414 4010 communica

313 4048 389 4126 tion,
413 4047 564 4112 dieoient·
567 4047 617 4125 iis,
642 4048 698 4111 des
721 4047 877 4110 dicisions
900 4045 938 4108 de
963 4047 1074 4124 Rome,
1099 4055 1129 4108 et
1151 4045 1218 4110 s'iis
1242 4069 1279 4108 ne
1298 4029 1439 4172 pneomtp

390 4239 411 4309 ι)
430 4239 485 4294 on.
504 4240 595 4294 caece
613 4239 691 4294 mn
712 4239 887 4294 totatuta.
