3054 4834
520 493 696 548 continuatio
715 496 813 547 luctae.
1191 493 1245 548 375

115 636 228 721 Atque
260 658 336 700 mox
371 635 548 700 concilium
574 637 697 702 Romae
729 637 937 714 convocavit,
975 645 1010 698 11
1034 644 1241 716 statueretur,

118 757 184 819 qua
208 736 334 799 ratione
360 736 394 798 in
418 733 469 798 his
493 733 661 818 adjunctis
686 732 893 798 difficillimis
916 753 1013 812 agere
1038 735 1242 798 conveniret.

117 831 243 896 Habita
266 843 316 895 est
340 832 486 918 synodus
511 833 565 895 die
592 833 649 896 18Ο
666 832 776 895 Martii
801 833 879 896 anni
908 831 1055 894 111211
1080 833 1243 916 sequenti-

118 930 181 993 bus
205 929 340 1010 diebus3
366 931 678 994 1111111111111111
704 930 778 1015 plus
802 951 901 1015 qnam
927 939 1059 992 centum
1084 930 1242 1014 episcopi,

117 1030 311 1116 pracsertim
339 1027 420 1108 Itali,
445 1051 485 1091 ac
510 1027 602 1091 multi
629 1027 766 1092 abbates
791 1025 900 1090 etalii
927 1027 1049 1092 clerici.
1091 1025 1142 1089 Ex
1167 1025 1243 1090 Gal-

117 1125 162 1189 lia
185 1125 392 1190 advenerant
416 1123 586 1190 Gerardus
611 1123 873 1210 Engolismensis
897 1126 1082 1210 episcopus,
1108 1123 1243 1208 deputa-

116 1234 170 1286 tus
193 1247 213 1284 a
237 1221 392 1286 Guidone
417 1223 598 1288 Viennensi
630 1222 849 1310 metropolita,
881 1220 1044 1286 11111111
1071 1223 1245 1307 episcopus

117 1311 345 1402 Legionensis,
376 1324 493 1385 missus
518 1345 537 1384 a
562 1321 768 1406 metropolita
794 1321 1029 1400 Bitnrinarum.

208 1517 261 1581 21).
310 1517 396 1596 „Dic
419 1527 529 1580 autem
554 1518 671 1602 quinta
704 1517 846 1600 (synodi)
877 1517 964 1580 idern
991 1515 1146 1579 Pontifex
1171 1517 1242 1598 (Ρ1-
1255 1527 1351 1579 symon
1373 1526 1416 1568 as

117 1613 254 1700 scholis)
283 1615 432 1680 narravit
455 1615 620 1696 omnibns,
652 1615 792 1700 qualiter
827 1615 869 1677 ab
908 1615 1053 1678 Henrico
1091 1600 1418 1678 Teutoni-''²⁸³⁸‘¹¹¹²'

117 1734 232 1776 corum
257 1735 333 1796 rege
359 1735 433 1775 curn
458 1714 623 1798 episcopis
647 1712 845 1798 quibusdam
872 1723 904 1776 11
919 1709 1154 1776 Cardinalibus
1178 1723 1245 1778 tam

118 1809 324 1895 presbyteris
354 1833 452 1896 quem
489 1809 694 1892 diaconibus,
729 1821 761 1874 et
792 1832 865 1874 cunr
894 1833 1014 1894 magna
1038 1821 1105 1874 tam
1130 1809 1246 1875 Roma-

117 1929 237 1972 norum
262 1931 362 1994 qnam
387 1907 537 1988 aliorum,
569 1911 624 1994 qui
660 1919 737 1972 tnnc
763 1930 875 1972 secum
901 1918 1135 1988 convenerant,
1167 1907 1246 1971 mul·

117 2006 261 2070 titudine
286 2018 402 2092 captus
426 2008 533 2086 fucrit,
571 2019 603 2070 et
627 2028 828 2092 quamquam
854 2017 996 2076 coactus,
1032 2016 1146 2069 eontra
1170 2005 1247 2070 deli-

118 2103 324 2168 berationem
350 2126 444 2168 snam
469 2105 586 2168 fecerit
609 2127 667 2190 pro
691 2105 918 2190 redemptione
943 2106 1162 2189 captivorum,
1187 2126 1246 2190 pro

118 2225 201 2286 pace
226 2201 350 2288 populi,
376 2224 434 2287 pro
459 2199 611 2266 libertate
631 2202 811 2280 Ecclesiae,
838 2215 873 2266 11
896 2203 1086 2288 supradicto
1111 2203 1180 2284 regi
1206 2201 1246 2265 de

118 2300 325 2363 investituris
349 2323 431 2385 quas
456 2303 589 2386 saepius
613 2301 829 2386 prohibuerat
849 2303 1007 2386 scripturn
1026 2302 1247 2363 concessionis

118 2396 223 2469 daret,
249 2408 281 2459 11
301 2397 495 2482 juramenta
518 2422 577 2484 per
594 2401 765 2484 episcopos
782 2419 840 2462 seu
856 2397 1050 2462 (lardinales
1067 2399 1139 2460 lieri
1156 2420 1246 2482 prae·

119 2497 260 2580 ciperet,
301 2504 463 2580 quatenus
497 2518 557 2560 111
592 2496 632 2560 de
667 2497 871 2560 investituris
902 2495 1060 2581 deinceps
1094 2518 1169 2560 enm
1201 2497 1246 2559 in-

118 2594 292 2678 quietaret,
318 2615 379 2657 111
404 2594 438 2656 11
464 2615 637 2678 personam
663 2593 735 2679 ejus
759 2594 936 2658 anathema
952 2605 1097 2678 poneret.
1124 2595 1246 2674 Quam·

120 2693 188 2769 vis,
224 2692 284 2768 ait,
322 2691 466 2756 conditio
496 2692 697 2777 juramentis
734 2693 901 2778 proposita
938 2691 980 2754 ab
1012 2693 1081 2778 ipso
1117 2702 1148 2754 et
1180 2693 1248 2754 suis

119 2790 230 2852 minus
254 2788 429 2852 observata
454 2791 504 2872 sit,
537 2797 656 2876 (neque
681 2791 769 2853 enim
794 2799 1015 2853 servaverunt
1039 2787 1134 2853 nobis
1159 2789 1247 2876 quod

119 2886 163 2950 ab
189 2888 236 2949 eis
255 2887 405 2970 juratum
430 2891 504 2967 111),
541 2909 599 2967 ego
624 2899 735 2951 tamen
761 2909 837 2950 enm
862 2909 1033 2972 nunqnam
1058 2885 1248 2951 anathema·

119 2984 230 3047 tizobo
263 2995 296 3047 et
328 3005 498 3070 nunquam
531 2985 571 3046 de
607 2986 811 3049 investituris
848 2984 1057 3048 coercitionis
1090 2986 1248 3048 instantia

119 3079 288 3166 repellam.
320 3081 432 3146 Habet
451 3081 601 3166 judicem
619 3081 812 3146 Dominum.
849 3082 949 3146 Porro
971 3083 1129 3166 scriptum
1155 3081 1248 3159 illud,

120 3179 221 3264 quod,
247 3181 376 3264 magnis
397 3179 648 3244 necessitatibus
661 3190 805 3260 coactus,
830 3201 895 3243 non
912 3203 969 3265 pro
988 3183 1057 3243 vita
1074 3201 1157 3261 mea,
1182 3201 1247 3244 111

120 3297 181 3362 pro
205 3276 309 3340 salute
333 3288 391 3340 ant
413 3278 518 3358 gloria
543 3299 625 3357 mea,
651 3276 709 3341 sed
734 3299 792 3361 pro
816 3276 893 3342 solis
917 3278 1087 3342 Ecclesiae
1110 3279 1249 3342 necessi·

119 3373 246 3439 tatibus
286 3377 356 3439 sine
390 3377 529 3438 fratrum
560 3374 696 3439 consilio
736 3385 793 3438 aut
831 3373 1131 3460 subscriptionibus
1174 3376 1249 3452 feci,

120 3495 222 3559 super
236 3495 300 3559 quo
314 3472 405 3536 nulla
416 3473 616 3554 conditione,
642 3472 733 3537 nulla
748 3475 967 3558 promissione
981 3476 1248 3554 constringimur,

121 3593 227 3658 prave
250 3571 375 3635 factum
401 3591 573 3650 cognosco,
605 3593 708 3656 prave
723 3570 848 3634 1111111
873 3571 1040 3652 confiteor,
1067 3582 1098 3634 et
1114 3572 1249 3636 omnino

121 3671 241 3754 corrigi
262 3670 331 3732 Deo
357 3681 544 3755 praestante
570 3669 730 3734 desidero.
765 3669 868 3752 (ujus
885 3672 1098 3734 correctionis
1114 3669 1248 3734 modum

121 3769 261 3830 fratrum
286 3768 341 3852 qui
368 3777 597 3832 convenerunt
627 3765 762 3830 consilio
783 3767 979 3852 judicioque
1004 3770 1177 3845 constituo,
1208 3789 1249 3830 no

121 3867 207 3930 forte
229 3887 288 3952 per
312 3865 374 3927 lroe
399 3867 432 3928 in
458 3876 625 3950 posterum
650 3865 884 3928 detrimentum
909 3864 1044 3950 aliquod
1068 3863 1249 3941 Ecclesiae,

121 3965 254 4027 animae
288 3985 380 4026 meae
404 3962 571 4047 judicium
603 3962 817 4048 relinquatur.
864 3963 959 4026 Turro
985 3963 1151 4027 communi
1184 3984 1249 4024 orn-

122 4063 217 4125 ninm
242 4060 355 4123 favore
379 4059 550 4124 laudatum
576 4071 634 4140 est,
661 4070 696 4124 ut
719 4061 836 4123 tratres
861 4061 1055 4145 omnesqui
1081 4059 1205 4123 donum
1230 4081 1251 4122 1

121 4162 196 4225 Deo
229 4160 410 4244 sapientiae
442 4160 665 4244 scientiaeque
696 4169 921 4244 perceperant,
959 4159 1119 4222 111-111111
1152 4179 1251 4241 super

118 4261 187 4323 hoc.
212 4257 386 4321 consilium
412 4257 578 4320 communi
604 4253 778 4320 collatione
804 4257 1018 4340 susciperent,
1052 4254 1140 4341 quod
1166 4255 1249 4318 insc-
