2952 4832
289 486 342 540 aar
524 485 700 540 xxcnes.
722 485 927 554 (stagonian
946 487 1022 540 aaa
1041 485 1181 540 rosinae.

290 638 323 692 et
353 627 512 692 abbatum
546 629 662 713 plenae
687 631 963 693 contumeliarum
991 628 1119 693 litterae
1143 630 1287 694 Romam
1317 628 1402 692 desti·
1469 643 1470 722 p

290 735 422 808 nantur,
446 726 567 810 quibus
584 725 798 792 denuntietur
811 726 961 790 Romano
977 727 1142 807 Pontiliei,
1165 741 1202 790 ut
1218 725 1401 812 pontificatu
1469 727 1470 734 ’

290 846 388 908 quem
414 835 527 888 contra
551 825 791 889 ecclesiasticas
823 823 912 909 leges
944 836 1134 909 usurpasset
1165 847 1237 888 sose
1270 822 1402 890 abdicet.

289 922 449 1006 sciatque,
481 933 555 1007 post
579 945 651 986 eam
677 921 766 986 diem
790 921 954 1007 quidquid
978 933 1065 1005 agat,
1092 921 1222 1007 jubeat,
1247 921 1401 987 decernat.

290 1020 420 1082 irritum
444 1019 629 1101 haberi“¹).
677 1018 790 1104 Aliqui
817 1021 902 1082 inter
925 1020 1099 1104 episcopos
1123 1030 1218 1083 erant
1241 1018 1403 1082 simoniaci

177 1145 179 1153 ·
289 1127 348 1180 aut
382 1119 671 1199 exeommunicati,
708 1128 740 1180 et
774 1117 809 1182 hi
845 1139 887 1180 ex
920 1114 1033 1182 animo
1069 1119 1152 1180 forte
1187 1128 1304 1180 contra
1334 1115 1402 1180 Gre
1467 1189 1468 1198 χ

288 1216 418 1299 gotium
444 1216 509 1280 VII
538 1218 804 1294 insurrexerunt,
830 1213 943 1300 plnres
967 1239 1038 1279 aero
1063 1215 1188 1279 litteras
1210 1215 1339 1301 quidem
1359 1213 1403 1276 al·

289 1315 537 1378 renuntiationis
559 1316 668 1378 mortis
693 1317 802 1378 timore
816 1316 1020 1398 scripserunt,
1045 1313 1101 1377 sed
1116 1314 1280 1377 invitasse
1295 1312 1402 1398 fecisse

285 1434 347 1494 per
369 1411 424 1473 lroo
448 1412 659 1490 ostenderant,
684 1414 760 1498 qaia
784 1434 876 1497 quarn
893 1413 1036 1496 primurn
1058 1411 1156 1476 datar
1170 1415 1215 1476 eis
1231 1410 1403 1497 opportuni·

290 1517 349 1586 tae,
364 1509 546 1594 Apostoliao
559 1510 716 1595 supplices
729 1511 936 1595 corrj'essioais
951 1509 1075 1573 litteras
1090 1509 1242 1594 dirigant,
1256 1519 1288 1571 et
1301 1531 1332 1572 se
1345 1529 1404 1569 reos

290 1606 320 1666 ei
343 1618 525 1689 aprione-nat,
549 1608 604 1670 sed
628 1609 888 1694 enpnrpatioaem
911 1609 1109 1670 necessitatis
1132 1607 1354 1684 obseratae-tn.

142 1769 253 1822 nemisia
382 1757 432 1821 76.
458 1757 624 1821 Heuricus
648 1757 695 1822 IV
729 1781 814 1844 quae
840 1757 1045 1821 Wormatiae
1069 1769 1204 1844 peraeta
1220 1769 1315 1821 erant
1340 1779 1402 1819 con·

141 1841 255 1962 23:⁸13*
290 1853 398 1917 festim
428 1856 630 1932 significavit
660 1857 823 1942 episcopis
846 1855 1094 1940 LangobardiS,
1131 1857 1186 1941 qui
1220 1877 1342 1939 magna
1371 1874 1405 1914 rx

291 1961 383 2038 parte
409 1951 569 2034 Gregorio
595 1953 664 2016 VII
692 1965 826 2038 propter
849 1953 1090 2018 reformationis
1121 1951 1252 2016 decreta
1284 1951 1404 2016 infensi.

292 2051 326 2113 in
348 2049 567 2116 conciliabulo
592 2051 748 2138 Papieusi
784 2051 854 2136 ejus
900 2051 1098 2137 depositioni
1135 2051 1404 2136 subscripserunt.

291 2147 416 2212 Eodem
433 2161 580 2235 ternpore
595 2173 653 2213 rex
669 2148 803 2229 olerum,
828 2147 988 2234 populum
1001 2159 1218 2235 senatumque
1227 2149 1404 2212 Romanum

291 2245 332 2309 ad
358 2245 583 2311 abdicandum
609 2247 806 2332 Gregoriurn
832 2248 1003 2328 excitavit,
1028 2257 1059 2310 et
1078 2247 1232 2311 Pontifici
1257 2247 1319 2332 ipsi
1345 2266 1405 2306 sen·

291 2345 429 2407 tentiam
454 2345 668 2431 depositionis
692 2344 895 2428 significavit
927 2343 1044 2408 litteris
1069 2345 1238 2430 injuriosis
1261 2367 1345 2429 quas
1367 2344 1406 2404 iu-

292 2443 439 2528 scripsit:
465 2444 647 2520 Ileiaricns,
673 2467 736 2506 tran
751 2443 969 2528 usurpatione,
995 2443 1050 2505 sed
1058 2445 1119 2528 pia
1134 2443 1197 2506 Dei
1213 2441 1408 2505 ordinatione

290 2563 358 2622 rea,
385 2539 607 2604 Hildebroado
625 2546 770 2630 jamnon
789 2538 982 2628 Apostolico,
1008 2541 1063 2604 sed
1077 2540 1171 2627 salso
1195 2541 1355 2605 morracio.
1373 2575 1409 2584 —

293 2637 466 2702 Venerunt
498 2637 597 2722 legati
622 2639 759 2702 Hearici
786 2639 933 2710 Romam,
967 2661 1069 2724 quum
1093 2649 1241 2724 tempore
1267 2637 1412 2717 Quadra-

289 2737 436 2816 gesimae
461 2736 643 2821 Gregorius
678 2759 753 2800 cum
779 2751 912 2800 centum
937 2747 969 2798 ct
993 2735 1106 2799 decem
1132 2737 1297 2822 episeopis
1321 2757 1411 2819 syuo-

291 2833 371 2897 dum
404 2833 598 2916 celebraret,
633 2845 731 2919 atque
770 2835 856 2897 inter
886 2857 940 2898 eos
972 2833 1141 2898 llolaudus
1175 2833 1315 2898 clericus
1339 2833 1409 2897 Par·

293 2933 414 2995 mensis
442 2955 563 3017 magna
591 2955 666 2995 curn
698 2931 905 3018 impudentia
936 2932 1099 3016 synodum
1125 2933 1302 3017 ingressus,
1334 2931 1412 2994 Gra

289 3031 383 3114 gorio
407 3029 473 3094 VII
505 3051 598 3094 suam
631 3030 871 3116 depositionem
896 3031 1078 3114 intimavit,
1114 3028 1411 3113 Cardinalilmsqur

197 3155 200 3160 ·
293 3127 474 3205 mandavit,
501 3139 537 3191 ut
554 3131 586 3192 in
604 3127 818 3191 Germaniam
843 3127 1129 3213 proficiscerentur
1153 3127 1278 3191 ibidem
1303 3151 1321 3190 a
1338 3149 1409 3210 rege

368 3369 386 3430 ¹)
414 3368 507 3423 Lamb.
532 3383 556 3422 a.
577 3369 654 3422 1076.
693 3367 816 3435 Epistola
839 3367 1021 3434 episcoporum
1040 3367 1171 3434 inscripta
1190 3375 1246 3420 est:
1265 3365 1411 3434 sigifridus

292 3449 471 3518 Mogontiuus
491 3448 712 3515 archiepiscopus,
740 3448 796 3502 Udo
815 3447 998 3512 Treverensis,
1019 3446 1204 3502 Willehelmas
1223 3447 1410 3516 Trajecteusi·.

292 3530 475 3584 Herimaunus
490 3529 627 3592 Meteusis
647 3527 790 3581 Heinricus
804 3525 968 3592 Leodiensis,
982 3526 1125 3581 Riobertus
1140 3526 1326 3582 Vardanensis.
1348 3527 1411 3580 nita

290 3610 434 3672 Tullensis,
458 3610 647 3663 Hozemanuus
667 3606 808 3676 Spirensis,
834 3605 1025 3660 Burokhardus
1050 3606 1294 3661 Helberstedensis.
1320 3606 1413 3658 Wem-

291 3691 372 3744 herus
391 3689 618 3758 Strasburgensis,
638 3687 809 3742 Burchaulus
822 3685 990 3750 Basiliensis,
1010 3689 1075 3740 otto
1090 3685 1310 3750 constantiensis,
1332 3685 1410 3738 aaut·

293 3771 355 3826 bero
383 3770 621 3838 wirciburgensis,
653 3768 816 3823 Ruolbertus
841 3766 1082 3835 Babenbergensis,
1111 3769 1177 3820 tltto
1201 3766 1412 3834 Ratisponausi-v

292 3850 448 3904 Ellinardus
467 3850 659 3919 Frisingensis,
679 3848 818 3903 Odalricus
837 3847 1022 3910 Eistetteusis,
1050 3846 1202 3902 Fridericus
1221 3847 1412 3900 monasterien-

291 3930 338 3995 sis,
357 3930 496 3984 Eilbertus
516 3930 672 3993 iliadensis,
691 3927 770 3981 Hezil
784 3925 1051 3991 Hiltiuisheimeusis,
1070 3925 1164 3980 Beuuo
1177 3925 1411 3994 Oseneburgensi=.

293 4011 371 4077 Eppo
392 4009 586 4078 Neopolitanus
606 4008 793 4078 (Naumburg),
813 4007 922 4060 Imauus
942 4000 1202 4068 Pederbrunnensis,
1228 4005 1306 4059 Tiedo
1328 4005 1410 4057 Bran

291 4089 515 4158 daneburgenais,
541 4089 711 4144 Barchardas
730 4087 901 4150 Losenensis,
926 4087 1017 4140 Brano
1037 4085 1205 4148 Veronensis
1233 4085 1411 4139 Hildcbrsmla

295 4170 384 4224 lratri.
406 4199 437 4210 -
459 4171 513 4225 Cl'r.
533 4170 688 4224 Wattericlr
707 4169 729 4222 1,
748 4168 808 4222 373.

368 4268 390 4333 ²)
410 4269 509 4330 Bumo,
529 4269 568 4322 De
587 4268 656 4322 bello
675 4268 771 4322 Saxou.
792 4265 953 4320 Wattericlr.
973 4265 994 4318 Ι.
1015 4266 1074 4320 376.
