2932 4836
345 527 387 581 Dc
405 523 592 582 Decretslihus
612 526 892 582 Pseudolsidoriauis.
1130 528 1182 580 291

69 671 139 752 egit,
162 670 234 755 ejus
253 668 417 734 auxilium
433 668 646 755 postulasse.“
672 669 858 758 (Constant.
874 667 960 756 Ep'p.
976 669 1069 734 Rom.
1085 669 1182 734 Pont.

69 789 98 852 p.
123 767 233 853 1042.)
280 767 450 832 Videlicet
476 769 523 832 rei
555 767 739 833 substantia
763 769 797 832 iu
821 789 859 832 eo
887 766 1041 854 ponenda
1049 817 1057 850 ,
1094 768 1183 854 quod

68 887 177 930 causae
212 866 353 952 majores
377 864 507 929 definiri
541 886 607 930 non
638 865 782 930 debeant
814 867 896 929 citra
920 867 1117 930 sententiam
1151 875 1183 929 et

68 983 254 1027 consensum
290 962 387 1027 Sedis
422 963 643 1048 Apostolicae.
701 961 943 1028 secundarium
985 963 1066 1049 quid
1108 963 1180 1042 fuit,

68 1071 166 1124 utrum
191 1071 267 1146 post
284 1060 452 1145 judicium
476 1063 706 1146 episcoporum
730 1058 773 1125 ad
798 1061 1098 1142 confirmationem,
1128 1061 1181 1125 vel

61 1158 124 1242 jam
155 1169 234 1223 ante
267 1156 348 1222 illud
382 1157 574 1223 referendae
599 1168 725 1240 essent,
759 1159 859 1244 idque
894 1158 1113 1222 determinare
1146 1160 1180 1222 in

65 1267 217 1339 potestate
240 1254 442 1321 Pontificum
466 1266 546 1321 crat.
592 1257 744 1342 Ipsorum
768 1266 856 1320 certe
880 1257 980 1320 etiam
1004 1265 1075 1320 erat
1098 1255 1180 1342 diju-

64 1353 183 1436 dicare,
219 1376 263 1417 an
297 1352 519 1438 depositiones
552 1357 781 1442 episcoporum
815 1355 857 1420 ad
889 1376 1007 1420 causas
1040 1354 1181 1440 majores

64 1454 279 1535 pertinerent;
314 1453 380 1514 imo
414 1450 477 1515 bac
512 1451 552 1516 de
585 1475 621 1516 re
654 1462 788 1539 propter
819 1451 978 1540 adjuncta
1012 1451 1180 1516 diversum

62 1551 160 1634 potuit
183 1571 257 1613 esse
275 1549 454 1635 judicium.
501 1547 567 1615 Sed
592 1560 679 1615 certe
700 1573 796 1615 nemo
822 1551 935 1615 mirari
949 1560 1065 1636 potest,
1091 1551 1180 1637 quod

61 1646 211 1712 Nicolaus
236 1647 252 1711 I
277 1647 499 1732 depositiones
523 1650 751 1734 episcoporum
788 1651 895 1712 causis
920 1648 1099 1734 majoribus
1123 1648 1179 1712 ad-

62 1747 239 1832 scripserit,
271 1748 297 1808 si
323 1755 444 1809 statum
467 1769 578 1810 rerum
602 1745 689 1811 illius
712 1748 829 1810 aetatis
853 1747 1073 1833 perpenderit.
1121 1747 1178 1811 Es-

62 1843 201 1908 sentialis
235 1845 374 1907 mutatio
409 1843 604 1930 disciplinae
638 1844 783 1930 profecto
808 1843 995 1908 nullatcnus
1029 1843 1106 1908 inde
1131 1845 1164 1908 di

62 1943 213 2005 manavit.

141 2039 194 2103 82.
221 2036 277 2102 Ad
292 2037 530 2123 appellationes
546 2039 802 2126 presbytororum
824 2039 912 2125 quod
927 2050 1062 2127 spectat,
1088 2039 1175 2105 Zosi-
1189 2045 1349 2096 sparnum

60 2157 141 2200 mum
183 2134 408 2224 (417-418)
442 2135 629 2200 Innocentii
664 2159 886 2202 successorem
922 2138 1173 2224 appellaverunt
1200 2105 1333 2211 ¹⁹¹lede

60 2233 237 2299 Coelestius
259 2233 386 2318 Pelagii
411 2233 529 2316 socius,
555 2242 586 2298 et
610 2233 767 2321 Apiarius
790 2234 963 2321 presbyter
986 2235 1176 2324 Africanus,

58 2355 74 2396 o
104 2333 269 2396 sententia
301 2333 531 2418 episcoporum
562 2331 707 2396 Africae.
754 2331 904 2397 Zosimus
938 2333 1073 2420 ejusque
1107 2356 1177 2398 suc-

60 2451 196 2494 cessores
228 2429 415 2493 Bonifatius
446 2429 646 2512 (418-422)
678 2440 711 2495 et
735 2429 941 2495 Coelestinus
972 2431 1177 2520 (sss-432)

61 2527 241 2592 nullatenus
261 2525 456 2591 dubitarunt
470 2528 633 2614 ejusmodi
655 2527 923 2614 presbyterorum
940 2529 1176 2616 appellationes

60 2629 231 2711 suscipere,
249 2647 428 2712 eorumque
444 2648 578 2690 causam
593 2629 784 2691 examinare
801 2636 834 2690 et
849 2627 1013 2692 dirimere.
1053 2627 1175 2693 Notum

60 2724 189 2809 quidem
214 2733 279 2805 est,
304 2721 346 2786 ob
371 2723 627 2810 appellationem
651 2723 781 2809 Apiarii
805 2724 1056 2790 reclamationes
1079 2725 1175 2790 vehe-

60 2824 230 2886 mentiores
253 2822 484 2906 cpiscoporum
508 2821 642 2886 Africae
666 2832 797 2886 exortas
825 2823 944 2904 fuisse3
976 2823 1033 2888 scd
1057 2824 1098 2887 iis
1122 2846 1175 2886 ne-

59 2939 219 3005 quaquam
252 2917 393 2982 Romani
423 2919 601 2983 Pontifices
635 2918 844 3006 cesserunt.¹)
890 2919 1040 2984 Zosimus
1072 2943 1174 3006 quum

59 3015 228 3102 Apiarium
258 3015 500 3081 restituendum
524 3017 713 3099 mandaret,
746 3019 941 3103 provocavit
963 3017 1006 3082 ad
1030 3041 1173 3084 oenones

59 3109 274 3196 Sardiccnses,
299 3136 381 3200 quos
405 3113 493 3179 bona
517 3115 582 3178 lide
605 3115 772 3180 Nicaenos
796 3115 897 3198 dixit;
926 3126 1023 3203 atque
1047 3127 1173 3181 contro·

60 3213 181 3277 versiae
211 3214 346 3276 acrioris
378 3210 462 3277 baec
494 3213 558 3277 fuit
580 3213 745 3278 occasi0.'
768 3211 880 3293 Quum
914 3215 1173 3300 enimepiscopi

60 3309 203 3375 Africani
227 3312 314 3375 inter
335 3310 500 3374 Nicaenos
525 3332 668 3376 canones
692 3309 764 3375 illos
787 3333 852 3376 non
877 3313 1075 3396 invenirent,
1100 3311 1173 3378 Sar-

60 3405 187 3474 dicense
210 3430 288 3473 vero
313 3407 491 3474 concilium
515 3409 652 3497 ejusque
677 3431 820 3475 canones
844 3431 910 3474 non
927 3423 1171 3495 cognoscerent,

59 3503 200 3570 obsecuti
224 3504 360 3592 quidem
383 3516 461 3570 sunt
475 3505 597 3571 Zosimi
622 3507 797 3590 mandatis,
821 3507 1016 3594 regulasque
1040 3507 1170 3594 abipso

60 3601 170 3668 allatas
192 3627 225 3668 se
249 3615 435 3668 servaturos
459 3607 638 3690 promisere
646 3654 654 3687 ,
688 3605 793 3669 donec
817 3605 1019 3691 exemplaria
1043 3605 1170 3690 Synodi

60 3695 218 3766 Nicaense
251 3723 293 3765 ex
324 3701 460 3767 Oriente
493 3701 729 3768 obtinerentur.
776 3703 933 3768 Attamen
961 3704 1032 3791 jam
1065 3703 1107 3768 ab
1140 3727 1170 3768 a.

60 3797 119 3861 418
143 3801 178 3863 in
197 3799 322 3884 synodo
347 3821 508 3864 canonem
532 3801 751 3882 confecerant,
777 3823 839 3888 quo
857 3802 1057 3887 presbyteris
1074 3803 1170 3866 inter-

61 3892 207 3962 dicebant
239 3895 471 3984 appellationes
505 3901 753 3978 troasmon'aos,
789 3910 821 3964 et
853 3923 882 3966 a.
915 3901 981 3965 419
1005 3899 1170 3966 Bonifatio

62 3997 302 4060 transmiserunt
332 3995 501 4082 exemplar
524 3996 643 4082 synodi
668 3997 835 4062 Nicaenae
868 4019 910 4062 ex
934 3997 1070 4064 Oriente
1093 3997 1169 4062 alls·

61 4103 136 4172 tum,
163 4102 194 4154 ut
216 4093 435 4176 ostenderent,
460 4117 603 4159 canones
619 4119 637 4159 a
655 4095 872 4160 Pontificibus
894 4098 1010 4160 citatos
1025 4099 1058 4160 in
1076 4097 1169 4161 Actis

62 4231 261 4244 ..ξ-,ω-

130 4301 153 4368 ²)
169 4301 233 4359 Vide
251 4306 284 4359 de
303 4305 414 4375 apiario
433 4306 546 4363 Dissert.
565 4313 629 4364 tom.
650 4307 684 4363 ll.
701 4323 727 4376 p.
749 4307 800 4361 217
819 4323 874 4376 sqq.

601 4423 606 4428 .
1011 4399 1061 4451 ΙΨ
