2952 4832
330 505 382 556 25⁴5
577 501 651 556 XXI.
671 502 710 556 De
729 503 752 556 S¹
775 499 907 567 Gregorio
928 497 982 552 VII
1000 499 1076 552 Rom.
1096 499 1236 555 Pontifice.

171 643 305 691 masiis
418 647 472 710 46.
519 645 590 709 Rex
622 644 756 730 quidem
789 666 877 708 anuo
912 641 997 707 1066
1032 663 1052 706 a
1083 644 1277 727 proceribus
1309 645 1421 710 Tribme

205 729 280 760 ''⁰¹⁸''
331 745 537 827 congregatis
552 741 595 806 ad
611 740 844 806 dimittendum
859 738 1078 804 Adalbertum
1094 749 1127 804 et
1141 743 1364 826 recipiendum
1375 744 1423 808 dn·

330 861 449 904 nonem
485 851 618 905 coactus
651 850 708 904 est.
756 837 821 902 Sed
850 857 952 922 quum
985 837 1241 902 adolescentiam
1282 841 1422 904 Henricus

330 938 567 1020 ingrederetur,
583 939 726 1002 effrenae
738 937 890 1002 libidinis
901 937 1045 1022 passioni
1060 959 1131 1000 sese
1144 937 1292 1004 tradidit.
1304 939 1422 1004 Uxorem

329 1036 462 1122 quidem
488 1035 586 1099 duxit
609 1057 696 1100 anno
716 1035 800 1100 1066
824 1034 983 1098 Bertham
1008 1033 1249 1101 nobilissimam
1274 1039 1424 1122 virginem.

330 1133 461 1198 Ottonis
494 1134 588 1198 ducis
611 1133 715 1198 Susae
748 1133 861 1202 liliam,
895 1153 995 1218 quam
1026 1133 1225 1198 infantulam
1255 1136 1319 1220 ipsi
1348 1155 1423 1220 puero

325 1232 397 1316 jam
422 1231 679 1316 desponsaverat
707 1240 809 1316 pater.
857 1228 923 1294 Sed
952 1230 1075 1314 conjux
1107 1231 1171 1294 luit
1198 1233 1229 1295 ei
1255 1234 1374 1300 invisa.
1398 1255 1425 1294 ar

329 1340 404 1415 poet
426 1339 492 1393 tres
515 1352 620 1394 annos
645 1327 893 1393 dissolutionem
919 1329 1121 1391 matrimonii
1146 1341 1285 1394 conatus
1299 1341 1347 1394 est
1366 1329 1425 1394 obti-

329 1449 418 1491 nere.
465 1427 548 1490 Eam
580 1425 740 1492 illibatam
773 1427 968 1490 remansisse
995 1428 1145 1508 asseruit,
1179 1437 1212 1490 et
1241 1449 1277 1490 se
1300 1431 1427 1493 incertus

331 1545 390 1610 quo
406 1524 495 1610 foto,
519 1547 577 1609 quo
591 1525 654 1588 Dei
669 1525 805 1610 judicio,
830 1523 1103 1588 consuetudinem
1128 1547 1203 1588 cum
1221 1548 1261 1589 eo
1275 1549 1339 1590 non
1355 1547 1426 1611 pene

332 1621 464 1702 habere,
488 1621 636 1707 adeoque
659 1622 907 1685 matrimonium
922 1630 1031 1686 ratum
1048 1621 1193 1707 quidem,
1219 1623 1279 1687 sed
1293 1644 1357 1688 non
1371 1645 1426 1686 con·

331 1729 542 1800 summatum,
567 1719 704 1784 dissolvi
727 1721 832 1804 petiit.
864 1718 979 1804 Aliqui
1003 1721 1161 1806 episcopi,
1185 1724 1362 1808 praecipue
1375 1721 1424 1786 llo·

331 1819 500 1902 guntinus,
524 1818 595 1901 jam
619 1840 657 1882 eo
681 1817 888 1880 inclinabant
918 1827 954 1880 ut
975 1819 1044 1900 regi
1070 1818 1235 1903 cederent,
1265 1821 1324 1884 sed
1346 1821 1428 1884 Romi

332 1918 451 1980 missus
479 1926 527 1979 est
558 1939 582 1980 s.
606 1917 724 1980 Petrus
746 1915 934 1978 Damianus
964 1913 1007 1978 ad
1031 1915 1094 1979 hoc
1117 1918 1288 1999 negotium
1312 1929 1427 1982 macun-

333 2015 424 2093 dum,
449 2016 541 2099 isque
558 2015 783 2098 increpatione
808 2022 840 2076 et
854 2013 1111 2077 comminatione
1135 2033 1252 2078 severa
1269 2015 1429 2080 Henricun

332 2135 352 2175 a
368 2121 488 2176 conatu
504 2113 631 2175 nefasto
656 2111 825 2174 deterruit.
858 2109 1033 2174 Caeterum
1050 2132 1128 2174 vero
1152 2133 1211 2175 rex
1237 2133 1304 2178 non
1328 2113 1429 2178 destitit

333 2231 453 2296 pravos
469 2231 544 2273 suas
560 2210 652 2294 sequi
670 2209 878 2292 cupiditates,
903 2207 1072 2273 Ecclesiae
1088 2230 1225 2274 munera
1241 2219 1275 2272 et
1291 2210 1431 2276 beneficia

293 2343 294 2348 ι
332 2309 479 2390 indignis
491 2309 633 2392 pecunia
649 2317 782 2392 recepta
798 2305 957 2386 conferre,
982 2327 1057 2370 suos
1071 2316 1182 2372 autem
1201 2307 1358 2388 subditos,
1379 2329 1431 2371 ma-

332 2407 421 2470 xime
437 2407 593 2484 Saxones,
620 2404 701 2468 dure
714 2406 908 2489 opprimere.
937 2402 1140 2468 Adalbertus
1156 2405 1345 2470 Bremensis
1365 2427 1431 2470 mor·

332 2513 408 2568 tuus
432 2514 481 2566 est
503 2524 590 2566 anno
608 2503 742 2582 10721)
767 2512 799 2565 et
818 2501 1027 2587 quambrevi
1051 2512 1198 2588 tempore
1218 2505 1317 2567 Anno
1339 2527 1384 2568 res
1406 2505 1430 2564 in

331 2723 409 2777 thero
437 2722 596 2792 dignissimo
615 2721 834 2790 Bobenhergensi
853 2723 982 2790 episeopo,
1013 2723 1157 2786 „successit
1184 2723 1209 2777 ei
1237 2725 1266 2778 in
1296 2723 1432 2792 episcopata

332 2804 512 2858 Herimsnnus
541 2803 720 2858 vicedominus
747 2803 935 2872 Moguntinus,
964 2802 1010 2870 qui
1036 2802 1065 2856 in
1093 2803 1185 2858 amem
1204 2805 1433 2872 Hierosolymitom

332 2883 553 2952 peregrinatione
581 2883 754 2948 constitutus,
783 2883 845 2936 dum
873 2899 933 2938 eum
959 2882 1142 2938 invalescente
1169 2883 1263 2938 morbo
1287 2885 1320 2939 ad
1344 2883 1432 2938 emtum

332 2963 424 3033 urgeri
444 2963 556 3028 videret,
575 2965 741 3033 legationem
760 2963 901 3030 praemisit
920 2963 953 3016 sd
972 2962 1135 3017 necessarios
1154 2981 1225 3030 euos,
1244 2965 1339 3031 quibus
1356 2963 1433 3032 patria

331 3045 461 3098 excedens
480 3060 545 3098 suae
564 3046 602 3099 rei
621 3042 764 3097 familiaris
782 3042 1009 3111 dispensationem
1029 3043 1214 3112 delegaverat,
1233 3051 1334 3112 petens,
1350 3057 1376 3098 nr
1389 3043 1431 3096 siin

331 3123 366 3176 ad
384 3124 567 3192 episcopatum
587 3137 694 3190 qusque
712 3129 821 3191 possent
839 3123 945 3176 ratione
973 3122 1078 3176 aditum
1104 3123 1304 3191 patefacerent3
1333 3125 1392 3192 quod
1408 3130 1430 3172 et

330 3203 422 3258 sedulo
440 3203 564 3258 iecerunt
581 3205 690 3273 profuso
709 3204 738 3257 in
756 3204 951 3270 coemptionem
970 3203 1027 3270 eJus
1046 3203 1155 3272 argenti
1169 3210 1197 3258 et
1216 3205 1278 3259 auri
1296 3206 1432 3260 intestinas

331 3283 379 3340 bili
398 3285 514 3352 pondere
620 3283 772 3352 Amolpbus
791 3283 959 3338 wormatiae
977 3283 1125 3352 episcopus,
1150 3285 1194 3338 vir
1212 3286 1370 3352 pontificalis
1387 3299 1431 3336 nc

331 3365 435 3419 destiae
454 3371 483 3418 et
500 3365 664 3429 sanctitatis,
690 3364 821 3432 migravit
844 3364 878 3417 ad
897 3364 1046 3429 Dominum,
1070 3365 1251 3432 successitque
1275 3367 1300 3420 ei
1320 3365 1431 3419 stenen

331 3445 484 3510 monachus,
510 3461 543 3498 ex
557 3446 719 3499 monasterio
737 3443 825 3498 sancti
846 3443 926 3509 Galli,
953 3443 1038 3498 irater
1057 3443 1191 3512 Rudolphi
1210 3446 1295 3510 dacia,
1313 3463 1363 3500 uno
1379 3443 1432 3512 ped?

331 3526 439 3579 omuino
458 3525 561 3590 debilis,
580 3526 623 3579 vir
641 3525 790 3592 peremnia
809 3525 908 3592 dignus
927 3525 1080 3591 spectando.
1106 3523 1174 3578 Erat
1188 3525 1262 3578 enim
1281 3523 1430 3579 fortitudinis

331 3621 454 3674 magnae,
474 3605 619 3660 edacitatis
637 3605 744 3669 nimiae,
764 3604 950 3659 crassitudinis
969 3611 1065 3658 mutae
1084 3619 1153 3671 quae
1172 3605 1369 3672 aspicientibus
1384 3605 1430 3656 ior·

331 3701 418 3740 rorem
436 3687 523 3753 magis
546 3687 689 3748 incuteret,
718 3701 797 3752 quem
821 3685 1032 3750 admirationem,
1056 3699 1106 3739 nee
1123 3685 1164 3738 ita
1182 3686 1352 3740 centimanus
1367 3685 1429 3754 rige·

331 3771 381 3820 aut
399 3766 472 3820 aliud
491 3766 666 3833 antiquitatis
686 3771 841 3830 monstrum,
860 3765 883 3818 si
905 3765 938 3818 ab
958 3764 1052 3820 inieris
1071 3773 1233 3834 emergeret,
1252 3767 1383 3834 stupentis
1398 3779 1430 3830 pa

330 3845 389 3914 puli
407 3846 495 3900 oculos
514 3845 542 3900 in
561 3861 590 3901 se
608 3852 691 3912 atque
710 3862 756 3898 ora
774 3851 945 3898 converteret
956 3849 968 3873 ‘⁶

408 3973 426 4036 ¹)
448 3971 556 4038 „Morbo
575 3978 604 4025 et
622 3975 714 4024 aetate
733 3969 888 4034 exhaustus,
907 3968 1001 4024 scribit
1013 3969 1184 4036 Lambertus,
1203 3988 1264 4025 cum
1277 3971 1323 4026 diu
1341 3987 1385 4038 per
1399 3981 1430 4018 ti·

330 4050 520 4117 quisitissimas
531 4051 691 4105 medicorum
705 4067 799 4118 operae
818 4049 897 4103 morti
918 4049 1085 4104 obluctatum
1103 4049 1211 4116 luisset,
1230 4052 1306 4118 qussi
1324 4061 1431 4104 naturas

331 4137 392 4184 arte
410 4131 517 4185 eludere
536 4138 633 4198 posset,
653 4131 788 4185 mediante
807 4128 1027 4198 Quadregesima,
1046 4129 1113 4184 xvi
1131 4129 1259 4186 calendas
1278 4129 1383 4198 spritu.
1399 4127 1432 4178 de

331 4205 418 4262 bitum
442 4209 590 4264 conditioni
614 4211 754 4278 persolvit,
783 4215 812 4263 et
830 4208 1012 4277 pertinacibus
1031 4209 1099 4264 odiis
1117 4210 1262 4278 bominum,
1289 4211 1357 4278 quod
1380 4221 1432 4260 nun·

331 4303 412 4352 qnam
437 4294 565 4354 potuerat
590 4290 714 4356 vivendo,
743 4291 851 4344 tandem
878 4289 1021 4356 aliquando
1047 4289 1183 4344 satisfecit
1201 4291 1343 4346 moriendo.
1380 4287 1432 4338 lin!
