2952 4832
270 488 326 542 300
524 487 598 541 xxi.
619 487 659 541 De
677 488 702 542 S.
723 487 856 558 Gregorio
874 488 930 542 VII
948 489 1023 544 Rom
1043 491 1185 546 Pontifice.

271 620 400 686 Eisdem
425 619 551 704 synodo
585 621 685 685 etiam
718 621 888 686 decretum
921 635 1036 687 contra
1069 626 1284 690 investituras
1306 649 1393 690 reuo-

273 728 388 782 vatum
413 729 471 782 est.

362 863 415 925 95.
455 861 620 924 Henricus
645 861 782 947 ejusque
805 863 967 945 fautores,
1001 863 1118 928 audita
1141 867 1247 952 ipsius
1271 888 1395 930 exeom-
1472 849 1473 856 ἵ

273 961 499 1023 munioatioue
524 967 556 1020 et
580 958 796 1044 depositione,
821 959 1039 1026 vehementer
1061 965 1219 1027 commoti
1245 973 1331 1044 sunt,
1364 979 1397 1028 et

270 1056 471 1142 Gregorium
497 1056 563 1119 VII
593 1059 788 1142 quorumvis
818 1060 965 1144 turpium
990 1068 1022 1123 et
1045 1061 1267 1126 nefandorum
1293 1063 1397 1127 crimi-

272 1177 364 1235 num,
400 1156 540 1239 magiae,
574 1153 804 1240 impudicitiae
830 1165 862 1220 et
886 1156 1059 1222 haereseos
1082 1171 1290 1241 accuranter,
1324 1183 1397 1225 eum

272 1253 469 1338 pontificatu
494 1251 727 1338 deponendum
753 1275 824 1318 esse
849 1254 1109 1321 conclamarunt.
1158 1257 1273 1322 Mense
1296 1259 1396 1324 Juuio

273 1359 385 1415 autem
409 1351 544 1435 triginta
568 1353 715 1437 episcopi
740 1351 953 1417 eGermania
970 1353 1252 1438 etLongobardia
1276 1355 1397 1442 plures-

271 1471 338 1536 que
363 1448 474 1514 clerici
499 1459 531 1512 et
554 1448 630 1513 laici
662 1471 738 1514 cum
762 1449 909 1515 Henrico
935 1450 984 1514 IV
1008 1453 1167 1517 Brixinae
1195 1467 1398 1519 conventum

274 1546 472 1614 habueruut.
506 1545 630 1612 Iterum
654 1546 754 1633 Hugo
781 1547 953 1613 Candidus
976 1558 1013 1613 ut
1036 1547 1188 1634 Gregorii
1214 1551 1281 1616 VH
1303 1575 1399 1617 accu-

273 1655 363 1709 sator
377 1646 545 1728 processit,
571 1644 820 1731 calumniasque
837 1648 961 1731 priores
974 1649 1121 1734 repetiit,
1139 1648 1270 1714 addidit
1286 1652 1398 1718 etiam.

273 1743 472 1806 Pontificem
506 1743 644 1807 insidias
675 1754 801 1808 struere
821 1729 976 1809 'Henrici
1007 1747 1108 1826 vitae,
1139 1746 1295 1810 asseclam
1322 1769 1400 1811 eum

273 1863 345 1904 esse
361 1839 554 1925 Berengarii
578 1839 749 1922 haeretici,
776 1852 808 1908 et
832 1864 967 1927 magum
985 1845 1041 1929 qui
1059 1865 1136 1908 cum
1153 1843 1313 1909 daemone
1341 1848 1400 1910 ini-

274 1941 337 2003 erit
360 1949 505 2025 pactum.
553 1939 733 2003 Decretum
765 1941 866 2024 igitur
890 1941 1106 2026 depositionis
1130 1941 1279 2027 Gregorii
1302 1965 1401 2028 prac-

274 2036 361 2101 sules
385 2036 523 2102 rebelles
547 2035 778 2120 condiderunt,
804 2039 857 2101 cui
883 2041 982 2102 etiam
1001 2039 1167 2104 Henricus
1191 2039 1400 2126 subscripsit.

275 2135 445 2200 Audacter
480 2135 557 2199 dein
588 2157 664 2199 cum
697 2137 796 2200 unico
821 2135 965 2221 Hugone
990 2136 1168 2202 Uardinale
1200 2137 1402 2204 Pontificem

274 2233 445 2318 elegerunt
468 2232 669 2298 Guibertum
693 2233 982 2320 archiepiscopum
1006 2235 1303 2316 Ravennatensem,
1343 2243 1400 2324 qui

113 2339 213 2420 Qu·
224 2337 253 2380 ¹¹¹
276 2330 457 2397 Clementis
471 2331 522 2396 ΙΙΙ
547 2353 668 2396 nomen
692 2335 881 2418 assumpsit.
911 2334 1075 2398 Henricus
1095 2335 1183 2399 illico
1206 2333 1402 2420 genuflexo

129 2410 238 2460 mm*
274 2441 310 2493 ut
334 2431 530 2494 Pontificem
562 2453 637 2494 eum
662 2439 840 2495 veneratus
872 2442 930 2512 est,
963 2434 1059 2518 eique
1083 2433 1296 2518 jurejurando
1325 2457 1400 2519 pro-

274 2531 373 2611 misit,
404 2529 543 2593 se'cum
575 2531 724 2593 exercitu
758 2529 850 2593 illum
876 2530 1015 2594 Romam
1040 2553 1110 2596 esse
1135 2532 1320 2610 ducturum,
1349 2557 1402 2596 ac·

272 2639 512 2714 captarumque
538 2651 579 2690 ex
605 2628 675 2713 ejus
701 2626 855 2693 manibus
880 2629 1015 2715 Imperii
1040 2652 1206 2694 coronam.
1253 2627 1402 2694 Guiber·

271 2737 325 2790 tus
349 2747 469 2810 magno
494 2748 570 2790 cum
587 2727 673 2790 fastu
691 2728 823 2790 interim
839 2727 1034 2791 Ravennam
1050 2730 1202 2794 recessit:
1226 2725 1404 2794 Henricus

270 2837 382 2888 autem
408 2827 440 2888 in
466 2822 680 2888 Germaniam
716 2824 814 2888 rediit
837 2823 1026 2911 bellumque
1051 2826 1255 2892 continuavit
1279 2841 1401 2892 contra

271 2920 496 3007 Rudolphum.
531 2925 598 2986 Die
623 2922 682 2984 15⁰
706 2921 860 2987 Octobris
884 2927 979 2987 atrox
1002 2924 1165 3008 praelium
1190 2927 1222 2987 iu
1246 2921 1402 2990 Saxonis

269 3022 315 3084 ad
349 3020 508 3084 Alistrum
543 3020 685 3084 fluvium
715 3022 926 3084 commissum
960 3031 1025 3094 est,
1062 3024 1097 3085 in
1129 3043 1193 3108 quo
1227 3021 1401 3086 Henricus

270 3118 406 3205 quidem
438 3117 600 3200 devictus,
636 3118 694 3182 sed
719 3119 914 3204 Rudolphus
945 3120 1028 3183 adeo
1054 3131 1102 3184 est
1125 3120 1329 3198 vulneratus,
1365 3138 1400 3186 ut

270 3217 388 3302 paucis
412 3227 485 3301 post
509 3215 626 3280 diebus
650 3215 873 3281 occumberet.
921 3217 1044 3281 Iisdem
1060 3217 1129 3281 fere
1154 3217 1269 3280 diebus
1291 3221 1397 3283 etiam

272 3313 393 3378 milites
417 3313 588 3378 Matbildis
620 3316 654 3378 iu
679 3313 915 3399 Longobardia
939 3315 981 3380 ab
1006 3317 1154 3382 exercitu
1180 3315 1315 3378 Henriei
1344 3317 1398 3380 de·

271 3413 352 3477 victi
377 3423 462 3476 sunt.
510 3411 593 3477 Inde
617 3412 755 3476 Henrici
790 3423 899 3498 partes
924 3412 1021 3478 valde
1053 3413 1201 3478 firmatae
1231 3423 1319 3492 sunt,
1358 3437 1397 3478 eo

270 3509 325 3574 vel
357 3511 471 3596 magis,
509 3510 598 3595 quod
630 3509 724 3574 multi
765 3520 1010 3596 praematuram
1048 3510 1214 3596 Rudolphi
1255 3526 1395 3576 mortem

268 3607 387 3672 divino
412 3608 639 3674 adscriberent
663 3609 806 3692 judicio.
843 3619 876 3671 et
904 3609 982 3673 inde
1011 3609 1167 3694 injustam
1192 3609 1291 3672 fuisse
1320 3611 1395 3694 ejus

269 3729 405 3772 causam
430 3693 511 3771 salio
537 3707 782 3771 concluderent.

359 3861 413 3925 96.
446 3859 559 3923 Altero
576 3881 663 3924 anno
683 3858 764 3924 1081
793 3858 972 3942 Gregorius
989 3857 1056 3922 VII
1081 3869 1225 3944 temporo
1240 3857 1391 3936 Quadra-

266 3960 415 4044 gesimae
439 3960 558 4022 iterum
583 3956 700 4022 hebuit
717 3957 892 4041 synodum,
917 3958 952 4021 in
969 3979 1035 4042 qua
1059 3979 1181 4022 novam
1205 3977 1391 4020 excommu-

268 4059 471 4121 nicationem
496 4057 572 4122 tulit
595 4058 630 4121 in
646 4055 832 4120 Henricum
856 4057 993 4141 ejusque
1018 4057 1170 4120 fautores.
1217 4053 1285 4118 Rex
1306 4073 1389 4117 vem

268 4177 346 4219 oum
371 4157 503 4240 copioso
529 4155 678 4218 exercitu
704 4155 738 4216 iu
751 4152 882 4217 Italiam
907 4174 941 4216 se
965 4152 1115 4234 contulit,
1140 4162 1176 4216 ut
1198 4154 1385 4236 antipapam

269 4245 480 4318 Clementem
510 4255 544 4317 in
575 4252 664 4316 Petri
702 4250 893 4315 cathedram
930 4250 1122 4330 intruderet,
1158 4259 1253 4336 atque
1286 4250 1385 4310 etiam
