2932 4836
405 516 519 572 Photius
538 517 800 584 pseudopatriarcha.
1111 519 1164 574 303

68 661 223 726 crinibus
237 660 420 725 caederetur
438 671 468 723 et
482 681 521 722 eae
535 669 640 722 oestro
653 661 768 744 petria
786 658 959 744 pelleretur
981 665 1023 744 (c.
1044 664 1106 739 14).
1120 697 1163 710 -

69 759 162 841 Vides,
186 757 370 824 Orientales
386 756 538 841 Bulgaris
562 755 769 842 querelarum
793 759 999 823 occasionem
1020 759 1163 837 dedisse3

66 855 214 941 probabile
238 857 337 920 etiam
361 864 426 936 est,
457 854 613 937 Bogorim
643 855 774 917 novisse
803 853 912 919 Photii
935 855 1026 920 litem
1051 868 1164 922 contra

64 955 222 1038 ignatium,
247 953 391 1038 indeque
415 949 567 1016 OPtanos
589 952 618 1014 ei
644 962 812 1036 suspectos
835 951 946 1019 fnisse.

136 1099 187 1164 53.
217 1097 393 1161 Praeterea
426 1117 504 1159 vero
538 1097 597 1159 vix
621 1094 765 1160 dubitari
798 1106 920 1181 potest,
957 1096 999 1161 ob
1022 1099 1165 1162 rationes

63 1217 176 1282 quoque
198 1192 351 1280 politicas
374 1192 529 1278 Bogorim
554 1215 630 1256 cum
655 1191 926 1258 Occidentalibus
950 1204 1080 1259 etcum
1105 1196 1165 1259 Ro·

64 1315 144 1357 mano
167 1291 328 1357 Pontifice
355 1292 465 1377 potius
490 1289 693 1356 desiderasse
717 1294 957 1356 connexionem
981 1292 1165 1372 arctiorem,

63 1412 145 1475 quam
179 1411 255 1454 cum
289 1390 426 1474 imperio
459 1388 609 1453 orientali
643 1397 675 1452 et
705 1411 781 1452 cum
810 1388 998 1475 patriarcba
1022 1387 1165 1454 CPtano.

62 1487 200 1552 Timebat
224 1487 381 1552 videlicet
404 1509 473 1562 rex,
498 1509 540 1551 ne
565 1486 824 1572 independentia
849 1488 919 1574 ejus
935 1486 1166 1573 politicaperi-

62 1585 230 1665 ditaretur,
265 1587 292 1648 ai
324 1584 546 1670 dependentia
570 1584 792 1648 ecclesiasticis
825 1587 928 1671 ipsius
951 1607 1089 1671 regnum
1112 1608 1167 1671 pa·

60 1682 210 1748 triarcbae
246 1679 380 1747 CPtsno
420 1682 647 1768 subjiceretur.
699 1683 921 1748 Desiderabat
958 1684 1059 1768 igitur
1097 1705 1166 1769 pro-

61 1783 157 1866 prium
179 1778 403 1866 patriarcham
427 1782 462 1844 in
486 1802 544 1844 sno
568 1802 669 1865 regno
695 1779 827 1860 habere,
852 1781 952 1868 idque
972 1804 992 1845 a
1008 1781 1167 1847 Pontificc

60 1877 204 1944 obtinere.
251 1877 363 1942 Etiam
395 1900 471 1941 cum
502 1867 722 1964 principibus¹
740 1876 931 1942 Occidentis
961 1879 1098 1963 Bogoris
1129 1901 1166 1943 eo

61 1988 193 2061 tempore
217 1975 344 2040 studuit
367 1976 549 2040 amicitiam
574 1976 674 2059 inire,
700 1997 835 2060 sperans
858 1977 1004 2061 profecto
1028 1977 1107 2056 lore,
1131 1987 1168 2040 ut

60 2085 163 2138 contra
185 2075 366 2160 Imperium
392 2072 537 2137 Orientis
561 2073 733 2137 occasione
757 2073 835 2137 data
863 2073 941 2139 inde
964 2071 1090 2138 auxilia
1113 2073 1167 2138 ob-

58 2174 176 2238 tineret.
227 2172 278 2236 Ita
312 2171 460 2236 Annales
495 2170 620 2235 Bertin.
661 2170 704 2234 ad
739 2193 768 2236 a.
805 2171 870 2236 866
909 2171 991 2237 haec
1026 2170 1167 2236 babent:

59 2271 179 2334 Mittens
202 2270 367 2355 (Bogoris)
400 2269 444 2333 ad
468 2267 659 2332 ludovicum
686 2267 877 2333 Germanice
909 2292 1025 2356 repent,
1057 2271 1112 2356 qni
1139 2272 1169 2333 el

50 2367 174 2450 foedere
193 2369 287 2454 pacis
310 2372 492 2458 conjunctus
511 2377 590 2445 erut,
614 2367 792 2452 episcopum
810 2378 840 2430 et
849 2367 1050 2454 presbyteros
1059 2379 1169 2454 postn-

58 2464 138 2542 lccs't,
161 2475 190 2528 et
213 2464 252 2528 ab
277 2488 311 2528 eo
336 2466 447 2528 missos
470 2463 578 2527 debita
593 2465 793 2527 veneratione
810 2466 953 2550 suscepit.
993 2465 1169 2530 ludovicus

57 2574 152 2627 actem
175 2562 219 2625 ed
238 2559 386 2626 Cerolum
402 2561 543 2648 fratrem
566 2584 654 2624 ouum
676 2562 811 2640 mittens,
835 2563 870 2626 e'n
890 2564 1098 2628 ministerium
1112 2563 1169 2628 cle-

57 2661 184 2724 ricorum
214 2660 303 2748 opud
324 2661 468 2746 fratrem
498 2681 587 2722 suum
615 2680 694 2722 oasa
717 2670 847 2723 sacrate
876 2681 1043 2748 sanesque
1072 2671 1169 2725 uestes

55 2769 80 2818 et
106 2757 202 2822 libros
225 2760 332 2844 petiit.
385 2757 473 2822 Unde
501 2754 634 2820 Carolus
662 2756 702 2819 ab
730 2758 885 2844 episcopis
912 2759 979 2822 suls
1004 2781 1068 2822 non
1089 2782 1168 2844 par·

58 2879 119 2918 cam
147 2879 298 2920 nemmem
321 2856 480 2941 accipiens
510 2854 539 2917 ei
568 2854 613 2916 ad
643 2854 842 2940 dirigendum
869 2855 937 2938 repe'
958 2855 1169 2944 Bnlpcroraroa

56 2954 232 3017 traresmisa‘t.

136 3096 191 3160 54.
216 3095 388 3158 Venerunt
412 3095 513 3177 igitur
536 3115 648 3156 menae
672 3093 822 3178 Angusto
847 3095 926 3158 anni
950 3095 1014 3158 866
1030 3095 1167 3160 Romam
1197 3108 1322 3159 nasum

54 3191 266 3278 Bulgarorum
298 3192 417 3275 legati,
450 3190 605 3255 Pontifici
640 3190 823 3255 deferentes
854 3193 941 3274 regis
971 3191 1103 3256 litteras
1129 3215 1169 3256 ac
1204 3169 1317 3250 'mu‘

55 3309 195 3372 munera,
220 3299 320 3374 etque
343 3292 510 3352 variarum
531 3291 761 3374 quaestionum
786 3288 991 3371 solutionem,
1016 3301 1048 3354 et
1069 3291 1168 3356 eccle-

53 3389 116 3450 siae
149 3390 183 3452 in
213 3387 278 3452 illis
310 3386 501 3472 regionibus
524 3387 765 3451 ordinationem
798 3411 818 3452 a
841 3388 977 3452 Nicolao
1010 3397 1169 3472 petentes.

54 3483 170 3570 Magno
202 3485 326 3570 gaudio
349 3483 506 3549 Nicolans
541 3485 679 3549 affectus
703 3496 766 3566 cst,
801 3487 848 3549 uti
872 3487 943 3570 ipae
975 3488 1009 3550 in
1034 3487 1170 3571 epistola

52 3581 92 3646 ad
114 3583 335 3648 Hincmarum
360 3585 425 3670 (ep.
453 3581 520 3667 70¹)
545 3582 676 3647 scribit:
705 3581 779 3648 Cum
803 3583 861 3661 bis,
886 3584 1002 3668 inquit,
1027 3586 1170 3649 aumen-

53 3680 132 3744 otas
153 3683 291 3766 undique
313 3691 560 3759 coarctaremur,
592 3691 622 3744 et
643 3680 820 3767 tepentibus
837 3705 1052 3766 premeremur
1075 3705 1169 3768 anpu-

52 3779 138 3842 stiis:
167 3801 233 3842 eece
260 3777 363 3842 subito
394 3778 492 3862 lepnte'
596 3780 679 3862 repis
700 3778 912 3864 Beelparorum.
941 3779 1032 3843 noble
1061 3780 1170 3844 adesse

51 3878 246 3940 nuntiantur.
289 3875 388 3953 Unde,
412 3878 483 3962 qnia
505 3886 551 3940 eat
573 3878 627 3962 qui
650 3877 752 3940 dicere
770 3879 886 3962 possit,
913 3888 1031 3962 quanto
1053 3878 1170 3963 perodio

52 3973 96 4036 uel
128 3985 249 4059 quante
273 3973 467 4038 scultetione
491 3975 588 4038 sitnm
617 3974 747 4061 repleti,
782 3997 815 4038 eo
848 3975 931 4059 qnod
963 3985 993 4038 et
1015 3973 1172 4039 salubrem

52 4091 154 4133 ereum
184 4071 415 4134 conversionem
441 4093 504 4157 per
535 4071 668 4135 dicitius
701 4071 851 4135 bonitatis
874 4073 937 4134 Dei
963 4075 1170 4159 copreoere'mne,

52 4177 79 4228 et
109 4169 185 4252 qnia
211 4168 287 4233 illos
319 4169 497 4232 doctrinam
528 4167 614 4232 beati
636 4171 725 4234 Petri
748 4169 895 4255 Apostoll
927 4179 956 4232 ct
980 4168 1072 4234 Sedis
1105 4175 1172 4260 ejus

53 4266 251 4349 exquisivisse
276 4269 489 4353 comperimus,
514 4268 569 4352 qui
591 4266 662 4330 licet
685 4265 773 4353 lonpe
792 4269 896 4354 positi
918 4290 1058 4354 corpore,
1081 4268 1172 4332 nobis
