3054 4834
318 499 371 550 35⁴
573 497 647 552 XXI.
668 497 708 552 De
727 497 752 552 S.
773 497 906 567 Gregorio
925 499 979 552 VII
999 499 1073 552 Rom.
1094 499 1234 554 Pontifioe.

320 643 509 705 exercuisse
523 639 699 706 influxum.
728 643 817 704 Dein
835 664 984 706 summus
1001 642 1157 706 Pontifex
1172 642 1307 722 electus,
1332 654 1441 730 potens

320 761 419 824 opere
466 748 499 802 et
539 759 707 820 sermone,
761 739 890 804 labores
935 763 993 826 pro
1035 739 1240 804 restituenda
1278 741 1438 805 Ecclesiae

318 836 496 921 disciplina
520 847 552 900 et
576 836 780 901 vindicanda
808 837 880 922 ejus
912 837 1065 904 libertate
1102 839 1325 904 continuavit.
1374 839 1438 921 ,In

319 934 539 998 numerabilia
570 945 646 998 sunt
677 957 763 1020 quae
793 934 848 999 vel
882 935 1010 1002 fortiter
1040 937 1205 1018 sustinuit,
1238 935 1304 1019 vel,
1336 937 1443 1001 multis

318 1033 442 1096 coactis
476 1033 511 1096 in
546 1031 636 1096 Urbe
672 1033 822 1116 synodis,
864 1035 1031 1118 sapienter
1063 1035 1250 1117 constituit,
1288 1038 1341 1099 vir
1370 1057 1443 1099 rere

318 1139 461 1214 sanctus,
503 1130 680 1194 criminum
706 1129 841 1210 vindex,
877 1141 909 1194 et
932 1132 1115 1195 acerrimus
1139 1131 1312 1198 Ecclesiae
1338 1134 1439 1198 delen

318 1231 389 1292 sor“
407 1227 443 1315 ¹).
491 1229 653 1308 Quemvis
678 1237 788 1292 autem
812 1251 989 1294 aerumnas
1012 1239 1044 1294 et
1068 1231 1315 1316 persecutiones
1341 1231 1439 1295 multi·

317 1327 420 1413 plices
445 1347 619 1412 perpessus
644 1337 730 1390 esset
753 1324 933 1408 Gregorius
952 1327 1034 1408 Vll,
1066 1338 1098 1391 et
1121 1328 1255 1414 quando
1287 1330 1322 1393 in
1350 1329 1440 1392 exilio

317 1424 432 1490 obibat
462 1424 614 1488 Ecclesia
655 1426 688 1489 in
724 1446 843 1508 magno
875 1425 1046 1490 videretur
1076 1428 1201 1489 versari
1242 1426 1441 1506 discrimine,

318 1522 423 1587 solida
461 1533 571 1586 tamen
611 1524 680 1606 ipse
712 1523 841 1607 jecerat
879 1523 1099 1589 fundamenta
1138 1522 1294 1588 felicioris
1339 1545 1441 1588 rerum

318 1625 421 1684 statiis
445 1623 500 1706 qui
520 1643 596 1685 mox
613 1621 767 1701 advenit3
793 1623 859 1685 imo
883 1641 948 1686 noo
976 1621 1107 1686 modica
1131 1643 1172 1686 ex
1197 1635 1290 1707 parte
1310 1623 1386 1708 jam
1404 1622 1442 1686 ad

319 1721 486 1805 proprium
513 1719 615 1782 decus
638 1717 816 1782 reduxerat
841 1719 903 1783 Dei
929 1719 1127 1808 Ecclesiam.
1166 1720 1241 1800 Qua
1259 1720 1302 1784 de
1319 1743 1359 1784 re
1378 1736 1443 1806 post

318 1829 504 1881 enarratam
529 1815 680 1898 Gregorii
705 1815 771 1880 Vll
805 1827 943 1882 mortem
977 1817 1148 1902 praeclare
1172 1816 1309 1881 illustris
1337 1817 1442 1882 Anna·

318 1915 399 1980 lium
433 1925 547 1980 auctor
575 1915 751 1980 Beronius:
790 1915 840 1978 Ite
868 1915 978 2001 plone,
1015 1916 1139 1996 scribit,
1170 1917 1443 2001 persecutionibus

318 2013 578 2091 indesinentibus,
604 2014 724 2076 diuersi
737 2015 860 2098 penoris
885 2015 1054 2092 aerumnis,
1079 2024 1172 2099 etque
1188 2036 1282 2100 saepe
1297 2015 1447 2078 caedibus

318 2113 514 2176 sereereiotnm
548 2109 645 2174 multo
673 2109 808 2194 felicius
835 2113 969 2196 paritur·
1000 2109 1171 2175 Ecclesiae
1189 2135 1275 2198 poor,
1314 2112 1443 2175 libertos

318 2211 494 2294 ocqreirinn·
518 2221 610 2294 atque
633 2209 835 2292 confirmetur
859 2207 1081 2287 ecclesiastico,
1114 2220 1143 2272 et
1167 2210 1255 2274 eolus
1280 2214 1443 2296 peaes-itu

317 2308 505 2371 animarum.
554 2304 606 2369 Sic
629 2306 807 2370 sacerdotes
831 2329 905 2370 suos
922 2330 1070 2393 papauere
1094 2319 1124 2372 et
1148 2309 1273 2372 vincere
1300 2306 1443 2372 Christus

318 2405 434 2482 docuit,
458 2408 546 2491 eujus
564 2403 772 2490 passionibus
795 2416 824 2468 et
849 2404 1088 2481 infurnitetibus
1102 2405 1200 2470 robur·
1215 2431 1252 2468 no
1268 2407 1441 2492 fortinerii),

318 2525 355 2564 uo
388 2513 484 2564 morte
516 2503 648 2586 drenique
688 2502 753 2568 oitu
777 2503 931 2586 fidelibus
966 2515 1012 2566 eet
1043 2515 1241 2589 comparatu.
1290 2507 1444 2580 licentior,

316 2601 382 2662 nisi
403 2600 466 2663 isto
483 2603 555 2686 jem,
578 2601 791 2684 coperimento
816 2624 920 2665 rerum
940 2602 1155 2686 praesentium
1179 2606 1358 2668 monstrari
1378 2627 1445 2689 poe·
1510 2597 1511 2654 ἶ

317 2697 391 2774 sint,
417 2721 480 2782 per
507 2697 692 2780 (inspersum
715 2721 823 2784 nempe
847 2699 1026 2763 uindicatae
1055 2722 1072 2762 e
1097 2701 1242 2764 menibus
1259 2703 1445 2788 principum

318 2795 520 2861 eeclesiarum
541 2797 754 2874 vitiosolituroe,
780 2797 912 2862 lituum
937 2795 1117 2862 electionem
1133 2800 1355 2864 Rornanorum
1370 2801 1446 2864 Pon

318 2893 433 2976 tijicune
467 2892 685 2979 postliminio
708 2895 903 2972 restitutum,
950 2895 1156 2981 disciplinam
1199 2895 1445 2962 ecclesiasticum
1510 2968 1511 2986 ,

317 2983 492 3078 collapsum
510 2993 640 3077 pertitus
664 3005 859 3078 reparatum,
884 3004 914 3056 et
930 2993 998 3056 ulie
1011 2995 1177 3058 inuenturos
1200 2993 1285 3058 irone
1297 2999 1445 3081 perte²js
1510 3005 1511 3026 ³

392 3123 496 3130 .-...--,

322 3267 352 3319 ,5
387 3187 554 3320 pirella*
578 3187 653 3241 Rom.
683 3185 757 3240 Lect.
783 3187 818 3243 II.
848 3187 924 3241 Nost
949 3188 977 3242 iu
1002 3186 1073 3242 festo
1101 3205 1121 3241 s
1147 3187 1275 3258 Gregorii
1302 3189 1372 3254 VII,
1405 3155 1447 3242 «lie
1510 3201 1511 3234 r

317 3305 333 3320 ²
371 3267 530 3421 igilium.
550 3355 583 3408 ao
603 3371 626 3407 a.
649 3353 718 3409 1085
736 3371 763 3411 n.
786 3357 826 3409 12.
