2898 4836
370 546 484 602 Joannis
503 543 554 600 XV
571 541 757 598 Pontificatus.
1083 537 1133 591 101

37 690 137 777 reliqui
158 691 302 777 episcopi
325 691 382 777 qui
399 688 525 776 synodo
541 689 622 752 anni
638 687 701 751 991
721 684 897 749 adfuerant
919 681 1028 746 adacti
1046 687 1132 758 sunt,

38 799 181 875 utusque
202 788 248 854 ad
271 788 358 854 hanc
382 787 545 873 synodum
569 809 589 850 a
612 787 715 849 sacris
738 781 952 847 abstinerent.
998 779 1066 843 Leo
1090 776 1134 842 le-

35 895 116 970 gatus
129 886 243 952 litteris
262 887 305 952 ad
323 887 502 972 Hugonem
516 893 549 949 et
567 886 738 969 episcopos
757 879 886 945 Galliae
905 877 992 942 datis
1015 877 1134 941 refuta-

37 987 132 1067 ritea,
155 1007 239 1071 quae
263 983 458 1071 Arnulphus
480 982 730 1047 Aurelianensis
753 979 913 1065 injuriosa
937 975 1015 1040 Sedi
1029 973 1133 1061 Apos-

35 1081 133 1147 tolieae
155 1084 190 1148 in
223 1082 280 1148 illa
310 1083 439 1166 synodo
469 1081 662 1168 protulerat,
696 1076 1071 1160 condemnationemque
1101 1083 1133 1138 et

34 1179 256 1267 depositionem
288 1180 455 1268 Arnulphi
488 1179 684 1246 Rhemeusis
713 1173 924 1261 improbavit.
977 1171 1067 1236 Dein
1098 1173 1132 1235 in

31 1279 142 1362 synodo
164 1280 303 1345 Rhemis
325 1279 380 1344 die
405 1280 441 1344 1⁰
461 1278 543 1346 Julii
567 1277 681 1341 habita
697 1275 764 1339 Leo
788 1272 916 1357 legatus
938 1271 1132 1334 auctoritate

31 1399 81 1441 sua
107 1379 327 1443 resistentiam
357 1377 545 1464 praesulum
578 1374 705 1440 Galliae
728 1373 843 1456 fregit,
878 1379 977 1456 atque
1005 1366 1132 1452 illegiti-

33 1497 105 1540 mam
126 1477 228 1542 fnisse
256 1475 439 1542 declaravit
462 1474 628 1560 Arnulphi
659 1472 897 1558 depositionem
925 1476 957 1532 et
980 1465 1131 1530 elevatio·

31 1595 92 1638 nem
115 1573 279 1641 Gerberti.
303 1575 484 1642 Gerbertus
508 1573 810 1638 exauctorationem
833 1589 927 1633 suum
951 1565 1132 1651 aegerrime

30 1671 130 1756 ferens,
154 1673 301 1739 Galliam
325 1673 467 1760 reliquit,
491 1682 524 1736 et
546 1671 712 1758 profectus
736 1677 785 1732 est
800 1663 1064 1752 Magdeburgum
1088 1663 1130 1726 ad

30 1767 167 1836 Ottonem
192 1772 256 1855 111,
281 1773 375 1859 cujus
390 1781 584 1857 praeceptor
598 1771 668 1856 ipse
691 1769 807 1834 fuerat.
847 1762 1039 1848 Arnulphus
1061 1762 1131 1848 qui-

30 1869 90 1934 dem
112 1870 225 1935 adhuc
248 1872 283 1934 in
308 1869 458 1934 custodia
481 1870 523 1934 ab
548 1869 690 1953 Hugone
715 1867 866 1932 detentus
890 1877 947 1948 est,
977 1870 1034 1933 sed
1059 1882 1132 1952 post

30 1979 149 2033 mortem
173 1971 273 2054 regis,
298 1989 385 2032 anno
410 1969 485 2049 997,
511 1970 624 2052 vigore
653 1965 748 2030 Sedis
778 1965 988 2052 Apostolicae
1019 1967 1130 2032 sedem

27 2087 106 2129 suam
128 2069 351 2154 recuperavit.

104 2175 175 2240 102.
225 2173 280 2238 Ad
308 2195 433 2238 annum
462 2174 527 2239 995
552 2171 728 2236 Chronista
752 2169 970 2236 Hildcsiensis
1001 2171 1130 2236 scribit:

26 2271 122 2358 legati
136 2271 349 2360 ,Apostolieoe
373 2271 466 2336 Sedis
488 2295 556 2336 eum
578 2271 787 2334 unanimitate
811 2271 1025 2334 Romanorum
1039 2281 1130 2358 atque

25 2368 290 2455 irrepebat-dorum
312 2391 413 2454 regem
436 2367 605 2451 (Ottonem
629 2369 694 2450 ΙΙΙ)
709 2369 841 2432 Romam
865 2370 1045 2450 invitant.¹)
1081 2369 1130 2433 Εο

24 2488 97 2532 auno
121 2467 334 2533 Crescentius
357 2467 472 2532 consul
495 2466 619 2533 Joanni
643 2466 708 2528 XV
740 2476 830 2531 tanta
854 2476 1025 2530 creaverat
1048 2467 1129 2550 peri·

22 2563 97 2647 cula,
117 2575 155 2630 ut
177 2565 335 2630 Pontifex
358 2565 463 2630 Roma
492 2564 605 2629 relicta
635 2566 669 2628 in
698 2565 853 2629 Tusciam
882 2564 924 2629 ad
952 2563 1129 2648 Hugonem

24 2659 240 2729 llarehionem
272 2663 479 2749 confugeret,
513 2663 602 2727 unde
638 2662 708 2727 illos
741 2663 783 2726 ad
818 2659 972 2727 Ottonem
1004 2661 1129 2746 legatos

24 2761 107 2827 misit.
154 2763 288 2826 Annuit
309 2783 383 2843 rex,
414 2761 555 2825 Romani
585 2783 662 2825 vero
686 2762 849 2848 perterriti
882 2759 923 2824 ob
948 2760 1127 2825 adventum

23 2857 156 2924 futurum
181 2859 325 2940 Ottonis,
349 2860 514 2926 Joannem
538 2858 770 2942 sollicitarunt,
804 2867 841 2922 ut
871 2860 903 2922 in
938 2859 1054 2924 urbem
1083 2879 1129 2922 re-

23 2966 209 3038 verteretur,
240 2981 279 3022 ae
302 2958 494 3023 redeuntem
526 2979 645 3044 magno
670 2979 745 3020 cum
769 2956 892 3021 honore
917 2969 1128 3044 exceperunt.

21 3049 77 3117 Sed
99 3058 237 3120 ineunte
263 3077 338 3120 vere
362 3057 440 3121 anni
458 3057 533 3138 996,
559 3077 670 3120 mense
685 3055 804 3141 Aprili,
828 3055 974 3122 Joannes
998 3057 1064 3122 XV
1088 3081 1130 3123 ex

22 3147 74 3216 hae
96 3155 167 3219 vita
192 3152 342 3220 decessit.
392 3155 537 3240 Dignum
562 3175 637 3219 eum
661 3155 760 3218 fuisse
784 3152 993 3236 Pontificem,
1024 3155 1129 3221 erudi-

20 3261 94 3334 tum,
127 3253 170 3316 de
200 3251 332 3338 juribus
356 3251 451 3317 Sedis
476 3251 685 3338 Apostolicae
714 3273 753 3315 ac
784 3249 935 3317 debono
959 3253 1128 3318 Ecclesiae

19 3347 199 3433 sollicitum,
223 3351 350 3436 exejus
365 3352 465 3434 gestis
482 3349 655 3434 colligitur.
693 3349 850 3414 Attamen
864 3352 1003 3438 nequid
1023 3353 1129 3418 celare

21 3447 196 3533 videamur,
220 3451 336 3534 paucis
353 3470 608 3513 commemorare
625 3450 782 3513 convenit
798 3472 846 3533 ea,
870 3471 955 3536 quae
974 3453 1009 3516 in
1025 3453 1129 3538 ipsius

20 3547 215 3632 vituperium
240 3545 356 3611 scribit
368 3546 543 3611 Aimoinus
557 3545 749 3628 inonachus,
774 3557 889 3612 auctor
905 3549 1002 3614 Vitae
1019 3573 1044 3614 s.
1062 3549 1129 3614 Ab·

21 3639 106 3708 bonis
140 3644 272 3709 abbatis
305 3644 534 3726 Floriacensis,
569 3646 634 3708 imo
667 3646 767 3709 etiam
800 3648 870 3732 ipse
903 3669 927 3711 s.
951 3645 1062 3713 Abbo.
1085 3687 1129 3695 -—

20 3741 188 3807 Aimoinus
211 3743 327 3808 scribit
349 3746 383 3808 in
399 3743 477 3808 Vita
500 3765 525 3809 a.
547 3743 716 3808 Abbonis:
741 3744 825 3809 Sane
847 3767 912 3808 non
934 3745 1057 3831 qualem
1079 3769 1129 3810 oo-

19 3835 81 3918 lm‘t,
105 3851 163 3905 out
186 3840 308 3925 qualem
331 3841 448 3920 debuit,
473 3840 565 3906 Sedis
584 3841 787 3929 Apostolieoe
803 3844 982 3929 Pontificem
1004 3847 1129 3908 nomine

20 3935 171 4002 Joennem
194 3940 326 4018 inuenit,
356 3963 464 4027 nempe
489 3942 592 4026 trerpis
614 3940 696 4004 lucri
718 3943 865 4028 cupidum
895 3953 987 4028 atque
1010 3944 1045 4005 in
1067 3966 1129 4006 om-

20 4033 102 4099 uibus
125 4037 498 4102 munditenentem
521 4039 657 4123 reperit,
687 4061 775 4123 quem
798 4049 978 4119 enarrans,
1003 4039 1129 4126 perten-

20 4135 106 4197 trctis
129 4135 285 4199 motionis
306 4137 414 4219 pratia
445 4146 623 4199 sanctorum
647 4136 733 4213 loeis,
765 4137 809 4200 od
836 4161 895 4202 saa
923 4135 1062 4222 recteest)
1086 4173 1132 4184 -·

1148 2749 1238 2792 rosum·
1252 2749 1292 2791 Π

1184 2821 1249 2853 mors.

25 4245 35 4252 ’
86 4285 105 4352 ¹)
124 4287 177 4354 sp.
195 4285 276 4341 eon
294 4289 330 4344 n.
349 4292 382 4344 c.
400 4289 454 4343 ser.
474 4287 525 4342 111.
545 4289 587 4342 91¹.

84 4363 565 4434 &Qfflmmamnn
