2952 4832
303 490 355 544 252
547 489 620 544 XXI.
642 489 681 542 De
699 490 725 544 S.
745 488 877 556 Gregorio
897 487 950 539 VII
969 486 1044 541 Rom.
1066 485 1206 541 Pontifice.

139 650 253 692 nomes
269 652 285 692 u
391 632 446 696 42.
477 633 517 696 In
541 631 730 698 Annalibus
753 629 991 696 Altahensibus
1015 629 1151 714 quidem
1176 630 1298 695 dixeris
1320 654 1401 716 quae

179 721 247 772 Μ’*
304 731 380 796 dam
398 751 568 796 eccum-ere
584 732 734 814 vestigia,
750 739 787 794 ut
801 731 905 794 nimia
919 730 1099 793 auctoritas
1115 727 1280 793 tribuatur
1293 731 1402 814 synodo

304 827 407 892 veluti
431 827 531 892 alicui
554 826 711 892 tribunali
736 829 770 890 in
785 827 980 907 Pontifices;
1005 826 1063 889 sed
1087 827 1113 888 si
1137 825 1212 891 talis
1235 827 1298 891 tuit
1319 831 1401 913 scrip·

304 929 383 994 toris
407 928 531 1010 opinio,
565 925 647 989 nihil
672 925 750 1000 inde
773 935 880 1009 potest
902 925 1026 988 inferri.
1074 923 1167 987 Inter
1188 923 1255 988 alia
1283 926 1400 990 dicitur:

305 1025 491 1089 Statueruut
514 1028 586 1106 (rex
611 1035 643 1086 et
665 1024 844 1108 principes)
869 1023 957 1108 opud
976 1024 1144 1086 Mantuam
1167 1025 1319 1109 synodum
1330 1023 1401 1108 fieri,

303 1123 358 1188 uti
377 1134 507 1208 possent
530 1145 712 1186 concurrere
736 1121 825 1184 (trudo
843 1141 965 1208 pupae,
990 1119 1088 1202 sifus
1112 1131 1159 1184 est
1181 1121 1295 1201 dicere,
1315 1123 1401 1208 ponti·

294 1222 373 1305 fleca
401 1222 543 1297 Teutoni,
574 1221 714 1283 Romani
743 1229 773 1282 et
805 1218 1016 1303 Loupeburdi.
1065 1219 1149 1282 Huic
1179 1219 1303 1285 decreto
1329 1221 1404 1284 autho

304 1319 406 1396 deuel,
435 1318 621 1382 Alexander
655 1328 684 1379 ct
714 1317 854 1395 Kudalo,
892 1316 1026 1380 libenter
1053 1319 1316 1400 assentiebantur,
1345 1339 1402 1404 quo

304 1419 400 1495 niam,
424 1427 460 1480 ut
483 1417 637 1494 dicimus,
660 1426 788 1500 uterque
812 1415 851 1478 de
873 1435 971 1478 caasa
993 1437 1052 1479 esea
1070 1417 1304 1502 praeminebat.
1339 1417 1404 1480 Nar·

304 1524 395 1579 retur
422 1515 510 1596 dein,
541 1513 584 1577 ad
609 1512 773 1597 synodum
798 1514 832 1576 in
861 1513 982 1576 festum
1005 1513 1217 1578 Pentecostes
1251 1517 1402 1590 indictam

304 1613 466 1697 profectos
490 1633 560 1676 esse
584 1613 670 1696 regis
700 1612 796 1695 jussu
819 1609 997 1674 Annonem
1023 1609 1254 1678 Coloniensem
1290 1625 1321 1677 et
1351 1613 1404 1698 ple·

304 1733 421 1795 rosque
438 1709 638 1774 Germaniae
661 1711 828 1794 principes
851 1717 918 1772 tam
943 1707 1184 1774 ecclesiastices
1196 1733 1297 1798 quam
1311 1713 1405 1778 laicos.

305 1810 389 1872 inter
412 1829 493 1893 quos
516 1806 748 1871 Wenzeslaum
780 1805 935 1870 abbatem
960 1804 1193 1890 Altehensem,
1228 1813 1406 1894 venisseqne

304 1907 485 1970 Mantuam.
516 1905 569 1968 Ibi
593 1907 769 1968 accessisse
785 1903 900 1968 Italiae
924 1905 1097 1990 episcopos
1120 1915 1153 1969 et
1170 1909 1330 1992 primores
1351 1906 1406 1991 plu-

304 2005 413 2068 rimos.
461 2003 647 2067 Advenisse
675 2001 915 2075 Alexandrum,
950 2001 1135 2066 substitisse
1163 2005 1283 2090 Aquae
1309 2008 1407 2088 nigrae

303 2102 499 2182 Honorium‚
524 2102 623 2164 misso
640 2100 683 2164 ad
697 2101 874 2164 Annonem
890 2102 1016 2180 nuntio,
1030 2103 1094 2164 nisi
1112 2103 1298 2188 principem
1312 2115 1407 2166 tenere

304 2199 413 2266 locum
436 2199 560 2283 liceret,
585 2198 628 2263 ad
653 2198 830 2262 concilium
855 2220 925 2262 sese
948 2200 1086 2262 minime
1113 2209 1303 2264 venturum.
1342 2201 1410 2284 Ejus

304 2297 469 2383 postulata
492 2322 512 2362 a
535 2297 651 2378 legatis
666 2298 878 2383 Imperatoris
901 2319 968 2361 non
993 2319 1063 2361 esse
1087 2299 1244 2375 admissa,
1271 2321 1310 2363 ac
1331 2321 1408 2384 prop·

304 2407 393 2462 terea
419 2394 602 2459 Cadaloum
619 2395 790 2458 Mantuam
814 2395 905 2458 haud
929 2397 1070 2459 venisse.
1102 2395 1290 2460 Aleuauder
1312 2409 1410 2472 eutem,

305 2495 435 2576 dicitur,
460 2494 504 2558 ud
528 2493 681 2581 synodum
701 2503 868 2580 promptus
891 2495 1036 2572 occurrit,
1068 2495 1216 2579 quoniam
1238 2495 1355 2580 repulia
1376 2517 1410 2557 ec·

304 2593 491 2658 cleoiastiea's
520 2594 555 2655 iu
592 2590 734 2655 omuibus
766 2613 886 2677 semper·
917 2591 1043 2656 obedire
1071 2591 1202 2656 studuit.
1245 2629 1290 2640 -
1328 2593 1412 2658 Feria

304 2690 450 2756 secunda
472 2690 685 2753 Pentecostes
715 2691 896 2775 episcopos,
928 2691 1096 2775 principes
1132 2687 1326 2776 nobilesque
1349 2711 1412 2754 con·

304 2790 435 2854 venisse
459 2789 493 2852 in
518 2787 657 2851 ecclesia
679 2786 723 2851 ad
746 2787 990 2872 implorandum
1002 2788 1067 2852 Dei
1082 2786 1244 2852 auxilium
1262 2789 1414 2852 etmissse

305 2886 442 2951 solemni
467 2886 665 2950 interfuisse.
698 2884 772 2965 Quo
796 2887 882 2950 facto
907 2885 1137 2950 Alexandrum
1161 2887 1345 2951 orationem
1366 2885 1411 2950 ba·

305 2983 417 3050 buisse
456 2984 498 3048 de
526 3006 607 3069 pace
643 2993 675 3048 et
706 2983 893 3048 concordia.
942 2981 1177 3069 „Postmodum
1207 2983 1412 3068 (Alexander)

305 3084 450 3168 proferre
469 3083 577 3167 jussit,
603 3083 630 3144 si
654 3103 720 3166 qua
744 3091 838 3144 eraut
861 3081 1034 3147 dicende.“
1083 3080 1217 3146 Deinde
1246 3083 1412 3146 Annonem

305 3181 346 3246 de
369 3183 410 3244 iis
433 3180 576 3261 dixisse,
608 3201 692 3264 quae
716 3178 907 3243 Alexandro
938 3181 1068 3244 crimini
1093 3187 1316 3244 verterentur:
1346 3199 1413 3265 pon·

304 3279 465 3344 tificatum
490 3279 532 3343 ab
557 3301 594 3341 eo
619 3286 846 3362 comparatum
870 3299 941 3342 esse
964 3279 1078 3361 pretio,
1104 3287 1337 3342 conservatum
1358 3277 1414 3341 loc·

305 3377 383 3442 dere
407 3385 521 3441 eontra
534 3397 646 3460 regem
661 3397 738 3439 cum
749 3375 951 3440 Normannis
966 3376 1044 3441 icto.
1060 3409 1104 3422 --
1118 3375 1172 3439 De
1187 3377 1330 3440 simonis
1341 3377 1412 3440 Pon·

304 3476 427 3540 tificem
452 3495 487 3538 se
503 3495 659 3560 purgasse
678 3473 914 3558 jurejurando:
938 3475 1083 3538 invitum
1099 3494 1134 3537 se
1149 3473 1257 3552 abiis,
1283 3491 1413 3559 quorum

304 3575 487 3658 antiquitus
519 3572 554 3636 id
582 3573 668 3657 juris
696 3580 790 3653 esset,
821 3581 1018 3656 promotum.
1066 3572 1119 3635 De
1148 3571 1281 3636 foedere
1312 3591 1412 3655 regem

304 3673 424 3758 ipsum,
438 3671 576 3734 Romam
592 3691 695 3755 quum
711 3669 911 3752 advenisset,
926 3671 1049 3755 optime
1062 3679 1311 3756 perspecturum
1324 3689 1414 3756 quam

304 3777 390 3834 esset
417 3771 538 3833 insons.
587 3767 718 3848 Quibus
746 3789 849 3853 quum
882 3789 995 3832 omnes
1026 3769 1106 3832 satis
1135 3789 1206 3832 esse
1229 3767 1352 3832 factum
1375 3765 1413 3828 di-

304 3869 439 3946 xissent,
473 3865 670 3944 Honorium‚
702 3867 869 3930 communi
898 3866 1054 3947 suffragio
1079 3866 1249 3950 rejectum,
1280 3865 1414 3929 Alexan·

305 3967 400 4029 drum
416 3977 575 4050 tunquam
589 3965 784 4028 Pontificem
795 3965 981 4027 Romanum
998 3965 1148 4047 agnitum
1168 3985 1239 4028 esse
1254 3974 1286 4027 et
1299 3961 1413 4048 procla

305 4073 441 4126 matum.
479 4062 642 4127 Postridie
678 4085 778 4148 quum
809 4071 938 4147 praeter
961 4063 1138 4126 Annonem
1166 4083 1280 4127 omnes
1303 4063 1413 4124 iterum

305 4161 340 4224 in
368 4159 508 4224 ecclesia
539 4163 784 4240 convenissent,
818 4160 905 4223 facto
940 4163 972 4224 in
1005 4158 1086 4223 urbe
1120 4159 1264 4224 tumultu
1287 4157 1411 4223 Cadaloi

305 4257 446 4321 asseclas
470 4260 591 4321 strictis
615 4257 734 4341 gladiis
766 4259 923 4342 irrupisse
962 4261 995 4322 in
1016 4258 1205 4342 ecclesiam,
1240 4253 1413 4343 opprobriis
