3054 4834
311 449 364 504 384
600 451 690 506 xxn.
712 453 902 504 Controversia
921 453 954 504 de
973 451 1156 506 Investituris

311 596 507 660 Pontificem
540 605 749 659 consecratus
779 605 837 659 est.
886 596 1022 659 Miserat
1050 595 1217 662 Ilenricus
1243 598 1270 658 t·
1304 596 1348 660 ad
1375 597 1445 660 Ge-

310 693 430 757 lasium
463 693 597 776 legatos.
634 695 689 778 qui
722 693 888 778 petebant,
928 703 963 756 ut
996 693 1208 778 privilegium
1241 720 1260 758 a
1285 694 1442 758 Pascbali

313 792 426 855 datum
451 815 469 854 a
494 792 654 854 Pontifice
680 789 941 855 confirmaretur.
979 791 1109 856 Abnuit
1132 792 1288 856 Gelasius
1312 793 1356 872 ll,
1381 794 1441 856 sed

313 890 476 972 synodum
510 911 621 952 mense
645 889 781 954 Octobri
812 889 992 952 Mediolani
1026 889 1080 953 vel
1106 889 1291 955 Cremonae
1314 891 1442 955 indixit

313 987 565 1072 celebrandam,
602 997 638 1050 ut
672 986 790 1050 delita
823 990 911 1051 inter
934 985 1116 1071 Imperium
1152 1001 1184 1051 et
1206 986 1444 1052 Sacerdotium

312 1097 473 1170 ageretur.
520 1086 705 1170 Imperator
734 1096 845 1150 autem
879 1107 981 1170 quum
1023 1085 1107 1149 haec
1138 1087 1180 1150 ad
1212 1109 1287 1150 eum
1336 1086 1442 1150 relata

313 1197 430 1265 essent,
465 1184 589 1247 seelera
620 1182 799 1247 sceleribus
831 1183 1005 1246 cumulans
1030 1184 1221 1249 llauritium
1250 1185 1444 1250 Burdinuru

313 1285 504 1368 episcopum
540 1281 777 1344 Bracarensem
817 1281 870 1344 die
907 1283 944 1345 8⁰
978 1282 1088 1345 Martii
1130 1284 1321 1367 inaugurari
1361 1284 1445 1346 serit

311 1380 506 1445 Pontificem
538 1379 599 1442 sub
631 1381 765 1442 nomine
797 1377 949 1459 Gregorii
975 1379 1067 1445 VIII.
1115 1381 1219 1446 Paulo
1251 1392 1327 1466 post
1351 1381 1440 1444 Hen-

311 1480 400 1540 ricus
416 1477 443 1538 li
470 1478 503 1539 in
519 1476 788 1560 Longobardiam
814 1477 948 1541 atinde
972 1479 1006 1540 in
1022 1479 1239 1544 Germaniam
1265 1483 1442 1544 remeavit.

167 1666 245 1707 florei
262 1666 277 1706 ¹¹
402 1657 454 1717 tto.
486 1655 640 1718 Gelasius
666 1655 697 1718 II
724 1653 859 1739 Capuae
884 1654 1010 1738 synodo
1035 1654 1151 1720 habita
1175 1655 1229 1718 die
1257 1657 1292 1718 1¹¹
1313 1657 1444 1742 Aprilis

141 1737 341 1818 ⁸“²⁸⁶‘⁷⁰⁰¹⁸'a.
361 1755 445 1817 1118
471 1753 705 1837 Imperatorem
736 1753 872 1838 ejusque
902 1755 1096 1839 antipapam
1121 1757 1442 1818 excommunicavit.

312 1851 466 1936 idemque
499 1851 621 1914 facturn
648 1861 695 1912 est
726 1853 757 1914 in
784 1851 967 1915 Germania
992 1851 1128 1934 synodis
1152 1875 1171 1914 a
1197 1850 1337 1916 Cunone
1362 1851 1442 1915 Car-

313 1948 421 2014 dinale
465 1959 497 2011 et
527 1949 568 2011 ab
601 1947 781 2014 Adulborto
815 1950 969 2033 episcopo
1004 1949 1199 2032 lloguutino
1232 1949 1367 2014 habitis.
1398 1987 1438 1995 —

312 2050 474 2133 Tempore
508 2049 634 2110 aestino
659 2047 814 2110 Pontifex
846 2049 952 2128 magis
986 2059 1021 2109 ut
1053 2049 1246 2132 peregrinus
1276 2069 1379 2132 quam
1407 2062 1439 2108 ut

312 2147 466 2210 dominus
488 2167 641 2208 reversus
666 2147 700 2208 iu
727 2143 861 2226 Urbem,
896 2146 1032 2208 divertit
1055 2145 1144 2230 apud
1168 2148 1305 2210 amicos.
1354 2144 1438 2209 Cum

311 2255 422 2308 autem
446 2246 566 2307 intuto
585 2243 707 2306 Romae
732 2265 883 2306 essenon
899 2241 1024 2322 liceret,
1050 2245 1083 2306 in
1102 2241 1246 2306 Galliam
1270 2245 1440 2329 profectus

312 2353 370 2416 est,
395 2342 556 2405 auxilium
573 2343 734 2425 petiturus
757 2363 776 2403 a
801 2361 877 2424 rege
892 2341 1066 2404 Ludovico
1084 2341 1130 2404 Vl
1157 2353 1271 2404 contra
1296 2341 1441 2426 pseudo·

313 2442 512 2526 pontificem,
547 2441 602 2524 qui
628 2439 767 2502 Romam
801 2438 943 2520 tenebat,
980 2451 1012 2502 et
1044 2452 1157 2502 contra
1187 2439 1444 2524 Imperatorem.

311 2541 441 2603 Ibidem
460 2559 571 2602 mense
586 2537 747 2601 Ianuario
772 2537 936 2619 synodum
961 2535 1144 2599 celebrarit
1163 2537 1324 2609 Viennae,
1352 2536 1443 2600 inde-

312 2661 375 2723 que
401 2637 556 2701 Clunium
583 2636 747 2720 profectus
771 2659 809 2698 ac
835 2633 948 2698 morbo
974 2645 1144 2719 correptus
1176 2636 1210 2696 in
1236 2636 1297 2697 isto
1329 2656 1443 2696 mona-

312 2738 409 2799 sterio
425 2735 520 2798 brevi
531 2741 615 2819 post,
629 2733 913 2797 diera⁰Januorii
928 2755 957 2797 a.
976 2733 1071 2812 1119,
1089 2732 1130 2796 ad
1147 2731 1318 2796 meliorem
1336 2735 1442 2794 vitam

311 2835 450 2897 transiit,
494 2831 561 2906 Quo
585 2831 709 2916 quidem
730 2843 804 2916 post
829 2841 992 2916 martyreo,
1018 2832 1065 2893 ait
1088 2830 1262 2910 BaroniuS,
1287 2831 1343 2914 qui
1359 2829 1448 2914 suso

313 2934 465 3016 srrrzyua'ue
490 2931 675 3014 utorbyrt'uut
699 2941 962 3006 eorrsummorunt,
987 2927 1072 2991 lauru]
1086 2929 1192 3012 facile
1217 2931 1301 2991 iuter
1327 2928 1445 2990 Homu-

315 3052 369 3092 nos
387 3029 551 3112 Pontifices
576 3027 712 3113 aliquem
735 3029 805 3112 puis
830 3028 994 3103 inuenerit,
1019 3029 1074 3112 qul
1097 3026 1235 3090 bram'ori
1259 3029 1342 3088 ritate
1370 3036 1441 3086 tenr-

307 3151 388 3214 porc
414 3131 535 3214 majore
560 3127 601 3189 sit
619 3148 739 3210 puseus
762 3124 799 3186 ob
825 3125 917 3209 idque
934 3122 1153 3210 praeclariori
1176 3146 1293 3186 corona
1318 3123 1442 3186 durren-

314 3228 373 3290 dus
398 3236 487 3309 (rique
512 3223 731 3286 celebrioribus
748 3223 854 3308 fnom‘t
873 3223 1056 3307 praeconiis
1081 3221 1334 3298 celebrated-affl.

404 3361 457 3422 31.
488 3357 641 3422 Gelasius
666 3356 795 3420 mortali
822 3356 936 3419 morbo
962 3355 1165 3419 decumbens
1190 3353 1446 3417 commendarit

315 3463 346 3522 in
381 3477 601 3520 successorem
628 3453 800 3518 Cimonem
830 3452 1042 3518 Cardinalem
1074 3455 1266 3537 episcopum
1298 3451 1442 3514 Praene-

315 3559 447 3637 stmum,
472 3554 690 3616 acoerrImum
715 3552 921 3616 defensorem
941 3552 1068 3636 jurium
1093 3548 1274 3614 Ecclesiae.
1322 3547 1388 3613 Sed
1415 3552 1445 3613 is

316 3676 435 3737 magna
467 3674 542 3715 cum
576 3651 752 3736 prudentia
785 3673 868 3714 ontis
902 3649 1112 3734 pontificatus
1150 3659 1248 3734 atquc
1280 3647 1441 3712 honorem

316 3751 506 3826 declinavit,
538 3771 575 3812 eo
601 3749 687 3834 quod
719 3759 877 3824 censeret,
909 3748 1034 3812 auxilio
1067 3759 1098 3812 et
1129 3745 1289 3811 saeculari
1317 3749 1442 3810 vlrtute

241 3887 243 3892 ·
316 3851 507 3914 divitiarum
532 3848 716 3910 Romanam
741 3846 860 3910 bedam
885 3847 946 3910 sub
971 3846 1209 3932 persecutionis
1240 3844 1371 3927 flagello
1396 3845 1442 3907 as-

316 3948 438 4011 flietam
472 3946 605 4009 defendi
644 3956 793 4030 oportere
825 3957 856 4007 et
888 3947 1008 4008 muniri
1020 3943 1060 4030 2);
1101 3943 1184 4006 forte
1218 3945 1317 4006 ctiam
1349 3943 1441 4028 quod

391 4161 399 4189 l
681 4171 687 4184 ι

390 4166 411 4302 ²l
430 4161 515 4292 nddlcb
529 4159 724 4292 Ilddllielrt21n
737 4237 879 4304 t'hronicm
899 4237 931 4290 V.
945 4236 1023 4305 Pagii
1042 4235 1164 4290 Breviar.
1184 4235 1218 4289 ad
1239 4237 1380 4288 I'ulirturn
1398 4237 1441 4290 II.
