2904 4834
284 474 338 525 430
599 467 689 523 XVII.
725 467 766 522 De
783 465 927 522 schismate
945 464 1087 519 Photiano.

285 614 468 700 legatorum
483 621 575 697 gesta
594 610 804 695 improbaret,
829 610 938 674 denuo
963 619 1076 672 contra
1092 627 1164 671 eam
1181 611 1394 673 accusationes

288 712 329 776 de
352 709 518 774 erroribus
542 711 576 772 in
601 708 666 772 tide
690 709 835 794 proferre
855 716 976 793 posset.
1013 706 1053 770 In
1069 725 1145 768 eum
1161 727 1296 792 scopum
1313 720 1393 770 senta

287 819 361 896 post
384 809 548 892 synodum
571 804 793 884 hebdomada,
818 805 872 868 die
889 804 943 869 10ο
957 802 1079 884 Martii,
1104 801 1224 867 hahuit
1238 817 1395 889 praesente

288 907 489 992 Imperatore
521 907 556 968 in
579 925 678 968 aureo
707 902 850 968 triclinio
882 902 996 988 palatii
1021 909 1240 984 conventum,
1274 906 1324 967 cni
1351 903 1397 967 ad-

287 1005 422 1068 fuerunt
449 1002 550 1086 legati
574 1002 733 1083 Romani,
766 1001 972 1085 apocrisiarii
1001 1002 1192 1086 orientales,
1225 1025 1265 1068 ae
1295 1002 1398 1065 decem
1435 1039 1436 1056 ι

288 1113 322 1166 et
353 1111 430 1166 octo
460 1097 698 1184 metropolitae.
751 1098 834 1184 Ejus
866 1099 1078 1182 instigatione
1115 1110 1196 1166 tunc
1227 1102 1400 1188 Imperator
1435 1093 1436 1200 i

289 1198 470 1286 postulavit
501 1197 737 1283 professionem
770 1196 848 1260 fidei
881 1197 924 1260 ad
953 1216 1103 1261 normam
1126 1198 1279 1312 Petrum,
1313 1201 1436 1294 atque

289 1297 426 1361 Photius
460 1293 619 1380 ampliore
653 1292 874 1358 declaratione
907 1292 1061 1358 exhibuit
1091 1317 1135 1359 ex
1164 1299 1313 1362 omnium
1342 1319 1400 1360 aen·
1435 1295 1436 1360 i

290 1395 394 1459 tentia
428 1403 462 1456 ut
485 1392 710 1458 definitionem
740 1391 818 1456 fidei
842 1390 1030 1476 symbolum
1053 1393 1221 1458 Nicoeno·
1230 1393 1436 1460 CPtanum

291 1501 404 1577 utpote
437 1515 457 1554 a
480 1489 616 1575 reliquis
640 1488 783 1574 Synodis
814 1489 1061 1560 confirmatum,
1094 1513 1132 1554 ea
1162 1493 1277 1556 addita
1308 1503 1436 1568 conte

292 1591 442 1669 statione,
467 1613 506 1652 ne
530 1587 607 1673 quid
630 1587 670 1650 ab
695 1587 800 1672 aliquo
825 1587 1000 1650 demeretur
1023 1589 1072 1652 oei
1095 1589 1327 1680 adjiceretur.¹)
1361 1585 1436 1654 Fa
1435 1625 1436 1630 1

292 1690 419 1752 ratione
438 1687 578 1750 Latinos
601 1685 762 1749 indirecte
785 1683 994 1768 suggillabat,
1020 1686 1108 1770 quod
1133 1709 1249 1752 vocem
1274 1689 1402 1772 I‘Ilioan
1435 1683 1436 1692 ’

293 1785 512 1850 addidissent.
559 1784 637 1846 Post
663 1783 810 1846 triduum
834 1780 948 1846 habito
973 1795 1138 1847 conventu
1163 1787 1197 1848 in
1221 1805 1340 1870 magna
1362 1807 1402 1848 ec·
1435 1785 1436 1800 ¹

294 1883 394 1948 clesia
426 1883 532 1946 iterati
565 1891 642 1944 sunt
665 1879 949 1960 anathematismi,
982 1882 1008 1943 si
1034 1884 1107 1966 quis
1130 1881 1257 1968 aliquid
1281 1883 1405 1946 adderet

294 1980 348 2044 vel
372 1981 545 2044 minueret.
592 1979 721 2041 Horum
744 1987 984 2063 postremorum
1009 1989 1232 2043 conventuum
1253 1981 1338 2044 Acta
1359 1979 1403 2044 ad·

296 2077 381 2142 didit
412 2074 677 2162 pseudo-synodo
711 2097 790 2139 suae
822 2074 976 2156 Photide,
1012 2075 1073 2140 sub
1111 2077 1206 2142 titulo
1239 2088 1351 2142 sextae
1380 2089 1404 2140 et

299 2179 458 2262 septimae
482 2175 557 2238 Act·
535 2175 643 2237 tronis.
650 2171 676 2258 ²)

136 2282 234 2336 snum
247 2294 275 2324 ⁸¹1
391 2275 464 2338 124.
496 2271 668 2356 Synodum
696 2269 783 2334 hanc
806 2269 915 2334 Photii
941 2291 1110 2355 nunquam
1135 2271 1284 2336 habitam
1307 2274 1404 2336 fuisse

162 2356 229 2389 ⁰⁰³⁰
188 2344 259 2386 ΗΜ
300 2373 435 2458 ejusque
460 2379 534 2435 acta
558 2369 699 2432 conficta
728 2379 760 2431 et
787 2370 957 2454 supposita
981 2389 1050 2432 esse
1073 2392 1093 2432 a
1116 2369 1253 2450 Photio‚
1287 2391 1405 2434 censue

299 2479 376 2535 runt
399 2493 424 2532 s.
440 2465 671 2551 Antoninus³),
696 2489 735 2529 ac
750 2465 1018 2552 Bellarminus⁴);
1043 2467 1206 2532 Baronins
1229 2490 1359 2555 qnoque
1379 2470 1405 2530 iu

299 2567 386 2631 hane
424 2565 601 2652 propendit
633 2565 838 2649 opinionem,
875 2564 917 2626 ad
950 2587 980 2628 a.
1013 2564 1077 2628 879
1110 2587 1143 2630 n.
1177 2567 1217 2630 73
1255 2567 1406 2631 scribens:

303 2665 393 2730 Unde
426 2665 464 2728 de
489 2687 527 2728 oa
559 2660 713 2748 (synodo)
746 2663 882 2746 suspicio
914 2672 1061 2746 cupetur,
1095 2673 1131 2725 ot
1162 2686 1200 2727 ca
1224 2675 1291 2728 toto
1315 2665 1407 2750 fuerit

301 2765 410 2828 Phota'i
425 2761 506 2848 stylo
528 2761 657 2844 conficta
676 2771 706 2822 et
721 2760 858 2850 ejusdcm
870 2759 1025 2844 penicillo
1039 2761 1197 2824 meudadi
1209 2761 1359 2825 coloratu
1373 2795 1405 2806 -

300 2862 368 2925 Leo
394 2859 536 2924 Allatius
559 2856 648 2922 idem
668 2859 908 2921 Dissertatione
932 2857 1061 2920 erudita
1085 2857 1310 2924 demonstrare
1330 2861 1407 2923 nisus
1435 2857 1436 2942 i

301 2957 398 3044 esd),
431 2967 463 3020 et
486 2965 595 3020 nostro
621 2967 767 3040 tempore
791 2954 998 3039 Damberger
1021 2955 1107 3019 hanc
1131 2959 1327 3020 sententiam
1349 2977 1406 3042 pro·

308 3113 508 3122 ψ...-

376 3193 396 3258 ¹)
417 3194 547 3247 Attamen
566 3209 647 3260 quum
666 3193 795 3257 addatur,
815 3195 842 3247 in
861 3193 1061 3248 damnationem
1080 3201 1171 3250 rectae
1189 3195 1328 3250 doctrinae
1345 3207 1368 3249 et
1385 3193 1406 3246 in

302 3273 430 3341 injuriam
449 3273 563 3327 Petrum
582 3289 697 3343 vergere
716 3274 909 3328 diminutiones
928 3280 957 3328 et
975 3274 1141 3339 additiones,
1166 3277 1213 3328 ubi
1231 3277 1309 3329 nulio
1327 3279 1406 3338 neroni

299 3356 495 3422 perfruentem
514 3355 616 3408 rtiuboti
635 3371 705 3408 novo
722 3355 855 3412 haeresis,
882 3353 1035 3424 colligitur,
1054 3354 1187 3409 hominem
1205 3361 1355 3419 versutum,
1370 3353 1407 3406 sei

303 3432 453 3499 eruditum,
482 3447 576 3487 ausum
601 3450 655 3488 non
680 3449 738 3488 esse
763 3435 881 3488 absolut·
900 3451 1004 3490 omnem
1028 3435 1195 3490 additionem
1218 3437 1351 3492 damnare.
1382 3433 1406 3486 In

305 3519 385 3568 textu
403 3527 502 3582 graece
521 3512 686 3568 definitionis
704 3513 832 3568 habetur:
851 3513 933 3566 οὐδὲν
951 3515 1146 3586 ἀφαιροῦντες,
1166 3516 1247 3569 οὐδὲν
1266 3519 1406 3589 προμεθέν-

305 3612 358 3656 τες,
378 3594 459 3646 οὐδὲν
478 3593 651 3663 ἀμείβοντες,
671 3594 753 3646 οὐδὲν
771 3593 987 3660 κιβδηλεύονῐες,
1007 3593 1023 3661 ἡ
1041 3594 1094 3665 μὲν
1112 3595 1166 3665 ydp
1184 3596 1328 3667 ἀφαίρεσις
1344 3593 1405 3654 xcii

304 3672 462 3745 πρόσθεσις,
481 3673 618 3745 μηδεμιᾶς
635 3673 690 3727 dud
710 3677 766 3728 τῶν
784 3677 833 3726 τοῦ
851 3678 974 3744 πονηροῦ
991 3673 1194 3744 τεχνασμιέτωσ
1211 3677 1407 3745 ἀπιστουμένης

306 3757 438 3824 αἱρέσεως,
457 3753 630 3822 κατάγνωσιν
649 3753 751 3822 εἰσάγει
771 3758 824 3807 τῶν
843 3754 1067 3823 οἶκαταγνώστων,
1086 3757 1130 3806 καὶ
1142 3754 1224 3826 ὕβριν
1238 3761 1293 3810 τῶν
1304 3759 1407 3824 σπείρων

306 3835 522 3903 ἀναπολόγητον.
551 3835 584 3887 V
595 3835 726 3888 Hardnin.
737 3835 769 3888 V.
781 3836 840 3888 336.
856 3865 889 3874 -
903 3834 957 3889 Cir.
968 3834 1174 3904 Hergenrdther
1188 3835 1218 3889 B.
1229 3837 1266 3890 11.
1283 3835 1307 3892 S.
1317 3835 1405 3889 51⁹-
1435 3887 1436 3890 ,

306 3912 362 3967 Cir.
373 3913 456 3968 etiam
466 3913 616 3980 Vnanzclin
627 3915 747 3968 Examen
757 3915 897 3968 doctrinae
908 3914 1240 3983 MecadiBnlgakoweto.
1251 3933 1294 3986 pp.
1306 3915 1405 3978 titiana

380 3996 401 4065 ²)
420 3995 453 4046 V
472 3994 603 4048 Hardnin.
624 3995 657 4046 V.
676 3995 727 4048 331
747 4009 804 4060 sqq.

380 4073 402 4140 ⁸)
420 4074 528 4128 Summa
546 4074 638 4128 histor
658 4089 684 4142 p
703 4074 756 4130 III
759 4074 820 4206 Vtit
840 4075 928 4128 XXII
948 4090 970 4128 c.
990 4073 1067 4128 XHI.
1087 4073 1182 4144 §.1

380 4156 405 4222 ⁴)
423 4156 464 4210 De
482 4153 656 4208 ConsiliisL.
677 4155 698 4208 I
718 4155 784 4208 cV

381 4235 403 4302 ⁶)
423 4235 463 4288 De
481 4239 576 4287 octavu
598 4233 703 4300 synodo
722 4233 864 4290 Photiana.
893 4235 993 4289 Romae
1014 4235 1091 4288 lota.
