2926 4840
316 467 369 520 240
470 465 544 520 XVI.
581 465 685 520 Causae
704 463 822 520 celebres
840 469 870 518 et
888 463 1043 522 Decretales
1062 463 1285 520 Pseudolsidori.

316 607 406 673 haud
429 609 620 693 accepisset.
669 603 752 670 Cum
775 603 875 689 legati
898 604 1096 673 Lotbarium
1118 627 1230 692 regem
1254 619 1448 692 arguerent,

316 705 405 791 quod
429 703 641 791 Apostolicae
666 701 762 768 Sedis
787 703 955 790 judicium
979 711 1191 770 antevertens
1211 703 1425 779 waldradam,

316 803 447 889 abjecta
471 801 671 886 Temtberga,
696 800 857 882 duxisset,
882 799 1018 868 consilio
1043 809 1076 866 et
1097 803 1294 868 auctoritate
1317 804 1425 888 epieco

316 921 433 986 porum
467 900 502 966 id
534 922 570 966 se
591 898 708 964 fecisse
731 898 913 984 respondit.
962 897 1061 980 Quod
1084 900 1231 986 episcopi
1262 901 1333 984 regi
1364 921 1425 964 mn-

317 1000 470 1064 niventes
498 1019 565 1062 non
589 1006 762 1083 negarunt.
809 997 880 1062 Imo
905 996 1144 1063 verosimilium
1174 999 1341 1064 rationum
1362 998 1425 1062 fuco

316 1096 441 1180 legatos
464 1117 595 1183 quoque
619 1093 839 1176 seduxerunt,
863 1096 920 1182 qui
946 1095 1127 1161 divortium
1150 1095 1302 1162 Lotberii
1326 1105 1358 1161 et
1377 1097 1426 1158 ini·

316 1206 387 1258 tum
420 1215 496 1260 oum
528 1192 712 1258 Waldrada
746 1193 939 1279 conjugium
971 1192 1214 1279 approbarunt,
1246 1193 1426 1260 muneribus

316 1294 425 1378 potius
449 1313 548 1378 quam
572 1290 757 1357 rationibus
778 1292 871 1356 victi.
909 1291 949 1354 Im
971 1313 1034 1376 qua
1052 1291 1184 1378 syreodo,
1208 1291 1327 1357 scribit
1339 1291 1426 1356 Hinc·

316 1411 427 1456 marus
450 1391 485 1454 in
508 1387 697 1454 Annalibus
720 1388 923 1452 Bertinianis
951 1389 994 1453 ad
1018 1411 1048 1454 a.
1073 1389 1152 1470 863,
1179 1389 1332 1476 praefati
1352 1390 1426 1454 missi

317 1489 459 1575 corrupti
489 1485 684 1564 munoribus,
717 1483 869 1572 epistolas
891 1486 1011 1550 Domni
1033 1485 1211 1572 Apostolioi
1239 1487 1426 1562 occultantes,

316 1586 397 1652 rsibil
419 1585 457 1649 de
480 1586 630 1670 hisquae
654 1583 715 1648 sibi
734 1584 951 1650 commmodum
965 1583 1104 1670 fuerumt
1126 1584 1298 1650 comodum
1318 1607 1427 1650 aarum

317 1686 536 1750 auctoritatem
565 1693 701 1768 eperunt.
760 1682 800 1747 Ut
830 1692 934 1746 autem
964 1681 1088 1768 aliquid
1120 1682 1302 1748 oidorommr
1333 1685 1426 1768 emme,

321 1780 532 1846 Grmtboriruo
551 1779 767 1846 Coloniamsem
789 1781 1058 1866 archiepiscopum
1081 1790 1111 1844 et
1133 1781 1349 1866 Teutpaudum
1366 1781 1426 1844 Tre·
1447 1843 1448 1846 ,

316 1883 469 1946 circanam
501 1899 595 1962 oeque
620 1879 906 1964 archiepiscopum,
942 1900 1010 1942 cerm
1031 1879 1133 1944 veniis
1165 1901 1244 1964 quos
1274 1881 1312 1944 s'm
1335 1877 1428 1942 eodem

318 1977 436 2064 synodo
470 1973 722 2061 subscripserunt
762 1976 903 2062 episcopi
937 1976 1071 2042 Romam
1104 1977 1152 2040 ire
1182 1980 1366 2065 jussorum,
1400 1985 1427 2038 ot

309 2075 436 2166 judicio
459 2073 579 2138 Domm'
603 2073 780 2159 Apostolim'
802 2075 876 2160 ipsc
898 2097 997 2140 causo
1019 2072 1257 2159 diffiniretur.¹)

406 2171 459 2236 23.
492 2167 699 2236 Guntbarius
729 2180 762 2234 et
780 2171 996 2255 Teutgaudus
1019 2171 1163 2257 superba
1187 2170 1333 2257 quadam
1355 2192 1448 2234 arro¹

316 2271 430 2354 gantis
454 2277 487 2332 et
507 2269 694 2352 ignorantia
709 2290 787 2332 suae
804 2291 924 2332 causae
948 2269 1098 2351 fidentes,
1121 2269 1288 2355 intrepide
1302 2269 1425 2334 Romam

317 2375 552 2452 properarunt,
577 2375 611 2428 et
633 2364 768 2430 Nicolao
792 2365 947 2432 Pontifici
978 2364 1118 2432 libellum
1149 2365 1190 2431 de
1211 2367 1363 2434 Lotbarii
1384 2357 1448 2430 ne?

154 2483 238 2526 arsen
253 2491 299 2520 reu·
317 2466 406 2548 gotio
430 2460 648 2529 tradiderunt.
697 2462 809 2543 Quum
834 2483 911 2530 vero
935 2463 1093 2531 Nicolaus
1120 2463 1224 2530 multa
1240 2464 1427 2552 prosarum

190 2543 268 2588 “m‘’
319 2563 467 2626 inaudito
499 2563 535 2626 in
567 2559 758 2645 hujusmodi
793 2559 903 2626 libello
936 2563 1121 2644 inveniret,
1156 2583 1269 2628 menes
1304 2560 1426 2630 Octobri

318 2661 398 2724 anui
423 2659 487 2724 863
512 2660 712 2724 convocavit
735 2660 769 2723 in
793 2657 959 2726 Laterano
984 2659 1166 2744 synodum,
1190 2662 1225 2726 in
1249 2683 1317 2747 qna
1338 2657 1426 2724 read

317 2779 457 2824 maman
480 2765 636 2820 revocem
651 2755 807 2822 Pontifex
826 2756 918 2842 justa
941 2779 981 2823 ac
1005 2779 1099 2823 sacra
1125 2760 1324 2824 auctoritate
1346 2757 1448 2846 plura*

318 2855 451 2920 decreta
480 2855 600 2920 emisit.
647 2853 820 2938 Synodum
849 2855 1032 2920 Meteonem
1055 2855 1214 2922 Nicolaus
1243 2855 1343 2942 plane
1372 2875 1426 2920 cas·

317 2955 419 3035 savit,
453 2951 677 3018 Guntharium
711 2959 745 3016 et
767 2951 1002 3038 Toutgaudum
1025 2952 1195 3039 deposuit,
1228 2957 1320 3020 omni
1348 2953 1428 3018 exuit

318 3050 496 3138 episcopali
519 3050 683 3134 regimine
707 3058 740 3114 et
762 3052 1078 3134 excommunicavit,
1102 3060 1136 3115 et
1156 3051 1301 3140 reliquos
1318 3053 1426 3140 episco

317 3169 376 3234 pos
399 3169 512 3212 eorum
537 3146 714 3234 complices
738 3146 847 3212 eidem
870 3170 998 3234 poenae
1021 3147 1187 3232 subdidit,
1221 3151 1249 3214 ai
1274 3171 1351 3216 cnm
1373 3147 1426 3213 illis

318 3247 578 3332 conjurationem
611 3246 763 3330 inierint3
797 3245 978 3311 divortium
1011 3269 1090 3312 vero
1120 3246 1270 3312 Lotharii
1306 3247 1425 3314 omnino

318 3343 503 3410 damnavit.
525 3383 569 3392 -
593 3341 801 3410 Guntharius
825 3353 857 3407 et
871 3343 1088 3430 Teutgaudus
1111 3346 1145 3410 in
1163 3345 1361 3410 Pontificem
1382 3365 1426 3408 ox·

317 3443 470 3508 ardentes
492 3442 704 3508 Ludovicum
727 3441 966 3528 Imperatorem
989 3442 1174 3508 Beneventi
1207 3453 1359 3528 agentem
1380 3440 1425 3505 ad·

318 3542 443 3622 ierunt,
477 3562 618 3626 eumque
650 3541 696 3603 ita
729 3540 764 3604 in
786 3539 962 3606 Nicolaum
993 3551 1260 3624 commoverunt,
1294 3552 1331 3608 ut
1362 3559 1425 3604 com

318 3639 466 3702 exercitu
481 3637 620 3703 Romam
644 3637 811 3723 profectus
824 3637 1020 3704 Pontificem
1044 3639 1089 3704 ad
1110 3639 1332 3726 reparandam
1355 3637 1424 3723 inju-

317 3738 417 3818 riam,
450 3757 550 3822 quam
573 3734 684 3802 fratris
707 3737 758 3800 sui
781 3735 898 3822 legatis
921 3735 1047 3803 illatam
1072 3737 1217 3822 dicabat,
1242 3735 1424 3824 compellere

318 3837 506 3900 instituerit.
552 3833 671 3900 Mediis
695 3835 729 3898 in
752 3835 915 3920 angustiis
949 3845 982 3900 et
1004 3834 1160 3920 periculis
1183 3833 1340 3902 Nicolaus
1362 3854 1423 3898 con·

318 3941 407 3996 stans
429 3933 465 3996 in
488 3932 557 3996 suis
581 3930 721 3996 decretis
743 3931 877 3996 tuendis
891 3935 1128 4018 perseveravit.
1168 3931 1279 4019 Opera
1294 3933 1423 3998 maxime

316 4075 529 4086 ——n—-

391 4162 413 4231 ¹)
431 4161 464 4216 V.
482 4162 565 4216 Perta
582 4161 617 4216 ll.
638 4159 670 4214 G.
690 4160 713 4215 1.
737 4161 888 4216 419-615,
917 4191 948 4202 -
969 4162 1009 4216 De
1027 4161 1178 4217 Annalibus
1195 4163 1361 4218 Bortiniania
1384 4157 1422 4212 cfr.

226 4245 229 4254 '
318 4240 509 4308 wattenbach,
527 4240 725 4298 Deumchlands
744 4241 1008 4310 Gasohiehtsquollen
1027 4241 1068 4298 ed.
1087 4243 1113 4298 4.
1133 4247 1152 4298 t.
1172 4243 1194 4298 1.
1213 4259 1258 4312 pp.
1278 4243 1337 4298 ma
1354 4239 1407 4296 23&
