2926 4840
319 491 371 544 252
473 489 546 542 XVI.
584 487 687 541 Catinae
705 485 821 542 celebres
840 493 868 541 et
886 488 1040 542 Decretales
1061 488 1281 543 Pseudo-Isidori.

320 637 406 698 inter
437 653 547 716 regem
579 643 610 693 et
642 630 862 694 Hincmarum
896 631 1163 696 Lauduncnsem.
1215 632 1281 695 Hic
1312 655 1330 695 a
1361 655 1424 716 rege

319 741 395 796 ante
423 729 555 816 judices
585 729 687 794 laicos
715 731 855 810 citatus,
890 749 959 792 sese
992 732 1032 793 iis
1057 731 1170 793 sistere
1203 733 1319 795 merito
1349 755 1421 794 reru-

320 831 427 910 savit3
467 849 527 891 rex
561 847 640 890 vero
676 829 725 890 ira
760 826 979 891 exardescens
1017 837 1198 913 proventus
1233 829 1423 914 episcopatus

318 926 552 991 Laudunensis
576 923 721 989 inhibuit
748 934 779 986 et
803 925 882 988 fiseo
907 925 1048 990 addixit.
1095 926 1281 990 Intervenit
1303 935 1377 990 tuno
1397 929 1422 990 in

318 1026 466 1089 favorem
490 1025 618 1109 nepotis
632 1023 835 1086 Hincmarus
851 1023 1055 1094 lllremensis.
1080 1026 1136 1109 qui
1156 1025 1198 1087 ad
1218 1045 1328 1106 regem
1349 1025 1424 1088 dedit

319 1122 503 1208 epistolam,
528 1143 594 1207 qua
614 1121 692 1185 cleri
708 1121 933 1184 immunitates
950 1121 1145 1185 vindicavit.
1182 1121 1384 1186 Provooabat
1398 1125 1423 1184 iu

319 1221 382 1284 hac
405 1219 544 1305 epistola
567 1219 609 1282 ad
626 1218 765 1296 Urbani,
790 1219 887 1282 Lucii
913 1227 945 1282 et
967 1217 1127 1305 Stephani
1151 1219 1220 1284 RR.
1241 1219 1423 1284 Pontificum

320 1319 467 1398 decreta,
493 1339 577 1403 quae
602 1319 688 1380 inter
710 1315 901 1380 Decretalce
925 1316 1187 1382 Pseudo-Isidori
1212 1321 1423 1382 continentur:

320 1439 362 1480 ex
385 1437 449 1502 qao
479 1414 662 1498 colligitur.
694 1415 913 1478 Hincmarum
947 1435 1012 1478 non
1040 1415 1209 1480 dubitasse
1239 1414 1299 1480 has
1321 1416 1424 1480 Decre-

320 1513 400 1578 tales
432 1525 468 1576 ut
491 1515 653 1596 genuinas
676 1515 900 1597 proponere.¹)
925 1549 968 1558 -
992 1513 1173 1577 Hincmaro
1203 1515 1328 1599 juniori
1353 1514 1424 1578 bonu

320 1613 470 1676 restituta
490 1621 575 1691 sunt,
601 1609 705 1674 donec
726 1609 871 1695 legitimo
891 1611 1020 1696 judicio
1040 1609 1113 1674 lites
1128 1633 1241 1676 omnes
1259 1612 1425 1676 linirentur.

295 1738 304 1747 ·
410 1710 462 1773 39.
495 1708 560 1773 Sed
585 1709 679 1772 brevi
704 1719 786 1792 post,
811 1729 897 1771 anno
922 1709 1001 1788 869,
1027 1708 1290 1774 vehementiores
1314 1731 1425 1774 exarse·

235 1791 252 1820 ⁵
322 1817 399 1870 runt
423 1808 495 1870 lites
519 1827 586 1870 non
611 1805 716 1869 solum
741 1827 816 1869 oum
840 1827 933 1890 rege,
959 1806 1016 1870 sed
1040 1809 1140 1870 etiam
1164 1827 1239 1870 cum
1259 1808 1426 1872 Hinomaro

321 1903 509 1969 Rhomensi.
562 1904 766 1967 Hincmarus
801 1904 916 1989 junior
949 1927 969 1968 a
1003 1925 1080 1988 rege
1114 1906 1233 1969 iterum
1269 1908 1427 1970 occasione

322 2003 495 2089 cujusdam
519 2003 609 2066 feudi
635 2003 822 2087 impetitus,
856 2011 932 2066 ante
957 2003 1122 2086 synodum
1146 2003 1327 2068 Verberiae
1351 2003 1427 2068 habt-

321 2112 388 2166 tam
406 2103 524 2164 citatus
540 2109 597 2177 est,
616 2110 647 2162 et
663 2100 706 2165 ad
721 2100 916 2164 Pontificem
933 2100 1129 2186 appellavit3
1154 2101 1211 2165 sed
1226 2102 1427 2166 nihilominus

321 2221 341 2262 a
364 2221 440 2282 rege
465 2198 634 2262 custodiae
658 2199 833 2262 mandatus
853 2207 910 2262 est.
957 2199 1053 2262 'l'nnc
1073 2201 1154 2283 ipse,
1179 2200 1265 2264 clero
1290 2221 1347 2264 suo
1367 2222 1428 2264 eon·

321 2299 495 2377 sentiente,
521 2295 699 2360 dioecesim
722 2297 980 2360 Lauduncnsem
1004 2295 1179 2360 interdicto
1204 2297 1361 2382 subjecitj.
1383 2295 1429 2360 sed

322 2393 534 2457 interdictum
566 2393 727 2477 ejuusmodi
760 2393 858 2457 solvit
883 2395 1084 2458 Hinomarus
1108 2393 1304 2459 Rhemensis
1329 2410 1429 2459 metro-

321 2489 501 2575 politanus,
527 2491 583 2576 qui
603 2492 674 2576 jam
700 2493 811 2575 nepoti
836 2491 878 2555 ob
903 2493 973 2576 ejus
998 2493 1243 2578 imprudentem
1267 2494 1427 2558 audaciam

321 2589 547 2653 succensebat.
602 2589 735 2652 Studuit
773 2599 883 2652 autem
923 2590 1126 2653 Hincmarus
1159 2591 1354 2656 Rhemsnsis
1384 2591 1430 2674 ju«

322 2707 417 2749 suum
443 2688 476 2749 in
502 2686 660 2750 solvendo
686 2687 861 2750 interdicto
886 2687 1041 2772 probare,
1078 2687 1228 2752 exhibita
1252 2689 1429 2753 collectione

320 2785 431 2868 legum
457 2785 756 2847 ecclesiasticarum
779 2783 820 2846 de
838 2785 972 2870 juribus
988 2784 1241 2870 metropolitani.
1280 2785 1430 2872 Opposuit

323 2883 522 2945 Hinomarus
541 2883 665 2967 junior,
689 2880 784 2945 brevi
809 2891 882 2966 post
906 2882 1049 2946 libertati
1073 2882 1232 2965 redditus,
1257 2885 1356 2948 aliam
1379 2881 1430 2945 rol·

320 2979 495 3044 lectionem
519 2979 647 3064 legum,
673 2979 793 3068 quibus
817 2982 996 3044 arroteritae
1020 2981 1248 3066 metropolitae
1272 2983 1431 3064 restringu-

320 3079 435 3160 batur3
469 3077 641 3141 constabat
665 3087 774 3140 autem
806 3076 888 3140 haee
912 3078 1061 3142 collectio
1085 3082 1187 3144 variis
1211 3079 1431 3144 Decretalibus

321 3175 611 3240 Pseudo-Isidori.
657 3175 736 3238 Mox
760 3176 874 3238 variae
903 3176 987 3240 aliae
1011 3175 1084 3240 lites
1114 3179 1201 3241 inter
1224 3177 1431 3242 Hincmarom

322 3273 541 3336 Rhomensem
575 3283 607 3337 et
639 3273 858 3337 Hincmarum
887 3275 1056 3360 juniorem
1089 3285 1179 3339 ortae
1212 3286 1305 3354 sunt,
1344 3285 1430 3359 atque

323 3393 424 3456 quum
449 3371 621 3436 ennodii)
644 3373 678 3434 in
703 3369 829 3454 synodo
845 3372 1065 3436 Attiniacensi
1091 3372 1131 3436 de
1154 3374 1315 3456 eiusmodi
1334 3373 1432 3437 causis

321 3477 482 3552 ageretur,
508 3467 562 3530 hio
587 3481 700 3532 contre
724 3468 927 3532 avunculum
952 3491 1046 3533 surum
1063 3471 1199 3535 alteram
1215 3471 1430 3536 collectionem

321 3565 690 3630 Pseudo-Decretalium
706 3565 824 3631 Isidori
848 3567 993 3652 protulit,
1019 3571 1164 3632 maxime
1188 3580 1224 3633 ot
1247 3569 1430 3635 ostenderet.

322 3666 513 3748 episcopum
544 3687 611 3728 non
635 3687 729 3752 posse
762 3664 883 3750 deponi
914 3668 986 3730 sine
1010 3687 1172 3732 consensu
1195 3667 1334 3733 Romani
1358 3667 1432 3729 Pon·

322 3761 436 3842 titicis⁷
469 3771 500 3825 et
524 3762 662 3826 Romam
686 3762 844 3848 appellari
876 3785 971 3848 posse
995 3774 1071 3828 ante
1096 3768 1292 3830 sententiam
1324 3762 1430 3848 synodi

322 3858 536 3943 provincialis
560 3859 730 3944 prolatam,
756 3863 783 3924 si
803 3860 949 3945 synodus
969 3860 1010 3926 ob
1031 3861 1177 3926 studium
1198 3865 1340 3949 partium
1357 3871 1431 3924 esset

322 3958 517 4040 susspecta.⁹)
554 3995 597 4004 -
635 3958 798 4044 Opposuit
838 3959 1040 4024 Hincmarns
1079 3959 1276 4024 Rhomensis
1313 3959 1432 4023 celebre

396 4169 415 4231 ¹)
435 4169 467 4222 V.
487 4169 712 4240 Hincmari'tlpp.
731 4178 752 4225 t.
772 4171 806 4226 ll.
826 4185 851 4239 p.
871 4173 931 4226 316.

395 4250 415 4314 ²)
434 4249 466 4303 V.
486 4249 626 4304 Hincmari
644 4249 710 4318 Opp.
730 4257 749 4306 t.
771 4251 806 4304 II.
826 4269 851 4320 p.
870 4253 932 4307 355.
