2952 4832
311 499 351 554 De
365 498 618 554 Praedeoessoribus
635 500 661 555 S.
681 499 808 568 Gregorii
826 499 886 554 Vll.
1113 499 1167 554 2³5

62 643 148 708 Unde
186 643 306 708 cruditi
347 653 475 708 textum
503 643 700 730 imperialem
731 645 955 710 distinxerunt
984 651 1166 706 attextum

56 741 252 828 pontificiam,
277 751 310 806 et
323 741 380 806 alii
394 741 485 806 hunc
499 740 555 806 alii
572 742 665 808 illurn
681 743 786 827 magis
799 742 981 827 genuinum
999 760 1166 804 censuere.

59 839 106 904 Sic
127 842 163 902 in
186 849 280 904 textu
302 839 465 925 imperiali
489 839 578 925 quod
601 862 634 906 n.
658 841 698 904 4⁰
729 841 763 905 in
787 839 888 904 altero
917 837 1067 920 habetur,
1094 836 1342 922 jam‘lffifflur*

59 937 139 1002 hisce
172 939 363 1002 enuntiatur
398 961 430 1002 n.
457 939 508 1001 1⁰:
550 938 616 1020 „Ut
639 936 781 1001 obeunte
805 936 904 1023 hujus
931 937 1100 1000 Romanae
1135 943 1167 998 et
1222 913 1290 956 ’ω’

57 1034 246 1100 universalis
270 1035 428 1100 ecelesiae
446 1035 608 1099 Pontifice
632 1035 795 1120 imprimis
812 1033 1005 1100 Cardinales
1030 1031 1166 1116 diligen-

57 1133 176 1196 tissima
199 1132 295 1196 simul
315 1133 578 1198 consideratione
594 1141 782 1215 tractantes,
807 1132 898 1196 salvo
915 1129 1026 1196 debito
1043 1129 1167 1194 bonore

55 1239 83 1291 et
94 1231 280 1294 reverentia
295 1230 406 1296 dilecti
416 1230 476 1294 tilii
492 1232 594 1295 nostri
607 1231 640 1294 H
643 1232 769 1312 einrici,
793 1231 850 1316 qui
863 1231 898 1293 in
906 1228 1166 1314 praesentiarum

54 1347 107 1390 rex
128 1326 273 1392 habetur
295 1337 328 1392 et
350 1326 479 1392 futurus
503 1329 681 1414 imperator
692 1328 765 1392 Deo
781 1326 983 1392 concedente
1006 1333 1167 1410 speratur,

54 1427 132 1488 sicut
150 1425 224 1510 jem
248 1425 311 1491 sibi
335 1426 502 1490 mediante
526 1427 598 1512 ejus
621 1427 738 1490 nuntio
762 1423 1017 1508 Longobardiae
1040 1420 1166 1486 cancel·

52 1521 126 1586 lario
147 1521 202 1586 W.
221 1521 399 1606 (Wiberto)
424 1526 656 1607 concessimus,
681 1532 714 1588 et
737 1543 963 1588 successorum
985 1519 1083 1602 illius,
1108 1521 1166 1605 qni

52 1619 89 1684 nb
112 1620 178 1685 hac
200 1620 381 1706 apostolica
404 1621 481 1686 sede
505 1622 720 1707 personaliter
743 1621 806 1686 hoc
824 1621 881 1708 jus
905 1618 1166 1704 impetraverint,

51 1718 90 1782 ad
112 1741 310 1782 consensum
327 1741 434 1784 novae
450 1719 620 1784 electionis
636 1719 828 1784 accedant.“
847 1755 890 1766 --
907 1715 1063 1802 Sequitur
1087 1713 1165 1778 dein

50 1815 84 1878 ‘2⁰
101 1825 160 1898 ,ut
176 1853 217 1864 -
236 1817 391 1881 nimirum
413 1840 454 1882 ne
469 1818 658 1884 venalitatis
674 1817 808 1882 morbus
823 1815 970 1903 qnalibet
993 1813 1166 1877 occasione

49 1915 212 1998 surripiat,
229 1914 429 2000 -religiosi
445 1919 510 1980 viri
531 1937 605 1981 cnm
631 1917 839 1982 serenissimo
863 1914 930 1978 filio
954 1919 1064 1976 nostro
1087 1932 1167 1994 rege

49 2011 205 2076 Heinrico
229 2013 410 2097 praeduces
433 2016 499 2079 sint
522 2016 557 2078 in
572 2013 791 2099 promovendi
805 2011 978 2098 pontifices
993 2005 1067 2094 (sic)
1084 2006 1165 2072 elec·

47 2111 143 2192 tione,
174 2109 291 2196 reliqui
315 2119 425 2176 antem
449 2113 637 2198 sequaces.“
663 2149 707 2160 —-
730 2112 768 2176 3⁰
800 2109 958 2194 „Eligant
988 2117 1098 2171 autem
1123 2105 1165 2170 de

47 2208 148 2292 ipsius
164 2206 323 2272 ecclesiae
337 2210 473 2293 gremio,
498 2211 525 2274 si
549 2212 712 2296 reperitur
735 2210 883 2289 idoneus,
909 2206 963 2270 vel
979 2207 1007 2269 si
1032 2204 1073 2269 de
1093 2205 1166 2290 ipsa

47 2325 109 2369 non
127 2306 309 2390 invenitur,
334 2328 376 2369 ex
399 2306 464 2371 alia
487 2317 703 2392 assumatur„
722 2345 766 2354 -
780 2307 819 2370 4⁰
836 2304 963 2386 Quodsi
986 2323 1165 2389 pravorum

43 2413 143 2490 atque
176 2403 365 2488 iniquorum
400 2404 572 2470 hominnm
610 2408 656 2470 ita
686 2405 884 2491 perversitas
907 2401 1094 2482 invaluerit,
1129 2408 1168 2463 ut

44 2522 136 2585 pura,
163 2501 292 2564 sincera
315 2511 413 2588 atque
436 2505 581 2588 gratuita
604 2503 720 2568 electio
745 2503 816 2566 fieri
840 2503 875 2566 in
888 2499 980 2565 Urbe
1003 2519 1069 2562 non
1092 2518 1166 2582 pos-

41 2601 91 2684 sit,
115 2599 199 2664 licet
213 2601 311 2684 pauci
335 2602 410 2683 sint,
430 2601 487 2687 jus
509 2612 621 2666 tamen
644 2601 815 2687 potestatis
838 2599 1019 2676 obtineant,
1044 2593 1166 2678 eligere

40 2696 245 2781 apostolicae
286 2698 356 2762 sedi
395 2700 603 2784 pontificem,
643 2699 700 2765 ubi
734 2721 809 2763 oum
838 2696 1056 2761 invictissimo
1085 2713 1164 2776 rege

40 2795 204 2860 Heinrico
236 2798 471 2879 congruentius
496 2798 754 2884 judicaverint.“
807 2795 946 2883 Reliqua
977 2797 1167 2874 congruunt

38 2915 116 2957 cnm
142 2892 249 2956 altera
271 2892 395 2958 decreti
418 2894 559 2960 formula
573 2897 607 2979 ¹).

128 3037 186 3102 21.
219 3033 332 3100 Facile
348 3045 438 3121 patet
453 3040 567 3123 quanti
592 3039 750 3103 momenti
774 3038 873 3102 fuerit
896 3037 958 3103 hoc
983 3039 1164 3124 decretum,

31 3157 100 3221 quo
137 3133 282 3198 Romani
317 3131 487 3201 Pontificis
523 3136 637 3202 electio
672 3135 923 3222 disponebatur,
958 3147 1058 3224 atque
1090 3145 1162 3206 tum

112 3400 135 3469 ¹)
157 3399 199 3452 De
217 3397 307 3453 indole
324 3395 425 3451 decreti
443 3409 474 3448 ac
492 3395 526 3448 de
542 3393 644 3461 duplici
662 3394 815 3448 recensione
833 3393 939 3468 erudite
956 3398 1060 3448 tractat
1077 3395 1109 3450 cl.
1124 3397 1164 3450 H.

29 3479 163 3536 Granert
180 3479 210 3533 in
228 3493 278 3532 sna
295 3475 507 3530 Dissertatione:
528 3475 599 3542 „Das
617 3475 717 3529 Decret
734 3474 860 3528 Nicolaus
878 3474 908 3526 11
926 3489 980 3528 von
1000 3475 1094 3540 10592,
1114 3476 1163 3531 Hi·

27 3568 96 3617 star.
130 3555 273 3614 Jabrbucb
292 3557 314 3610 1.
342 3556 389 3610 IV.
413 3571 438 3624 p.
458 3555 511 3610 502
532 3569 598 3622 sqq,
626 3553 672 3609 nbi
698 3560 728 3608 et
749 3553 798 3608 alii
822 3557 957 3620 auctores,
988 3556 1034 3620 qni
1057 3555 1090 3610 de
1112 3556 1165 3611 hac

27 3639 201 3708 quaestione
223 3641 341 3706 egerunt
363 3635 493 3690 citantur.
524 3633 659 3690 (travibus
677 3634 847 3703 argumentis
866 3634 924 3702 ipse
942 3635 1103 3703 comprobat,
1122 3651 1163 3690 re·

25 3721 194 3776 censionem
206 3716 372 3786 pontificiam
384 3714 485 3770 decreti
499 3715 646 3784 genuinam
665 3730 731 3779 esse,
751 3713 916 3783 imperialem
934 3729 998 3768 vero
1016 3714 1162 3784 interpola-

25 3809 96 3856 tam.
141 3797 195 3853 cni
214 3797 367 3852 sententiae
386 3795 434 3850 alii
452 3810 558 3862 quoqne
576 3796 721 3864 scriptores
740 3794 940 3862 spectatissimi,
958 3793 1002 3849 uti
1019 3794 1115 3850 Hefele
1135 3801 1165 3850 et

24 3879 160 3937 Scheffer
174 3878 232 3947 jam
250 3885 333 3932 antea
350 3875 496 3946 suffragati
514 3881 587 3932 sunt
606 3906 643 3916 —
660 3875 723 3931 Jem
735 3874 878 3930 Anselmus
896 3875 948 3943 (ΙΙ)
966 3873 1095 3930 Lucensis
1114 3889 1165 3930 eno

21 3971 162 4032 tempore
181 3962 275 4012 eontra
293 3955 454 4011 Guibertnm
473 3955 631 4024 antipapam
648 3955 679 4012 L.
698 3955 736 4011 ΙΙ.
760 3954 866 4009 scribit:
890 3955 1057 4028 „Praeterea
1071 3959 1164 4010 antem

22 4041 183 4111 praefatus
195 4038 350 4092 Wiebertne
368 4041 418 4091 aut
435 4035 486 4100 sni,
504 4041 537 4090 nt
555 4051 620 4090 suae
638 4035 711 4104 parti
731 4033 853 4089 favorem
871 4034 1062 4100 adscriberent,
1081 4051 1162 4102 qnae·

20 4123 88 4177 dam
110 4121 146 4175 in
170 4117 260 4172 eodem
279 4117 386 4172 decreto
404 4116 532 4181 addendo,
552 4115 682 4182 quaedam
700 4115 836 4180 mutando,
855 4115 896 4170 ita
908 4115 975 4170 illud
988 4114 1164 4170 reddiderunt

20 4221 38 4256 a
62 4217 96 4257 se
123 4197 277 4263 dissidens,
304 4201 337 4252 nt
359 4201 408 4251 aut
430 4211 527 4265 panea,
557 4203 606 4250 ant
624 4195 701 4251 nulla
719 4197 883 4264 exemplaria
901 4194 952 4248 sibi
971 4195 1164 4250 concordantia

20 4283 149 4339 valeam
172 4276 314 4334 inveniri.“
