2904 4834
313 495 435 548 Eventus
454 499 515 562 post
534 493 682 548 Concilium
700 509 754 548 occ.
774 493 851 547 VIII.
1088 493 1139 545 421

46 679 82 686 -
101 641 217 703 blotiva
241 659 325 725 quae
348 638 513 702 Ioannem
544 635 586 702 ad
611 637 836 702 oeconomiam
859 635 1085 721 indulgentiae
1109 644 1141 698 et

46 737 278 824 dispensationis
312 734 478 799 adducere
513 745 677 820 poterant,
713 735 796 798 haec
831 743 934 798 erant.
979 733 1314 841 Ignali11s‚⁸;²⁵,⁰„¹,⁸,⁶¹³⁵

44 833 211 920 patriarcba
224 832 402 919 legitimus,
419 831 481 896 hac
498 835 568 897 vita
584 833 717 898 functus
739 841 818 913 erat,
842 831 991 917 adeoque
1005 830 1143 896 Photius
1193 809 1205 840 ⁰
1266 809 1294 840 ¹²

44 933 119 996 baud
141 953 208 996 sese
232 931 402 1014 ingerebat
418 940 455 994 ut
470 939 644 1016 usurpator
666 932 701 993 in
720 929 892 994 ecclesiam
917 929 1062 1015 episcopi
1087 929 1143 992 ali-

43 1031 123 1114 cujus
144 1028 252 1094 adhuc
276 1029 432 1093 viventis.
472 1028 668 1093 Eruditione
692 1029 864 1114 omnisque
887 1029 1017 1111 generis
1041 1029 1143 1092 scicn-

42 1129 79 1190 tia
98 1139 191 1214 atque
216 1125 496 1190 culturaPhotins
519 1148 597 1211 prae
622 1125 776 1190 omnibus
791 1123 1015 1190 Orientalibus
1039 1123 1143 1188 excel·

41 1225 130 1308 lebat3
164 1247 344 1311 permagna
379 1233 449 1287 erat
486 1223 661 1289 multitudo
700 1224 879 1287 amicorum
917 1223 1006 1309 ejus,
1044 1233 1143 1309 atque

39 1326 123 1387 etiam
156 1325 303 1388 maxima
335 1343 411 1407 pars
443 1324 672 1408 episcoporum
701 1319 909 1385 orientalium
932 1321 1003 1406 jam
1035 1331 1143 1406 partes

40 1421 129 1504 ipsius
151 1418 389 1506 sequebantur,
422 1423 519 1505 pauci
548 1430 677 1484 tantum
701 1419 907 1483 resistebant.
954 1418 984 1482 A
1008 1421 1143 1505 patriar-

39 1519 98 1582 chis
120 1515 334 1583 orientalibus
359 1539 434 1580 eum
454 1517 526 1604 jam
550 1519 699 1602 agnitum
724 1539 811 1594 esse,
834 1516 1015 1582 testabatur
1038 1516 1143 1603 Impe-

39 1629 127 1696 rator,
163 1615 312 1702 adeoque
342 1617 496 1679 universo
526 1613 653 1681 Orienti
684 1617 902 1680 consentienti
937 1615 1143 1679 resisteretuc

39 1737 112 1777 riuus
133 1712 313 1778 Pontifex?
336 1713 476 1777 Nonnisi
501 1715 706 1777 restitutione
726 1711 835 1776 Photii
860 1710 1018 1776 ecciesiae
1041 1715 1144 1777 orion-

37 1811 85 1875 tali
117 1835 183 1897 pax
218 1810 312 1875 reddi
346 1831 440 1895 posse
480 1809 672 1892 videbatnr3
715 1832 752 1874 eo
791 1811 911 1896 rejecto
950 1809 1144 1874 imminebat

36 1913 136 1973 scissio
160 1910 301 1973 funesta.
347 1908 433 1973 Nam
459 1931 560 1994 quum
583 1907 726 1973 Basilius
749 1907 904 1973 Photium
928 1919 1090 1990 tueretur,
1116 1911 1143 1974 is

34 2011 122 2071 eriam
156 2016 271 2070 contra
299 2005 395 2070 Sedis
419 2006 628 2092 Apostolicae
657 2005 813 2071 mandata
842 2008 876 2070 in
907 2008 984 2071 sede
1009 2005 1143 2072 CPtana

33 2108 248 2185 nmansisset,
279 2116 376 2189 atque
407 2105 453 2167 ita
481 2106 687 2190 separatione
711 2105 860 2169 confecta
892 2107 981 2169 omni
1012 2105 1142 2170 influxu

34 2205 61 2264 iu
83 2203 252 2268 Orientem
276 2201 445 2265 Romanus
468 2201 623 2265 Pontifex
648 2202 822 2267 destitutus
845 2203 970 2268 fuisset.
1016 2203 1142 2289 Impru-

33 2299 103 2364 dens
126 2309 296 2386 praeterea
321 2322 390 2363 esse
413 2299 606 2379 videbatur,
640 2302 710 2364 sine
735 2301 923 2365 omnimoda
948 2303 1142 2364 necessitate

31 2399 190 2463 offendere
214 2398 450 2483 Imperatorem
474 2397 635 2462 Basilium
660 2420 697 2462 eo
721 2409 878 2483 ternpore,
904 2421 967 2484 quo
993 2398 1142 2464 occiden-

30 2495 85 2558 tale
109 2497 291 2581 imperium
323 2497 457 2559 omnino
482 2495 685 2581 declinabat,
719 2496 776 2560 sed
800 2497 842 2561 ab
867 2494 1012 2561 Orientis
1036 2497 1141 2660 Ippo-

29 2606 125 2658 ratore
150 2593 277 2657 auxilia
301 2604 415 2656 contra
432 2591 672 2657 Saracenorum
687 2595 838 2658 incursus
853 2593 1051 2680 exspectabo
1078 2604 1140 2660 tur.

30 2693 129 2778 Atque
154 2693 255 2755 etiam
279 2690 455 2775 privilegia
484 2701 516 2755 et
539 2691 616 2778 jura
641 2691 735 2757 Sedis
760 2692 969 2778 Apostolicae
993 2691 1140 2756 roborari

29 2789 232 2869 ridebantur,
257 2809 361 2874 quum
384 2789 426 2853 ab
452 2791 523 2874 ipsa
547 2788 733 2853 Orientales
757 2813 829 2854 eam
854 2799 1002 2876 peterent
1026 2791 1140 2854 confir-

29 2889 210 2968 mationem,
235 2909 301 2972 qua
325 2887 434 2950 Photii
459 2890 667 2974 episcopatus
689 2886 855 2973 legitimus
879 2889 982 2952 fieret.
1007 2927 1042 2936 —
1062 2889 1141 2952 Cae-

27 2996 124 3048 terum
150 3007 190 3048 ea
214 2993 308 3048 crant
331 2985 460 3048 illorum
484 2997 669 3072 temporum
692 2986 849 3072 adjuncta
874 2985 1080 3067 difficillima,
1105 2995 1141 3047 ut

27 3083 55 3144 in
79 3083 191 3148 multis
215 3084 355 3167 negotiis
371 3082 611 3164 ecclesiasticis,
635 3091 707 3148 tum
731 3083 839 3169 quoad
863 3105 913 3146 res
937 3094 1006 3146 tum
1031 3081 1139 3170 quoad

27 3201 186 3264 personas,
213 3201 355 3244 canones
378 3203 445 3245 non
469 3182 580 3246 stricte
604 3181 772 3247 observari
796 3190 943 3268 possent,
968 3180 1025 3245 scd
1049 3202 1140 3244 oeco-

27 3283 130 3342 nomia
147 3278 312 3364 quaedam
328 3279 592 3364 dispensationis,
615 3279 849 3343 moderationis
866 3290 897 3342 ct
913 3279 1139 3364 indulgentiae

25 3375 211 3440 adhibenda
236 3376 414 3441 videretur.
447 3375 546 3440 Hune
570 3399 678 3440 rerum
703 3387 824 3440 statum
848 3376 1035 3462 generalem
1051 3399 1139 3440 eum·

25 3471 162 3560 demque
186 3472 409 3537 characterem
433 3475 644 3559 pontificatus
667 3475 807 3539 Joannis
830 3475 931 3556 VIII,
963 3477 1032 3560 ipsc
1057 3475 1139 3538 Pon·

25 3571 118 3652 tifex,
153 3573 208 3636 cui
240 3573 451 3658 caeteroquIn
484 3575 578 3657 vigor
607 3575 709 3638 animi
739 3583 770 3636 et
799 3595 918 3658 magna
943 3573 1072 3637 solertia
1103 3574 1138 3635 in

23 3667 116 3732 rebus
138 3669 294 3754 gerendis
322 3668 413 3733 band
445 3669 572 3752 deerat,
606 3673 762 3757 exprimit
794 3673 829 3736 iu
859 3673 970 3758 aliqua
1002 3670 1139 3756 epistola

23 3765 185 3830 scribens:
221 3767 402 3831 Moderatio
427 3769 519 3833 Sedit
541 3769 745 3856 Apostolieae
769 3779 799 3832 ct
820 3770 1010 3834 uniuersalis
1033 3767 1138 3833 Eccle-

23 3865 85 3927 a'oe
109 3865 277 3950 dispositio
309 3865 343 3927 io
372 3867 427 3929 boe
443 3867 624 3952 periculoso
655 3877 790 3954 tenpore
812 3891 917 3954 poene
941 3877 1051 3932 cancta
1074 3867 1137 3930 dis-

17 3962 197 4044 pensatorie
221 3961 418 4026 moderanda
441 3963 606 4051 compellit.
614 3967 635 4046 ¹)

93 4181 115 4248 ¹)
132 4181 219 4250 Epist.
245 4183 281 4236 34
306 4182 340 4235 ad
364 4185 490 4252 Auspert.
516 4184 674 4252 Mediolau.;
706 4184 796 4239 labbe
819 4185 869 4244 IX.
894 4187 937 4240 30.
969 4216 1001 4226 -
1032 4187 1137 4242 llotiva

19 4259 106 4314 allata
123 4261 182 4316 vide
201 4277 243 4331 ap.
263 4261 474 4332 Hergenrothen
493 4263 614 4330 Phanas,
632 4263 663 4320 Τ.
683 4265 717 4318 11.
736 4281 761 4334 p.
780 4266 840 4320 381.
