2904 4834
306 480 359 536 388
621 481 709 536 XVII.
746 481 786 538 Dc
804 481 949 540 saumata
966 482 1109 540 Photianc.

307 625 418 688 summi
432 623 593 707 Pontifices
615 613 765 688 mirandi
785 634 907 710 strator,
932 634 995 690 tam
1010 625 1196 692 &anesum
1218 649 1309 711 pram
1325 624 1404 690 Grae·

306 744 410 786 corum
433 723 531 786 eorda
551 720 721 806 resoluit¹l
1436 767 1437 810 ,

128 825 205 876 usna
231 824 284 868 ΡΜ·
395 819 448 886 80.
471 821 549 884 Post
573 819 737 904 synodum
769 818 968 886 celebratam
992 819 1184 886 Hadrianus
1212 843 1288 886 eum
1309 821 1407 905 legatis
1436 817 1437 834 ³

141 886 283 998 ”igniiif'i
306 916 448 982 CPtanis
471 916 695 981 remeantibus
719 918 809 982 misit
822 917 992 982 Donatum
1017 919 1211 1004 episcopum
1227 917 1404 986 Ostiensem.

304 1013 509 1099 Stephanum
543 1017 735 1100 episcopum
763 1015 987 1100 Nepesinurn,
1021 1025 1053 1080 et
1075 1017 1244 1082 Marinum
1268 1017 1407 1082 ecclesiae
1436 1025 1437 1068 t

303 1113 471 1178 Romanae
496 1112 683 1192 diaconum,
709 1123 745 1177 ut
767 1123 958 1198 praeessent
982 1111 1131 1178 Concilio
1154 1115 1309 1198 generali,
1333 1115 1405 1201 quod

302 1231 342 1274 ea
373 1212 408 1274 in
441 1209 522 1274 urbe
556 1232 614 1295 per
646 1210 842 1274 industriam
872 1209 990 1274 Basilii
1021 1210 1234 1296 Imperatoris
1267 1212 1406 1278 celebrari

302 1307 476 1372 statuebat.
528 1307 676 1372 Velanius
706 1330 795 1392 erpo,
825 1306 940 1372 scribit
964 1308 1119 1372 Pontifex
1150 1309 1183 1374 in
1214 1309 1348 1394 epistola
1373 1311 1405 1373 ad

302 1405 474 1486 Basilium,
491 1428 555 1492 per
576 1415 697 1470 cestrae
715 1407 850 1491 pietatis
873 1405 1066 1470 industriam
1088 1404 1157 1470 illie
1181 1406 1405 1488 (Constantino-

301 1503 379 1590 poli)
402 1526 598 1568 numercsam
621 1501 775 1566 eebbrari
792 1501 974 1582 Concilium,
999 1505 1051 1568 cai
1072 1505 1175 1572 nostri
1196 1528 1314 1592 paoem
1334 1509 1409 1570 arisai

298 1601 527 1688 praesidentes,
551 1612 581 1664 et
604 1599 769 1686 cnlpsaram
786 1623 1057 1686 personarumque
1080 1601 1280 1687 differentias
1302 1603 1408 1688 liquido

301 1709 523 1786 eopnoscentes,
540 1703 641 1787 jsmta
663 1698 746 1782 qaod
768 1700 805 1762 in
826 1699 988 1764 mandatis
1013 1711 1210 1785 acceperant,
1234 1702 1407 1786 sinfflrbrun

302 1796 397 1860 libere
412 1797 614 1860 discretiones
630 1796 835 1876 esser·ceant.²)
858 1834 901 1842 -
926 1795 979 1860 Ex
996 1817 1085 1862 more
1101 1795 1294 1864 Hadrianus
1307 1798 1408 1882 legatis

302 1895 440 1959 tradidit
467 1891 740 1960 Commonitorium
769 1915 825 1958 seu
850 1895 1116 1977 instructionem,
1148 1918 1214 1982 qua
1242 1899 1363 1960 ratione
1383 1907 1407 1958 et

301 1991 423 2080 quibus
447 1991 487 2058 de
510 1992 610 2056 rebus
633 1993 713 2076 ipsis
736 1991 903 2075 agendum
935 2003 1035 2073 esset,
1068 2005 1166 2079 atque
1197 1993 1335 2060 libellam
1361 2016 1408 2058 seu

301 2091 537 2176 professionem
552 2089 630 2154 fidei
653 2099 685 2152 et
699 2089 936 2170 submissionis,
963 2093 1016 2154 cui
1032 2113 1147 2156 omnes
1163 2091 1407 2158 subscriberent:

301 2185 448 2272 alioquin
471 2187 515 2251 ad
539 2209 729 2252 consessum
752 2197 785 2250 ct
802 2188 969 2273 judicium
994 2189 1153 2273 synodale
1184 2211 1250 2255 non
1274 2191 1407 2256 admitte·

301 2297 423 2350 rentur.
454 2286 570 2371 Eisqne
594 2283 737 2373 (legatis)
755 2288 932 2371 praecepit,
958 2285 1080 2352 dicitur
1103 2289 1137 2351 in
1154 2289 1233 2352 Vita
1247 2289 1407 2354 Hadriani.

301 2395 336 2448 nt
359 2406 446 2448 omne
470 2382 655 2446 scandalum
679 2381 826 2448 eeclesiae
854 2381 999 2448 CPtanue
1023 2385 1153 2450 solerter
1174 2389 1328 2472 sepirent,
1350 2409 1406 2450 eois·

301 2483 491 2566 secretisque
521 2504 542 2544 a
572 2480 734 2546 Methodio
764 2491 794 2544 et
820 2482 945 2567 Ipnatio
977 2481 1032 2546 sub
1062 2483 1282 2570 satisfactione
1313 2483 1408 2552 libelli.

301 2601 390 2665 quem
418 2578 458 2642 de
486 2579 603 2643 samnio
632 2589 850 2664 aeceperunt,
887 2582 1043 2666 proprias
1072 2579 1218 2648 eecledas
1246 2585 1408 2648 redderent.

302 2677 466 2741 Photianis
494 2698 566 2742 cero
596 2677 652 2741 seb
683 2678 791 2741 eadem
822 2700 859 2742 ae
882 2677 1072 2744 districtiori
1099 2679 1317 2766 satisfactione
1344 2703 1407 2744 conr·

301 2777 497 2839 manicarent
518 2775 651 2860 quidem,
676 2775 731 2840 sed
752 2776 949 2840 sacerdotnm
960 2775 1128 2865 judiciam,
1152 2801 1247 2863 nsque
1268 2780 1313 2843 ad
1331 2779 1409 2844 Sedis

302 2871 503 2960 Apostolicae
532 2875 735 2951 sententiam,
771 2883 914 2938 manente
944 2875 1137 2938 samtissimi
1159 2875 1267 2962 Papae
1293 2874 1410 2940 Nicolai

294 2971 431 3062 judicio,
450 2969 689 3056 protelarentl).
726 2971 958 3036 Necessarium
982 2971 1072 3036 haud
1089 2974 1197 3036 visum
1222 2983 1271 3037 est
1293 2973 1333 3038 de
1355 2972 1410 3036 illis

302 3067 569 3132 accusationibus
593 3071 626 3133 in
652 3069 786 3154 Syncdo
811 3091 917 3153 agere,
943 3069 1175 3154 quasPhotius
1199 3081 1313 3136 conns
1328 3071 1408 3137 Orci-

303 3165 450 3230 dentales
473 3165 662 3252 protulerat.
699 3166 818 3233 Photic
844 3167 903 3231 soli
928 3169 1017 3231 enim
1040 3167 1123 3232 haec
1146 3167 1344 3234 videbantur
1363 3167 1407 3230 ad-

303 3264 479 3329 scribenda
494 3286 598 3351 ecque
614 3264 769 3331 damnato
783 3265 967 3345 concidere,
992 3287 1053 3330 nec
1070 3265 1206 3330 ulterius
1222 3265 1406 3332 attendenda

303 3361 356 3426 vel
381 3361 588 3428 discutienda
619 3371 651 3426 et
674 3361 887 3448 divulganda.
935 3362 1056 3428 Totum
1080 3363 1115 3428 in
1139 3385 1176 3428 eo
1201 3367 1339 3450 positum
1363 3387 1406 3446 ap-

303 3460 449 3546 parebat,
474 3470 510 3526 ut
532 3459 670 3526 Photius
693 3463 825 3547 penitus
849 3461 1055 3545 rejiceretur,
1089 3483 1156 3546 pax
1188 3463 1252 3526 cito
1275 3465 1406 3526 restitue-

302 3568 409 3640 retur,
443 3569 476 3621 et
504 3557 689 3624 Orientales
719 3557 762 3622 ad
793 3561 1014 3624 reverentiam
1038 3559 1072 3623 in
1096 3557 1216 3624 Sedem
1239 3559 1406 3624 Romanam

303 3658 438 3743 ejusque
470 3657 511 3721 de
542 3657 606 3721 fide
638 3667 669 3720 et
697 3655 873 3742 disciplina
897 3656 1028 3719 decreta
1052 3655 1297 3722 reducerentur.
1342 3655 1404 3719 Alia

304 3758 450 3842 quaestio
492 3766 557 3840 cst,
606 3776 716 3819 annon
758 3752 856 3818 valde
899 3754 1112 3820 conduxisset
1155 3754 1199 3819 ad
1242 3756 1405 3842 posteriora

303 3853 480 3918 schismata
504 3853 651 3934 vitanda,
682 3851 739 3916 illa
763 3874 893 3938 quoque
917 3854 1166 3918 accusationum
1194 3854 1301 3939 capita
1331 3851 1405 3916 dam·

303 3974 398 4032 nares
432 3951 490 4016 sed
522 3973 559 4015 ec
592 3960 739 4035 tempore
770 3971 854 4036 quae
884 3959 998 4035 postea
1030 3960 1212 4014 evenerunt
1233 3947 1405 4036 praevideri

378 4174 399 4240 ¹)
418 4172 485 4225 Vita
503 4172 636 4226 Hadriani
654 4171 692 4230 11.
712 4189 732 4226 c.
754 4171 884 4228 XXXIII.

377 4250 507 4323 ²)stbc
526 4251 599 4307 VIII.
619 4251 680 4308 982.
790 4251 811 4318 ³]
831 4251 898 4306 Vita
915 4251 1048 4308 HadrIani
1067 4251 1103 4306 Π.
1122 4267 1144 4306 c
1164 4249 1288 4306 XXXIV.
