3002 4836
316 505 352 558 60
668 503 707 556 De
725 502 830 558 haeresi
849 501 1084 558 iconoclsstaruru.

317 657 349 710 et
371 645 569 711 Theodorcti
598 646 785 710 Antocheui
809 645 1073 732 patriarcharum
1100 643 1144 709 ad
1167 643 1342 728 Synodum
1366 642 1439 707 reli-

317 745 374 831 qui
399 743 553 809 monachi
578 743 781 828 delegarunt.
828 744 1002 808 Praeterea
1027 763 1115 825 vero,
1140 755 1178 806 ut
1201 741 1301 807 fidem
1322 740 1438 806 Oricu-

316 844 359 907 tis
391 841 611 922 ostenderent,
645 843 746 906 etiam
777 841 949 928 exemplar
972 841 1163 925 synodicae,
1198 861 1298 926 quarn
1331 838 1438 904 Theo-

317 940 416 1005 dorus
440 939 572 1026 quaudo
596 939 766 1004 ordinatus
789 939 904 1004 estad
931 940 1076 1027 reliquos
1105 937 1312 1024 patriarchas
1335 939 1437 1024 scrip·

316 1047 412 1120 serat,
435 1036 553 1123 legatis
575 1037 797 1120 tradiderunt,
820 1036 1011 1124 litterasque
1034 1036 1079 1102 ad
1101 1035 1278 1100 Tarasium
1303 1035 1344 1100 de
1368 1045 1440 1100 tota

316 1159 352 1200 ro
366 1136 577 1222 scripserunt.
601 1135 653 1200 llli
678 1157 755 1222 ergo
780 1135 934 1200 monachi
950 1135 1098 1201 loannes
1122 1144 1154 1198 et
1167 1133 1313 1198 Thomas
1335 1135 1438 1198 trium

317 1233 446 1298 sedium
468 1232 740 1318 patriarchalium
770 1235 904 1298 nomine
936 1233 971 1299 in
994 1231 1130 1318 Synodo
1154 1242 1307 1316 egerunt,
1331 1241 1365 1296 et
1388 1253 1440 1295 ac·

317 1331 493 1396 clesiarum
526 1332 684 1418 Aegypti,
709 1331 856 1398 Orientis
888 1342 920 1396 et
943 1329 1275 1396 Palaestinae¹fidem
1299 1339 1332 1394 ct
1354 1331 1440 1394 auti·

317 1451 418 1516 quam
441 1429 652 1494 traditionem
677 1430 719 1494 de
739 1432 841 1494 sacris
855 1429 1058 1514 imaginibus
1071 1429 1181 1494 testati
1206 1437 1293 1493 sunt.
1325 1427 1441 1508 Quare

317 1526 453 1612 Synodo
468 1529 502 1591 iu
527 1526 614 1592 hanc
637 1529 776 1593 formam
794 1527 1025 1593 subscribunt:
1050 1528 1165 1591 lucram
1187 1528 1327 1590 retineas
1342 1528 1439 1590 ιπίιπι

317 1625 574 1713 Apostolicorum
598 1625 740 1706 sedium,
765 1627 1023 1704 Alexandr-iace,
1047 1625 1259 1689 Autioclreuoe
1293 1633 1323 1687 at
1345 1625 1441 1688 Jcro-

316 1721 568 1810 solymitaaoffl).

406 1821 460 1886 57.
482 1820 638 1905 Synodus
671 1833 788 1908 coepta
818 1833 866 1886 est
889 1823 924 1884 iu
954 1819 1092 1884 basilica
1120 1818 1178 1885 SS.
1202 1817 1441 1906 Apostolorum

179 1929 204 1958 ¹³⁶
265 1928 284 1957 ⁰·
318 1917 603 2004 Constantinopoli
627 1919 682 1983 die
708 1922 767 1984 17ο
790 1921 912 1984 mensis
929 1918 1082 2004 Augusti,
1107 1939 1194 1982 anno
1211 1917 1287 1983 786.
1311 1917 1442 1980 Verum

317 2017 416 2082 factio
446 2016 678 2081 iconoclastica
711 2039 781 2082 sesc
815 2019 984 2103 opposuit,
1019 2026 1118 2103 atqua
1142 2014 1381 2080 scholariorum
1408 2029 1442 2078 et

317 2114 548 2180 excubitorum
574 2117 698 2200 copiae,
723 2136 744 2179 a
766 2117 907 2200 propriis
931 2113 1115 2179 rectoribus
1139 2111 1442 2178 Iccnomachorum

318 2212 446 2277 haeresi
470 2212 600 2277 infectis
624 2215 797 2296 excitatae,
830 2211 964 2278 nudatis
991 2212 1111 2297 gladiis
1134 2213 1294 2296 impetum
1317 2211 1353 2274 in
1385 2231 1439 2295 pa-

317 2309 496 2374 triarcham
528 2308 677 2396 aliosque
707 2311 876 2398 praesules
910 2312 1031 2392 iecere,
1064 2310 1245 2375 clamantes
1276 2331 1339 2372 sou
1374 2331 1442 2372 ease

308 2407 494 2493 fereadum,
515 2409 679 2494 infimum
702 2421 732 2473 ct
762 2409 942 2494 tacepreds'
964 2433 1003 2474 ca
1024 2431 1103 2496 puae
1127 2405 1202 2472 olim
1223 2407 1442 2494 uisofiscruat

321 2505 528 2571 Corratautiuo
551 2505 801 2594 (Copronymo).
851 2507 938 2572 Nam
960 2527 1023 2571 coa
1043 2507 1272 2594 permittemus,
1296 2504 1440 2575 audeat,

317 2603 406 2668 illius
438 2604 589 2691 abropuri
611 2605 769 2690 dopmota,
801 2615 831 2669 st
848 2606 1036 2692 praedicari
1059 2627 1122 2670 csso
1146 2604 1331 2669 statuendos
1359 2605 1441 2667 imo·

316 2701 444 2786 piueffl).
473 2703 518 2768 Iis
542 2704 781 2790 sejunxerunt
804 2703 914 2789 plures
938 2705 1094 2790 episcopi.
1118 2703 1275 2768 Tarasius
1299 2701 1440 2787 quidem

316 2798 452 2864 hiscein
471 2800 638 2886 adjunctis
657 2823 811 2885 magnam
831 2803 933 2866 animi
954 2803 1172 2868 constantiam
1187 2823 1267 2887 prae
1287 2819 1322 2863 se
1340 2800 1441 2874 tulit:

318 2908 518 2962 censuerunt
532 2907 643 2964 tamen
657 2900 858 2985 Imperatrix
868 2909 901 2963 et
917 2901 988 2986 ejus
1002 2898 1191 2982 consiliarii,
1214 2921 1272 2986 pro
1289 2908 1442 2985 tempore

318 2996 490 3082 Synodum
522 3019 591 3062 esse
623 2997 828 3064 solvendam.
882 2998 948 3064 Sed
978 3019 1098 3084 magna
1130 2996 1307 3083 prudentia
1339 2997 1443 3060 Irene

317 3094 473 3181 providit,
509 3105 545 3158 ut
577 3099 692 3182 copiae
715 3095 790 3159 illae
824 3096 983 3161 militares
1006 3095 1127 3183 quibus
1150 3095 1250 3160 factio
1275 3094 1443 3159 iconocla-

318 3195 400 3258 stica
431 3192 616 3268 nitebatur,
649 3215 727 3258 mox
757 3195 792 3257 in
825 3193 908 3258 alias
931 3194 1185 3259 transferrentur
1213 3195 1382 3278 regionem
1410 3204 1443 3256 ot

318 3312 404 3355 anno
429 3294 577 3378 sequenti
604 3289 789 3356 Concilium
815 3301 1033 3356 convocatum
1057 3293 1120 3356 fuit
1140 3291 1297 3356 Nicaeam
1321 3291 1444 3376 Bithy-

318 3391 403 3470 niae,
428 3387 485 3452 ubi
510 3392 617 3474 prima
632 3387 787 3474 Synodus
810 3389 975 3475 generalis
998 3389 1112 3455 habita
1136 3387 1284 3475 fucrau).
1309 3425 1350 3436 -
1378 3391 1437 3454 Le

317 3489 384 3572 gati
399 3487 571 3551 Pontificis
596 3489 721 3551 interea
744 3490 779 3552 iu
794 3487 942 3553 Siciliam
966 3489 1089 3551 reversi
1107 3495 1209 3568 erant,
1235 3485 1293 3550 sed
1316 3485 1359 3550 ab
1376 3488 1441 3551 Im·

318 3583 524 3669 peratoribus
548 3586 657 3650 denuo
680 3588 829 3650 accersiti
856 3597 941 3667 suut,
967 3597 1098 3650 etcum
1122 3587 1259 3650 Tarasio
1275 3585 1442 3650 Nicaeam

318 3693 544 3747 convenerunt
567 3684 634 3747 fere
658 3685 794 3747 trecenti
817 3687 1058 3770 quinquaginta
1080 3683 1258 3771 praesules.
1284 3682 1329 3746 Hi
1354 3685 1445 3768 epis·

393 3959 413 4026 ¹)
433 3958 488 4013 Cir.
507 3959 603 4014 Hefsle
623 3959 654 4015 O.
672 3959 704 4014 G.
721 3959 753 4014 Β.
773 3957 824 4013 111.
845 3959 870 4030 ξ.
890 3959 951 4015 346.

393 4040 415 4107 ¹)
434 4039 561 4107 ignatius
579 4041 608 4094 in
627 4039 693 4093 Vita
711 4039 826 4106 Tarasii,
845 4056 888 4108 ap.
907 4041 1055 4096 Baronium
1073 4039 1107 4093 ad
1125 4053 1142 4092 a
1170 4039 1221 4091 786
1240 4055 1267 4092 u.
1286 4039 1311 4092 a.

392 4122 414 4188 Ι)
434 4119 490 4176 Gfr.
511 4119 677 4188 Conscripu'o
696 4118 786 4173 brevis
805 4119 927 4174 indicans
946 4137 1014 4188 quae
1033 4121 1107 4176 tacta
1126 4125 1190 4172 suut
1209 4130 1274 4178 ante
1286 4118 1444 4188 Synodum:

318 4215 360 4268 ap.
380 4197 478 4266 Labbe,
498 4199 550 4256 VII
568 4203 615 4268 383
645 4206 674 4254 et
701 4213 743 4270 ap.
762 4200 909 4254 Barouiuru
934 4204 967 4256 ad
999 4219 1023 4258 s.
1043 4203 1095 4256 786
1114 4216 1147 4256 ea
1165 4217 1234 4269 qnae
1252 4202 1335 4258 habet
1353 4201 1446 4258 i'hco·

317 4281 418 4350 phanes
436 4281 464 4334 in
484 4280 712 4350 chronographia,
732 4283 760 4333 et
779 4281 880 4335 Auctor
898 4281 981 4336 Vitae
999 4281 1115 4340 Tarasii.
