2898 4836
379 530 494 586 Joannis
512 531 563 586 XV
583 529 767 585 Pontificatus.
1101 525 1137 582 99

52 670 124 736 debit
150 673 230 758 quod
267 675 403 739 minime
435 671 577 737 didicit?
614 671 669 736 Ad
702 672 980 757 comparationem
1013 672 1137 756 quippe

51 768 162 835 Romani
182 771 350 836 Pontificis
385 773 418 834 in
450 769 523 835 aliis
547 768 775 834 sacerdotibus
803 769 990 853 ignorantia
1022 777 1137 834 utcun-

50 889 98 951 que
124 868 293 934 tolerabilis
325 878 390 950 est,
425 870 460 932 iu
483 868 633 932 Romano
666 877 778 932 autem
811 867 865 930 cui
890 863 932 929 de
954 865 1031 947 fide,
1055 865 1136 942 vita,

49 965 182 1049 moribus,
213 965 391 1052 disciplina
421 965 646 1044 sacerdotum,
681 963 787 1050 deque
819 964 974 1028 universa
998 962 1137 1028 ecclesia

47 1060 181 1128 catholica
197 1063 420 1151 judicandum
444 1075 501 1145 est,
526 1059 743 1127 intolerabilis
767 1061 875 1126 videri
898 1059 1069 1147 potest.“¹)

114 1179 161 1245 99.
197 1179 308 1260 Quam
331 1187 528 1264 exaggerate
560 1188 593 1242 et
616 1177 794 1263 sophistice
818 1177 880 1240 ista
909 1176 1035 1262 prolata
1060 1177 1136 1256 siut,

45 1273 153 1360 colliges
174 1299 215 1342 ex
240 1278 282 1341 iis
305 1297 389 1362 quae
405 1275 446 1340 de
469 1275 568 1340 rebus
583 1275 741 1339 Romanis
765 1275 989 1359 exposuimus.
1024 1271 1138 1354 Quum

44 1373 210 1459 ,lrnulphus
235 1375 276 1439 de
301 1375 432 1440 Joanne
455 1373 525 1438 XII
548 1382 581 1437 et
603 1372 770 1436 Bonifatio
794 1371 862 1435 VII
884 1370 1038 1457 loquitur,
1064 1371 1137 1436 reli·

43 1491 106 1553 quos
125 1471 298 1536 Pontifices
322 1471 440 1555 dignos
462 1480 567 1552 tacet,
600 1491 638 1534 ac
663 1469 740 1534 Sedi
765 1467 976 1554 Apostolicae
1009 1491 1047 1532 ea
1080 1470 1138 1533 im-

41 1579 124 1650 putat,
147 1591 230 1656 quae
246 1567 434 1633 nullatenus
458 1569 529 1654 ejus
546 1566 643 1653 culpa
660 1567 862 1632 acciderunt.
898 1565 1004 1630 Valde
1028 1568 1139 1653 inepte

40 1675 129 1730 autem
152 1667 371 1750 ignorantiam
397 1673 511 1729 causat
534 1665 613 1730 cleri
638 1665 789 1730 Romani.
823 1663 1023 1728 Posteriores
1038 1667 1138 1750 scrip-

39 1775 115 1843 tores,
134 1767 179 1829 uti
194 1763 297 1831 Stella
313 1773 346 1828 et
359 1763 521 1827 Martinus
536 1762 688 1843 Polouus,
706 1763 813 1847 ipsum
828 1762 993 1826 Joannem
1009 1761 1075 1826 XV
1091 1766 1138 1827 vi-

38 1881 95 1923 rum
110 1863 203 1927 valde
225 1861 391 1926 eruditum
410 1861 511 1925 finisse
530 1860 687 1939 referunt,
709 1881 848 1946 eamque
868 1861 1064 1924 sententiam
1084 1860 1137 1924 vel

34 1977 68 2020 ex
81 1961 219 2046 antiquis
233 1959 359 2045 aliquot
374 1958 581 2023 documentis
598 1957 651 2020 vel
668 1979 710 2021 ex
724 1956 901 2022 traditione
919 1957 1067 2022 hausuae
1091 1959 1138 2021 vi·
1242 1961 1244 1966 '

35 2053 176 2144 dentur.¹)
224 2058 275 2122 Ac
294 2057 381 2143 juris
404 2057 557 2121 canonici
581 2057 747 2142 principia
770 2066 803 2119 et
820 2055 950 2139 regulas
974 2079 1008 2120 se
1032 2077 1137 2138 nosse,

35 2153 165 2240 interque
189 2154 431 2220 ecclesiasticos
448 2154 614 2218 Romanos
638 2155 727 2218 viros
742 2175 813 2218 esse
836 2165 906 2216 tum
920 2154 1042 2239 pietate
1066 2165 1136 2219 tum

34 2247 164 2317 doctriua
188 2255 348 2337 insignes,
373 2275 451 2317 mox
468 2251 623 2338 probavit
636 2251 784 2317 Joannes
808 2252 849 2316 iis
866 2273 951 2337 quae
976 2253 1010 2316 in
1035 2275 1135 2316 causa

33 2347 180 2436 Amulphi
199 2350 396 2416 Rhemenais
411 2350 481 2436 ipse
494 2350 584 2414 fecit.
602 2385 645 2398 --
659 2349 737 2415 Jam
753 2348 797 2414 ad
812 2347 911 2434 hujus
926 2351 1048 2435 negotii
1062 2373 1137 2435 pro-

31 2465 144 2528 gressus
166 2459 383 2514 revertamur.

107 2565 179 2630 100.
216 2564 256 2628 In
280 2563 407 2648 synodo
422 2565 484 2628 ista
498 2561 676 2626 Rhemeusi
690 2562 734 2626 ad
751 2585 775 2628 s.
791 2561 946 2626 Basolum
971 2573 1135 2648 postremo
1147 2580 1244 2624 norun
1272 2583 1307 2626 ts·

29 2657 63 2722 ab
84 2661 257 2748 Amulpho
273 2661 450 2726 Rhemensi
476 2660 690 2726 confessionis
715 2670 746 2724 et
762 2659 983 2725 abdicationis
1004 2661 1136 2726 libellus
1190 2643 1269 2686 Μ’

29 2755 79 2820 fuit
99 2771 265 2842 extortus,
297 2771 330 2824 et
353 2759 568 2844 depositionis
592 2760 754 2823 sententia
779 2760 812 2823 in
837 2780 912 2822 eum
936 2759 1013 2825 lata.
1059 2760 1136 2846 Ipse

28 2858 184 2924 custodiae
218 2857 359 2923 traditus
367 2907 375 2940 ,
414 2859 448 2922 in
484 2857 554 2943 ejus
589 2854 698 2920 locum
731 2865 856 2938 autem,
888 2867 1019 2942 petente
1047 2881 1133 2944 rege,

25 2953 186 3021 ordinatus
211 2965 260 3019 est
283 2951 465 3020 Gerbertus
490 2953 673 3018 monachus
701 2965 735 3018 et
758 2953 984 3040 philosophus,
1007 2957 1136 3044 (postea

25 3069 100 3137 papa
129 3053 292 3120 Silvester
319 3051 377 3142 ll).
414 3055 494 3118 Mox
518 3052 607 3140 apud
633 3051 752 3116 multos
776 3053 878 3117 dubia
902 3065 974 3117 orta
996 3065 1073 3118 sunt
1096 3055 1137 3120 dc

25 3149 125 3214 valore
149 3151 300 3236 legitimo
315 3151 444 3216 illorum
469 3161 651 3236 gestorum,
676 3151 801 3216 Romae
825 3171 903 3215 vero
927 3151 1010 3218 haec
1033 3151 1136 3218 nulla-

24 3253 109 3310 tenus
134 3248 350 3334 comprobata
374 3259 467 3332 sunt,
496 3271 534 3314 eo
558 3249 611 3314 vel
636 3251 751 3334 magis,
777 3249 864 3335 quod
889 3252 1034 3336 episcopi
1059 3251 1137 3316 Ger-

22 3347 113 3425 mani,
140 3346 228 3411 ducc
252 3369 277 3411 s.
301 3345 487 3432 Willegisio
516 3347 666 3433 praesule
689 3347 901 3432 Moguntino,
931 3348 1047 3413 eadem
1072 3349 1138 3414 ille-

18 3443 130 3518 gitima
158 3467 200 3510 ac
229 3445 411 3530 rejicienda
439 3467 509 3510 esse
540 3469 560 3510 a
591 3469 615 3511 s.
647 3445 741 3526 Sede,
771 3445 990 3512 adverterent
1044 3447 1139 3533 Epis-

20 3543 87 3624 copi
110 3555 226 3606 autem
250 3541 395 3624 Galliae,
428 3544 578 3630 praeside
601 3542 745 3608 Roberto
777 3565 854 3628 rege
878 3544 1031 3630 Hugouis
1058 3545 1137 3628 tilio,

86 3775 108 3842 ¹)
127 3773 201 3828 Vide
218 3773 290 3827 haec.
312 3789 354 3840 ap.
373 3771 519 3827 Baronium
538 3773 572 3827 atl
592 3789 616 3827 a.
636 3773 689 3827 99¹2
707 3790 733 3828 n.
754 3775 787 3827 18
806 3789 861 3841 sqq.

85 3851 107 3921 ¹)
126 3853 249 3907 Jcauues
267 3851 359 3916 Stella,
380 3852 425 3919 qui
443 3852 551 3922 scripsit
562 3853 642 3907 Vitas
655 3851 817 3908 Pontificum
836 3869 919 3922 nsque
938 3855 972 3909 ad
983 3855 1087 3909 Julium
1101 3855 1137 3921 Il,

16 3933 66 3984 ait:
92 3934 231 4000 ,Journes
250 3931 299 3986 XV
325 3931 379 3987 tuit
398 3933 441 3987 vir
459 3939 537 3987 tanto
562 3933 729 4003 magistratu
756 3933 942 4002 dignissimus,
967 3940 1062 4002 utpote
1091 3935 1139 3990 int·

17 4011 105 4077 primia
124 4014 156 4067 iu
175 4028 204 4067 rs
222 4012 336 4067 militari
361 4013 615 4078 exercitatissimus,
639 4021 669 4069 et
692 4014 795 4083 insigni
821 4013 944 4070 doctriua
968 4014 1139 4080 clarissimus,

17 4093 110 4159 quique
139 4101 171 4148 et
189 4092 300 4147 nonulla
324 4093 410 4146 edidit
441 4093 568 4149 librorum
597 4094 758 4150 volumiua‚“
797 4094 994 4163 Papebrocltius
1020 4095 1138 4164 conjicit,

16 4171 123 4227 Stellam
143 4172 216 4227 male
235 4172 333 4241 legisse
357 4173 386 4227 tu
411 4189 441 4227 re
458 4175 588 4238 militam
618 4189 649 4228 ac
670 4175 760 4242 potins
787 4175 917 4243 scriptum
944 4174 1028 4230 luisse
1056 4175 1084 4230 in
1109 4193 1138 4230 ra

15 4249 162 4310 litterario.
198 4253 332 4308 Martinus
352 4253 467 4308 Polonus
486 4251 582 4309 habet:
616 4254 684 4320 ,llic
703 4253 758 4308 tuit
776 4253 805 4308 iu
830 4255 912 4309 annis
930 4254 1141 4320 eruditissimas,

14 4336 40 4382 et
58 4331 164 4387 multos
184 4332 265 4388 libros
283 4333 457 4401 composuit.“

936 4427 978 4488 7*
