3054 4834
497 485 537 537 110
556 482 631 537 exitu
650 479 850 535 coutroversiae
1147 497 1152 507 ·
1187 473 1236 524 391

118 633 260 698 voluisse
301 603 464 714 denegare
498 625 704 711 Imperatori,
748 620 1029 708 quemadmodum
1063 620 1097 680 in
1128 616 1241 682 Gallia

120 754 194 796 eum
227 752 292 795 nou
327 725 516 814 repellebat.
556 763 599 770 —-
640 723 745 786 Erant
777 722 855 786 dein
886 723 971 784 inter
994 738 1145 803 proceres
1169 727 1239 780 tum

119 829 356 892 ecclesiasticos
387 837 457 888 tum
487 823 600 900 laicos,
636 823 692 907 qui
731 819 884 904 abrogari
918 817 1052 903 quidem
1084 814 1242 880 volebant

118 929 291 991 simoniam
325 935 358 989 et
392 923 516 987 abusus
552 922 588 983 in
622 920 818 983 investitura
847 926 1073 996 occurrentes,
1110 935 1241 978 necnon

118 1025 325 1089 arbitrariam
351 1021 617 1086 constitutionem
643 1018 872 1102 episcoporum
905 1037 964 1100 per
987 1012 1240 1097 Imperatorem3

119 1122 297 1186 censebant
319 1133 442 1198 tamen,
468 1121 574 1204 ipsam
599 1115 830 1178 investituram
853 1111 1003 1177 10111000
1018 1132 1123 1196 posse.
1157 1111 1240 1174 Eam

118 1220 219 1284 veluti
244 1219 442 1283 elementum
468 1213 641 1279 essentiale
665 1211 835 1276 habebant
859 1209 1042 1274 collationis
1066 1207 1241 1272 feudorum

118 1330 215 1403 atque
251 1316 422 1402 regalium,
460 1314 609 1398 adeoque
641 1319 673 1374 et
697 1309 941 1374 constitutionis
965 1308 1112 1392 Imperii,
1153 1306 1241 1391 quod

119 1426 293 1499 systemate
316 1410 440 1478 feudali
466 1410 641 1475 nitebatur.

205 1557 259 1620 46.
306 1552 454 1618 Invaluit
477 1563 588 1618 tamen
613 1552 703 1637 apud
728 1553 839 1614 varies
863 1552 896 1613 in
922 1535 1106 1614 Germania
1130 1561 1240 1634 partes
1262 1553 1403 1602 emmam

118 1656 221 1736 magis
246 1654 416 1737 magisque
442 1651 642 1714 desiderium
668 1651 759 1734 pacis
787 1661 820 1712 et
843 1648 1051 1715 concordiae.
1099 1651 1239 1713 Petenti·
1274 1621 1392 1668 concursu,

118 1750 178 1814 bus
211 1749 418 1836 principibus
442 1749 608 1814 Henricus
633 1749 662 1810 V
695 1746 873 1826 abstinuit,
910 1759 947 1810 ut
977 1749 1047 1831 ipse
1072 1750 1241 1832 negotium

118 1851 204 1914 istud
236 1850 439 1934 disponeret,
476 1847 534 1912 sed
563 1844 673 1910 selecti
699 1854 776 1910 sunt
803 1867 844 1908 ex
870 1857 1009 1930 utraque
1040 1857 1132 1932 parte
1156 1851 1240 1912 varii

118 1969 277 2032 proceres,
302 1949 358 2032 qui
375 1955 534 2030 tanquam
550 1945 665 2008 arbitri
691 1953 882 2026 statuerent,
908 1943 1028 2028 quibus
1046 1945 1240 2010 conditioni-

117 2045 178 2110 bus
207 2068 274 2131 pax
299 2055 331 2108 et
355 2042 532 2108 concordia
554 2043 682 2110 restitui
707 2053 849 2126 possent.
898 2042 1007 2106 Etiam
1033 2041 1184 2106 Calixtus
1207 2045 1240 2108 11

118 2166 274 2228 magnum
298 2165 377 2228 prae
401 2163 436 2206 se
460 2139 535 2204 tulit
559 2139 761 2204 desiderium
777 2137 844 2204 litis
868 2142 1125 2226 componendae,
1151 2144 1240 2228 quod

117 2243 309 2327 praesertim
335 2239 559 2304 manifestavit
583 2237 723 2322 epistola
747 2236 844 2302 vaide
870 2238 1032 2303 benevola
1056 2240 1098 2304 ad
1123 2241 1240 2305 Henri-

117 2339 237 2403 cumV
263 2338 547 2420 consanguineum
573 2357 668 2399 suum
694 2337 793 2399 missa
816 2359 875 2421 per
899 2337 1067 2401 Aaronem
1090 2339 1180 2425 Aqui
1205 2341 1240 2404 in

117 2436 270 2501 Sardinia
295 2437 497 2521 episcopum,
530 2436 586 2519 qui
612 2435 734 2519 pariter
758 2435 919 2519 sanguine
951 2445 1021 2499 erat
1044 2435 1239 2521 Imperatori

117 2536 330 2620 propinquus.
378 2533 488 2596 Missis
512 2533 613 2617 igitur
645 2533 810 2618 utrimque
833 2531 951 2616 legatis
974 2543 1007 2596 et
1029 2534 1157 2615 litteris,
1181 2535 1238 2599 aii·

116 2641 237 2717 quanto
262 2642 409 2716 tempore
434 2631 475 2694 de
498 2631 630 2714 negotio
655 2632 726 2712 isto,
752 2631 842 2694 baud
867 2633 937 2695 sine
962 2654 1083 2715 magna
1099 2633 1239 2697 difficul-

115 2742 190 2808 tate,
225 2740 335 2794 actum
367 2739 425 2794 est.
473 2728 659 2793 Resistebat
690 2728 905 2794 vehementer
935 2730 1128 2818 Imperator,
1162 2754 1239 2817 quo-

115 2828 224 2892 minus
257 2828 464 2890 renuntiaret
495 2828 700 2892 investituris
734 2850 792 2912 per
823 2827 979 2892 baculum
1011 2839 1044 2892 et
1067 2829 1238 2906 annulum,

114 2924 219 2988 donec
251 2926 281 2988 ei
313 2946 508 2988 concessum
544 2937 609 3004 est,
646 2935 682 2988 ut
718 2947 776 3010 per
806 2928 1026 3010 praesentiam
1061 2949 1155 2991 suam
1186 2928 1239 2991 vel

114 3024 287 3088 missorum
323 3044 458 3087 suorum
498 3024 531 3086 in
565 3022 743 3087 electiones
780 3025 1032 3088 convenientem
1073 3025 1238 3088 influxum

112 3119 260 3186 baberet.
304 3121 352 3186 Iis
376 3140 453 3183 vero
479 3122 535 3205 qui
560 3120 719 3186 honorem
745 3131 777 3184 et
800 3120 939 3186 salutern
964 3121 1099 3204 Imperii
1115 3121 1238 3187 abolita

112 3219 309 3282 investitura
333 3218 511 3302 periclitari
537 3219 727 3297 censebant,
752 3219 957 3284 satisfactum
983 3231 1031 3284 est
1047 3223 1238 3302 curatione,

110 3326 148 3377 ut
171 3314 329 3380 distincta
352 3317 551 3380 investitura
567 3317 792 3380 ecclesiastica
813 3317 856 3382 ab
874 3319 1072 3383 investitura
1087 3320 1237 3406 profana.

110 3411 194 3476 haec
218 3414 425 3493 investitura,
457 3435 542 3498 quae
567 3435 626 3498 per
649 3425 816 3500 sceptrum
841 3415 934 3479 tieret
967 3427 999 3481 et
1022 3417 1091 3482 1011
1113 3418 1239 3502 regalia

109 3521 285 3595 spectaret,
310 3511 549 3576 admitteretur.

198 3661 252 3726 47.
300 3661 443 3726 Demum
476 3663 577 3746 igitur
606 3685 718 3728 mense
742 3663 929 3748 Septembri
955 3669 1033 3730 anni
1061 3667 1146 3731 1122
1182 3689 1234 3752 ge·
1269 3689 1390 3732 conanus

108 3758 231 3822 neralis
265 3771 448 3824 conventus
483 3761 709 3846 Imperatoris,
751 3762 939 3847 principum
971 3785 1010 3828 ac
1045 3765 1233 3849 praesulum
1260 3757 1405 3870 mam

106 3854 315 3920 Wormatiae
339 3857 472 3922 habitus
497 3872 555 3940 est,
593 3862 647 3923 cui
671 3859 851 3948 adfuerunt
882 3883 924 3924 ex
948 3863 1236 3949 partepontiticis
1309 3840 1319 3869 ³

105 3965 145 4018 ut
167 3953 266 4039 legati
291 3955 491 4022 Lambertus
515 3957 679 4024 Ostiensis
704 3956 891 4024 Cardinalis
926 3962 1111 4047 episcopus,
1146 3963 1235 4028 Saxo

104 4049 296 4117 Cardinaiis
320 4053 502 4139 presbyter,
528 4067 561 4119 01
575 4056 757 4138 Gregorius
774 4055 962 4122 Cardinalis
986 4059 1156 4124 diaconus.
1195 4061 1234 4124 In

102 4171 172 4235 quo
197 4163 363 4214 conventu
395 4153 611 4234 „incredibile
646 4167 827 4219 memoratu
853 4166 911 4240 est,
944 4179 1044 4243 quant
1069 4159 1235 4243 prudenti,

100 4271 206 4333 quarn
233 4251 379 4331 instanti,
406 4274 504 4338 quarn
530 4251 669 4316 sollicito
687 4264 881 4317 cunctorum
898 4277 1071 4340 procerum
1087 4257 1235 4338 consilio,
