2898 4836
331 565 335 578 .
398 526 590 581 accusationes
609 519 804 595 expenduntur.
1125 531 1161 580 59

58 673 172 734 recitati
196 671 283 735 cedit
306 670 454 734 mulieris
472 672 544 756 jam
565 671 806 751 senescentis,¹)
831 673 897 734 imo
912 671 954 734 ab
971 694 1010 735 ea
1026 671 1069 735 ad
1085 673 1157 736 libi-

58 769 153 832 dinem
177 768 392 854 compellitur,
417 771 540 854 quique
564 770 599 834 in
623 771 693 854 ipso
709 767 904 853 pontificata
918 769 990 853 ejus
1004 769 1157 834 luxuriae

58 869 153 931 servit.
165 905 205 914 -—
224 869 264 931 3⁰
276 865 451 930 Caeterum
468 867 565 931 facile
582 866 775 951 explicatur,
792 886 857 952 qua
872 868 999 930 ratione
1013 889 1162 932 rumores

58 963 192 1028 malitiosi
216 965 338 1027 exoriri
361 966 539 1050 potuerint,
568 982 670 1050 quum
694 964 841 1028 ‚loannes
864 963 897 1026 X
922 985 964 1027 ex
987 965 1160 1031 Ravenna·

56 1063 125 1125 tensi
148 1063 340 1148 episcopatu
363 1063 398 1126 in
422 1062 544 1128 Sedena
560 1062 785 1148 Apostolioam
810 1061 1005 1127 elevaretur.
1042 1063 1162 1128 Trans-

55 1157 119 1222 latio
149 1181 191 1223 ex
221 1183 289 1224 una
318 1160 397 1226 sede
427 1159 470 1226 ad
494 1159 632 1226 altorum
656 1158 839 1224 canonibus
862 1181 980 1246 parum
1004 1181 1161 1244 congrua,

55 1267 129 1320 certe
151 1256 302 1342 pluribus
325 1257 531 1342 displicebat.
574 1255 783 1321 Theodoram
807 1277 885 1322 vero
909 1259 1046 1345 ejusque
1068 1257 1162 1324 fami-

54 1355 118 1418 liam
142 1355 281 1420 multum
305 1355 523 1420 contribuisse
547 1357 590 1419 ad
606 1357 810 1419 evectionem
827 1356 968 1420 Joannis
990 1358 1024 1420 in
1041 1355 1161 1422 Sedem

55 1453 276 1537 apostolicam,
301 1473 485 1539 supponere
501 1453 588 1534 licet,
605 1463 675 1517 tum
691 1453 779 1539 quod
797 1453 878 1517 haec
896 1453 1021 1517 familia
1038 1455 1163 1518 Romae

55 1573 120 1635 prae
149 1553 288 1616 caeteris
319 1552 560 1632 dominaretur,
594 1562 663 1616 tum
695 1551 783 1637 quod
808 1551 956 1616 Joaunss
979 1573 1021 1615 ox
1045 1551 1160 1616 eadem

53 1658 126 1712 esset
148 1650 354 1732 cognatione.
391 1649 430 1714 ln
455 1651 495 1712 iia
519 1671 597 1713 vero
621 1671 707 1734 quae
732 1648 906 1713 mulierum
922 1650 1006 1714 fiunt
1021 1651 1161 1721 influxu,

54 1749 220 1831 apersonis
236 1745 415 1827 malevolis,
440 1746 580 1830 levibus,
603 1747 656 1810 vel
672 1748 844 1832 corruptis,
862 1747 1094 1813 inclinationes
1109 1749 1162 1812 vol

54 1845 214 1909 relationes
238 1846 349 1908 minus
371 1842 528 1908 honestae
552 1847 675 1930 passim
699 1853 903 1929 quaeruntur
919 1867 958 1908 uc
975 1867 1162 1932 supponun-

53 1955 105 2008 tur.
149 1942 321 2006 Relaxatio
344 1963 441 2028 porro
465 1963 594 2006 morum
619 1945 754 2028 vitaque
778 1942 926 2024 liberior,
957 1944 1007 2007 uti
1031 1946 1066 2007 in
1090 1943 1165 2008 aliis

54 2041 184 2123 familiis,
209 2041 256 2104 ita
278 2043 471 2125 praesertim
496 2042 531 2104 in
547 2039 742 2104 Theodorus
765 2061 804 2106 ac
821 2041 982 2106 Marotiaa
1004 2041 1101 2106 domo
1117 2045 1164 2106 vi-

53 2139 137 2202 detur
160 2139 322 2222 viguisse,
346 2159 386 2202 ac
409 2140 506 2202 sicuti
531 2138 606 2203 illae
630 2137 784 2203 mulieres
808 2161 921 2202 ansam
947 2139 1181 2224 praebebant,¹

54 2247 84 2300 ut
111 2237 249 2301 leviores
279 2255 393 2300 sarum
425 2257 532 2300 mores
562 2246 791 2320 arguerentur,
826 2238 872 2299 ita
904 2239 990 2300 inter
1013 2259 1166 2322 proceres

52 2336 187 2400 aemulos
210 2345 243 2398 et
265 2332 474 2398 adversarios
497 2355 576 2398 sane
599 2355 666 2398 non
691 2333 825 2398 dehrere
849 2336 913 2398 viri
934 2334 1163 2422 mulieresque,

52 2435 102 2517 qni
115 2433 287 2496 sarcasmis
301 2431 436 2496 lascivis
450 2441 485 2494 et
499 2431 727 2496 diffamatione
745 2432 926 2497 vindictam
943 2444 1111 2498 sumerent
1123 2435 1166 2499 de

51 2529 1165 2614 familia,quamsummssrerumRomaetenerevidebunt-Quum

51 2649 122 2692 vero
144 2627 243 2710 vulgo
263 2647 328 2691 uon
351 2627 496 2691 sufficiat
518 2647 605 2711 vaga
626 2626 740 2712 aliqua
764 2625 891 2709 umbra,
917 2628 974 2692 scd
1000 2630 1061 2712 ipsi
1084 2651 1167 2716 opus

51 2729 112 2791 sint
124 2727 209 2791 facta
224 2735 386 2806 concreta,
412 2728 446 2789 in
466 2747 521 2790 ore
537 2725 771 2806 multitudinis,
796 2747 880 2811 quae
896 2725 1061 2790 scandalis
1079 2726 1163 2792 dele·

50 2835 157 2906 statur,
173 2823 333 2910 paulatim
347 2822 403 2887 illa
420 2832 575 2888 contexta
590 2832 623 2888 et
637 2826 837 2888 concinnata
852 2835 902 2887 est
918 2821 1041 2906 fabula,
1063 2847 1163 2912 quam

51 2919 249 3006 stupentibus
267 2921 445 2986 lectoribus
464 2920 573 3006 lepido
595 2920 679 3005 stylo
700 2921 927 3006 Luitpraudus
948 2922 1131 3008 descripsit.

131 3037 183 3104 57.
220 3037 342 3117 Restat,
367 3047 404 3101 ut
427 3037 490 3100 hoc
513 3036 585 3102 loco
610 3037 675 3102 duo
700 3039 876 3123 epitaphio,
902 3059 991 3123 quae,
1010 3038 1053 3101 ad
1078 3037 1164 3102 hano
1233 3043 1238 3054 '
1294 3044 1299 3054 '

50 3137 267 3219 (pausationem
291 3135 466 3221 pertinent,
492 3155 798 3206 commemoremus.
824 3157 861 3198 eo
887 3135 939 3199 vel
956 3137 1061 3220 magis
1077 3136 1164 3220 quod
1275 3134 1280 3143 ’

50 3233 244 3298 eruditorum
277 3233 318 3298 de
351 3233 391 3296 iis
424 3231 671 3318 disquisitiones
704 3232 801 3296 simul
835 3231 1029 3315 ostendunt,
1065 3255 1165 3318 quam

51 3343 138 3394 rante
170 3354 213 3395 ex
243 3353 309 3395 una
340 3341 432 3417 parte
464 3353 505 3394 ex
537 3331 699 3416 ejusmodi
725 3331 931 3396 documentis
955 3331 1167 3418 probationes

51 3429 234 3494 t'onuandae
259 3430 333 3511 sint,
365 3450 407 3493 ex
431 3428 533 3492 altera
557 3437 659 3515 parte,
691 3441 813 3516 quanto
839 3429 1010 3494 commodo
1035 3428 1167 3492 archae-

51 3525 150 3610 ologia
173 3523 449 3592 ad'illustrandas
464 3549 516 3590 res
533 3525 652 3590 dubias
668 3549 737 3590 esse
754 3528 865 3611 possit.
902 3523 990 3592 Citat
1004 3526 1168 3590 Beronius

51 3625 89 3688 ad
110 3647 232 3690 annum
248 3623 313 3688 996
337 3624 544 3711 epitaphium
568 3623 662 3689 dunois
685 3623 877 3702 Crescentii,
903 3627 958 3710 qui
985 3623 1168 3688 monachus

52 3721 182 3788 obiitin
206 3723 404 3787 monasterio
428 3746 454 3786 a.
474 3722 632 3786 Bonifatii
658 3745 715 3786 seu
733 3721 843 3786 Alexii
868 3725 902 3786 in
928 3731 1039 3785 monte
1057 3721 1167 3786 Aven-

54 3823 124 3886 tino.
167 3821 308 3887 Joanuis
325 3821 366 3899 ¹X
389 3831 422 3884 et
435 3819 630 3885 Theodorus
654 3820 780 3907 prolem
805 3842 881 3884 eum
905 3821 1006 3885 fuisse
1031 3817 1168 3904 conjicit

52 3939 89 3982 ex
118 3943 170 4003 eo,
205 3917 292 4005 quod
318 3939 356 3984 ea
381 3921 516 3983 nomina
539 3928 718 3984 occurrunt
740 3919 774 3982 in
799 3917 853 3981 illo
879 3916 1060 4004 epitaphio.
1107 3915 1169 3980 Est

53 4027 151 4084 autem
175 4015 386 4104 hujusmodi:

119 4243 139 4308 ¹)
155 4243 244 4309 Quum
261 4239 401 4292 Theodora
418 4244 490 4294 esset
508 4244 596 4292 mater
614 4237 747 4291 llarotise
766 4253 789 4290 a.
811 4237 863 4290 906
879 4236 936 4304 jam
955 4245 1068 4302 nuptae,
1094 4242 1169 4288 certe

57 4337 137 4380 sersus
154 4341 179 4378 a.
198 4323 252 4376 914
269 4319 409 4374 Theodora
427 4316 606 4387 provectioris
623 4323 684 4372 erat
702 4318 809 4372 astatis
