3032 4844
492 509 533 564 Dc
550 509 667 564 Concilio
685 509 820 564 trullano.
1194 515 1210 567 b

94 666 158 714 tum
181 651 263 732 fuit,
289 651 346 716 vel
371 654 473 717 etiam
491 653 726 737 quinisextum.
772 654 929 740 Episcopi
953 655 1130 721 adfuerunt
1154 657 1210 722 du-

94 750 173 812 centi
205 761 238 814 ct
270 749 515 834 septemdecim
548 750 637 836 iique
666 773 780 816 omnes
807 751 946 834 Graeci3
986 755 1096 819 Latini
1122 757 1209 819 enim

95 858 272 913 nouerant
304 849 427 913 vocati.
474 847 666 914 Interfuisse
697 859 826 914 tantum
858 850 991 916 videtur
1012 873 1098 916 unus
1121 853 1210 917 Basi-

96 945 153 1010 lins
174 949 352 1032 episcopus
375 943 600 1028 Gortincnsis,
625 949 681 1033 qui
712 956 781 1012 erat
804 969 842 1014 eo
866 957 1012 1034 tempore
1035 951 1209 1036 apocrisia-

95 1047 156 1108 rius
178 1044 322 1109 Romani
346 1044 518 1108 Pontificio
548 1041 850 1132 Constantinopoli,
886 1045 943 1111 scd
976 1069 1042 1111 non
1075 1047 1209 1132 gerebat

94 1143 151 1208 hac
173 1145 207 1208 in
231 1165 268 1207 re
292 1163 415 1206 munus
437 1141 537 1226 legati
559 1141 738 1207 Pontificio.

175 1241 208 1306 6.
233 1239 370 1305 Gonditi
402 1240 539 1304 fuerunt
561 1241 595 1304 in
619 1239 768 1305 Concilio
791 1241 949 1306 Trullano
984 1265 1117 1308 canoniea
1140 1267 1207 1308 een·
1290 1274 1318 1305 a

93 1351 152 1401 mm
182 1349 213 1402 ct
245 1339 326 1416 duo,
351 1341 439 1402 inter
470 1359 551 1424 quos
582 1337 715 1423 plurimi
741 1341 957 1404 inveniuntur
979 1340 1075 1404 laude
1100 1340 1207 1424 digni3

91 1437 146 1500 sed
179 1436 333 1501 nonnulli
366 1436 578 1522 disciplinam
611 1437 868 1504 ecclesiasticam
900 1437 1110 1524 perturbant,
1135 1439 1208 1503 doc-

92 1535 208 1598 trinam
233 1533 433 1598 catholicam
458 1534 649 1615 offendunt,
675 1557 768 1598 sacra
784 1535 994 1621 Apostolicae
1018 1536 1112 1602 Sedis
1131 1539 1208 1622 jura

92 1629 241 1712 laedunt,
267 1643 301 1696 et
322 1641 417 1696 aestu
442 1631 586 1717 quodam
609 1630 771 1717 polemico
804 1635 839 1697 in
863 1635 1035 1699 ecclesiam
1060 1635 1208 1700 occiden-

91 1729 184 1793 talem
209 1731 323 1794 inlecti
349 1739 436 1794 sunt.
483 1729 560 1793 Jam
594 1732 790 1816 praecipuos
814 1753 856 1795 ex
880 1732 930 1796 his
956 1733 1138 1798 canonibus
1161 1757 1208 1798 re-

90 1849 289 1893 censeamus.

172 1925 215 1990 In
239 1947 366 1990 canone
399 1924 433 1989 Il
466 1927 551 1989 inter
578 1925 643 1989 alia
675 1927 848 1990 statuitur:
897 1929 964 1992 Hoc
997 1953 1114 2016 qaoque
1138 1933 1208 1994 huic

90 2035 211 2088 candae
245 2024 366 2110 muodo
396 2023 607 2110 prrlchemime
639 2036 669 2089 et
699 2026 910 2089 honestissime
937 2027 1081 2114 placuit,
1110 2039 1145 2091 ut
1168 2029 1207 2092 ab

88 2121 139 2182 lor
159 2146 245 2185 nunc
280 2131 416 2207 tempore
449 2121 605 2208 deinceps,
638 2123 683 2186 ad
705 2125 884 2190 animarum
910 2124 1063 2188 medelam
1086 2135 1116 2186 et
1134 2149 1207 2211 per·

89 2219 301 2284 turbationum
333 2221 529 2283 eructionem
555 2219 644 2304 finani
682 2219 868 2306 stabilesque
900 2232 1067 2300 maneant,
1101 2225 1155 2307 qui
1187 2249 1207 2288 a

86 2319 201 2382 ametis
220 2317 373 2404 patribus
396 2319 452 2404 qai
474 2339 531 2381 nos
549 2329 790 2403 praecesserunt
818 2321 953 2406 orssecpti
975 2343 1012 2383 oc
1035 2321 1209 2404 confirmati

87 2427 162 2492 runt,
188 2427 283 2501 atque
307 2415 388 2480 adeo
421 2413 511 2478 nohis
535 2417 628 2478 enom
661 2416 776 2479 traditi
798 2427 870 2480 eunt
893 2427 1069 2482 sanctornm
1092 2429 1122 2482 ot
1143 2419 1206 2502 qlo-

87 2513 237 2576 n'ororum
262 2512 489 2598 Apostolorum
509 2515 633 2576 nomine
657 2515 970 2600 octogintaquinque
994 2539 1139 2604 conones.
1163 2553 1206 2564 -

85 2607 156 2672 lam
182 2629 264 2672 vero
288 2609 380 2673 hand
404 2607 601 2692 ignorabant
624 2610 798 2674 orientales
821 2613 977 2696 episcopi,
1002 2612 1044 2675 ah
1069 2613 1207 2676 ecclesia

87 2705 231 2772 llomnna
263 2707 397 2771 nonnisi
432 2705 673 2792 quinquaginta
708 2731 749 2771 ex
782 2707 965 2774 canonibus
998 2709 1061 2773 illis
1092 2713 1205 2795 recipi,

85 2803 231 2892 adeoque
257 2803 420 2869 indirecte
445 2803 497 2868 his
518 2803 743 2870 lacessebatur
765 2805 904 2870 ecclesia
928 2805 993 2870 illa.
1011 2845 1053 2854 -
1071 2806 1205 2871 Canone

86 2901 131 2966 ΙΙΙ
155 2905 252 2968 uada
275 2903 318 2966 de
334 2900 561 2968 sacerdotibus
576 2901 719 2987 bigamis
742 2905 964 2986 constituunt,
989 2915 1087 2990 atque
1111 2905 1204 2970 initio

86 2999 205 3064 decreti
225 3001 298 3085 jam
332 3001 513 3083 insinuant,
546 2985 736 3084 rigidiorem
760 3023 833 3064 csse
855 3001 1065 3088 disciplinam
1090 3002 1205 3067 Roma·

86 3119 173 3178 nam,
208 3097 291 3162 dum
325 3097 467 3162 ecclesia
491 3095 620 3183 Optana
652 3097 829 3182 benignior
860 3101 915 3180 sit3
941 3110 972 3162 et
995 3101 1202 3164 severitatem

87 3195 310 3260 misericordia
334 3196 510 3280 temperari
546 3195 672 3261 volunt.
720 3195 846 3276 Quum,
885 3196 1015 3277 dicunt,
1048 3198 1103 3282 qui
1134 3211 1205 3262 urat

85 3295 299 3358 amatissimae
323 3293 472 3356 maenae
490 3294 653 3358 Romanae
677 3305 807 3360 enectae
825 3294 1035 3381 perfectionis
1057 3317 1205 3358 camertem

87 3391 269 3454 mondum
286 3399 493 3478 proponant,
517 3392 572 3476 qui
592 3413 664 3456 cero
687 3392 743 3455 rab
766 3394 824 3458 hoc
846 3416 867 3456 a
881 3393 949 3456 Deo
973 3391 1205 3458 conseruandae

88 3499 114 3550 rt
134 3489 322 3576 imperantis
351 3485 442 3552 urbia
475 3487 601 3568 throno,
625 3490 708 3574 qaod
737 3501 784 3553 est
805 3491 1011 3556 humanitatis
1035 3499 1064 3554 et
1086 3491 1204 3553 miseri-

88 3587 227 3664 cordiae,
251 3588 393 3671 utrisque
411 3593 546 3672 paterne
578 3597 608 3651 ot
630 3587 774 3673 reliqt'cse
797 3589 920 3665 minna,
944 3597 979 3651 at
1001 3609 1098 3673 amquae
1122 3587 1205 3672 quod

90 3811 147 3850 mro
164 3795 263 3865 (tholo)
281 3803 453 3865 coopertum
472 3811 540 3864 qnae
560 3797 686 3853 videlicet
712 3797 835 3853 aedificia
853 3797 898 3852 rol
917 3795 1055 3852 conclavia
1073 3795 1203 3864 ejusmodi

90 3883 180 3931 tectum
199 3876 336 3946 (conpote)
354 3875 498 3940 habebam,
518 3877 642 3947 rqotttoa
660 3877 877 3933 nominabantur.
892 3909 926 3919 -
940 3877 1071 3946 Dneauge
1088 3875 1117 3930 in
1137 3875 1205 3931 Ocn-

92 3957 260 4026 strutiuopoli
279 3955 433 4012 christiana
451 3956 468 4013 l.
487 3957 539 4013 111.
557 3973 582 4026 p.
601 3957 636 4012 33
654 3958 781 4028 explicat,
800 3959 864 4026 quid
881 3959 920 4013 sit
933 3957 1049 4012 trullus.
1086 3957 1135 4011 Ait
1153 3955 1206 4025 igi·

92 4043 142 4100 tur,
157 4052 215 4094 mse
233 4038 335 4107 iugum
353 4035 580 4104 hemisphaerion
605 4043 720 4109 quatuor
741 4039 887 4107 umoribus
913 4037 1027 4094 arcubus
1049 4035 1204 4092 incumbens

92 4117 150 4184 qaod
166 4117 292 4174 thallum
310 4121 420 4172 vocant
457 4116 524 4176 Inde
541 4118 612 4174 idem
635 4133 732 4174 nomen
750 4117 868 4174 babebat
884 4123 973 4174 totum
991 4117 1144 4176 mdiflcium
1154 4121 1205 4172 'ro-

93 4197 205 4264 uatum,
222 4197 297 4269 quod
315 4197 345 4252 iu
357 4211 486 4266 maguam
503 4196 676 4256 altitudinem
687 4197 862 4266 educebatuu
881 4198 939 4268 ejus
958 4197 1047 4267 parics
1066 4197 1095 4252 iu
1113 4195 1206 4252 orbem

92 4275 223 4344 mcor,
242 4275 455 4347 minabatque
473 4277 637 4334 testudinem
656 4278 841 4334 orbiculmaro.
