3002 4836
371 507 474 564 &usae
491 505 672 576 principatum
689 507 891 574 praeparantes.
1153 503 1190 558 stt

81 649 238 715 laboribus
268 649 422 716 defuisse.
468 649 540 716 Nec
571 648 663 716 aliud
694 658 854 728 secutum,
878 667 978 736 quam
1000 667 1188 733 praesump-

81 759 157 811 serat
187 747 279 812 fides.
331 747 420 813 Nam
453 758 522 812 tota
551 746 715 832 legatione
747 744 922 832 dignanter
953 753 1110 830 accepta,
1144 745 1191 810 ita

80 845 187 908 summi
216 844 407 910 Sacerdotis
438 846 624 931 praesentia
655 866 716 908 rex
738 843 874 930 gavisus
907 851 964 924 est,
981 850 1025 905 'ut
1048 850 1081 906 et
1102 839 1189 906 bello

79 940 224 1008 abstineri
259 943 467 1029 praeciperet
504 955 536 1007 et
568 942 654 1008 ultra
685 941 881 1007 Danubium
914 938 1091 1005 recederet.
1146 938 1191 1004 Et

79 1041 219 1126 quamvis
243 1039 373 1128 aliquot
395 1041 491 1106 annis
521 1049 595 1125 post
627 1039 671 1127 (.
702 1037 782 1126 455)
817 1061 838 1102 a
864 1036 1032 1102 Geiserico
1056 1036 1189 1102 Vanda-

78 1137 173 1202 iorum
185 1159 265 1224 rege
282 1137 371 1204 idem
387 1159 451 1202 non
471 1137 650 1220 obtineret,
670 1138 780 1202 effecit
792 1146 903 1202 tamen
918 1135 951 1201 S.
971 1134 1136 1218 Pontifex,
1154 1145 1190 1200 ut

81 1232 156 1300 Urba
176 1247 368 1300 servaretur
389 1245 423 1300 et
446 1237 516 1300 vita
538 1233 761 1300 habitatorum
785 1232 960 1300 incolumis
983 1241 1076 1298 esset.

160 1333 209 1398 10.
235 1333 337 1396 Brevi
363 1345 436 1419 post
451 1333 655 1398 destructum
668 1331 850 1418 Imperium
865 1329 1069 1396 occidentale
1088 1329 1188 1396 Gothi
1224 1355 1290 1398 onan
1312 1357 1338 1398 a

78 1429 131 1493 eun
161 1429 371 1494 ramea-500
404 1431 447 1518 (a.
471 1431 551 1516 aas)
583 1429 713 1494 ranam
747 1428 964 1514 subegerunt,
999 1428 1058 1494 ses
1089 1430 1190 1494 etiam
1210 1415 1355 1470 ”mm

78 1527 131 1590 snb
154 1527 215 1593 hoa
241 1551 329 1614 rege,
363 1530 516 1615 quamvis
549 1529 695 1594 Arianos
727 1537 822 1608 esset,
855 1526 995 1592 Romani
1019 1527 1191 1592 Pontificis

79 1625 216 1690 influxus
241 1628 276 1690 in
301 1648 353 1690 res
377 1648 506 1714 quoque
530 1626 646 1692 civiles
680 1626 845 1690 maximus
869 1634 948 1690 erat
995 1622 1034 1690 Id
1058 1622 1111 1690 vel
1135 1646 1191 1710 pa·

77 1733 116 1786 tet
143 1717 187 1787 sn
218 1724 271 1802 iis,
304 1746 390 1810 quae
414 1721 629 1789 Cassiodorus
661 1722 857 1786 Theoderici
898 1723 1046 1786 minister
1075 1724 1192 1788 scribit

76 1820 113 1884 ad
134 1821 301 1886 ioannem
325 1821 359 1884 II
382 1821 587 1888 Pontificem.
618 1821 689 1900 Vos,
710 1821 766 1901 ait,
784 1817 995 1908 speaedatorea
1019 1821 1191 1886 christiam

75 1919 185 2004 populo
205 1919 412 2006 praesidetis,
435 1941 490 1984 ‘cos
506 1921 617 2006 patris
641 1920 763 1982 nomine
787 1919 893 1996 onmia
917 1917 1066 2006 diripitis.
1100 1915 1191 1982 Seca-

77 2003 153 2082 ritaa'
171 2041 245 2106 erpo
265 2017 371 2104 plebis
403 2017 447 2081 ad
479 2028 611 2082 cestram
643 2017 771 2104 respicit
785 2015 923 2102 famam,
957 2015 1008 2083 eret
1038 2015 1193 2080 diuinitas

76 2117 300 2180 retransmissa
324 2115 477 2180 custodia.
529 2113 731 2202 Quapropter
762 2113 929 2178 condecet
953 2111 1108 2176 custodire
1132 2110 1192 2176 aii-

74 2237 139 2296 qaa,
174 2235 227 2276 ras
261 2215 376 2278 omnia.
431 2214 570 2278 Parcit-ia
599 2213 723 2300 quidem
755 2208 968 2298 spiritualiter
999 2211 1194 2276 commissam

78 2307 154 2376 robis
175 2334 310 2398 propera
335 2323 438 2376 tamea
462 2334 518 2376 aee
541 2313 604 2376 iata
611 2312 747 2396 pateatis
769 2307 925 2396 aepliperc
949 2329 1028 2394 qaae
1051 2310 1193 2396 corpor-is

77 2407 216 2474 ridentur
248 2408 457 2472 meditantium
489 2407 656 2485 continere,
687 2429 763 2470 aare
795 2407 875 2470 areat
896 2405 983 2471 boam
1008 2416 1130 2472 coastat
1153 2429 1195 2470 aa

75 2504 236 2582 dealitate,
256 2507 302 2570 ita
326 2505 400 2570 boai
419 2507 525 2592 patae
541 2517 586 2570 est
608 2516 739 2590 atraque
763 2503 902 2590 refovere
911 2501 943 2588 ¹).
982 2501 1002 2568 J
1007 2505 1193 2569 ustinianua

79 2601 256 2688 Imperator
288 2602 452 2668 destruxit
483 2603 616 2690 quidem
650 2601 834 2668 Gothorum
869 2602 904 2666 in
933 2600 1029 2666 Italia
1052 2622 1191 2687 regnum

77 2697 114 2784 (a.
136 2700 227 2787 554),
259 2713 358 2788 atque
392 2701 506 2766 ltaliae
539 2702 729 2786 provincias
762 2701 879 2764 iterum
905 2699 1046 2785 Imperio
1066 2699 1194 2786 junxit.

78 2796 138 2863 Sed
161 2797 256 2864 brevi
280 2809 354 2886 post
370 2799 414 2884 (a
429 2799 509 2882 568)
521 2797 686 2864 Aiboinus
701 2795 997 2883 Langobardorum
1021 2818 1079 2861 rex
1103 2818 1191 2882 mag·

78 2916 146 2959 nam
170 2909 299 2982 partem
322 2895 438 2962 Italiae
462 2895 525 2962 sibi
550 2896 701 2984 subjecit,
730 2916 934 2982 regnumque
958 2893 1193 2980 Longobardo-

78 2985 142 3058 rum
166 2991 343 3074 fundavit;
366 2993 475 3080 plures
499 3007 610 3060 tamen
625 2995 817 3082 provinciae
838 2994 923 3057 inter
946 3013 1029 3082 quas
1052 2991 1194 3058 ducatus

79 3087 257 3174 Romanus,
291 3091 353 3156 sub
379 3091 589 3179 Imperatoris
620 3092 767 3158 dominio
791 3100 1029 3156 remanserunt.
1076 3089 1129 3156 Ex
1153 3111 1193 3154 eo

79 3208 150 3252 vero
185 3203 333 3277 tempore
358 3189 504 3256 influxus
527 3203 561 3254 et
583 3192 761 3254 auctoritas
783 3188 954 3254 Pontifieia
978 3190 1013 3253 in
1036 3211 1088 3254 res
1112 3189 1193 3252 civi·

78 3281 120 3348 lea
142 3285 251 3351 adhuc
286 3307 484 3374 magnopere
517 3296 634 3352 suetus
667 3299 726 3352 est.
779 3287 891 3367 Quum
921 3285 1023 3350 robur
1054 3285 1190 3372 Imperii

80 3396 144 3446 tum
166 3385 312 3453 externis
336 3383 431 3450 bellis
455 3397 525 3449 tum
550 3387 713 3450 intestinis
746 3384 921 3450 discordiis
945 3385 1050 3470 magis
1073 3385 1189 3468 magis-

79 3501 137 3564 que
159 3479 371 3563 decresceret,
396 3483 470 3548 illae
503 3483 696 3569 provinciae
728 3483 918 3570 frequenter
940 3481 1103 3548 auxilium
1127 3482 1194 3546 suf-

82 3576 186 3644 ficiens
217 3579 261 3644 ab
286 3579 545 3666 Imperatoribua
577 3602 755 3666 eorumque
789 3579 941 3646 exarchis
970 3589 1083 3644 contra
1105 3579 1193 3644 Lon·

81 3673 312 3758 gohardoanon
339 3679 561 3760 obtinuerunt,
586 3700 648 3752 neo
672 3699 803 3764 semper
824 3689 968 3764 potestas
979 3677 1196 3765 Imperatoris

82 3793 136 3856 par
164 3787 242 3857 erat,
278 3787 313 3839 ut
336 3799 392 3842 eas
416 3778 449 3842 in
483 3776 675 3866 obedientia
697 3779 862 3842 retineret.
894 3776 983 3842 Hinc
1007 3778 1194 3841 necessario

82 3874 249 3938 auctoritas
273 3883 306 3938 et
338 3873 485 3940 influxus
508 3873 679 3939 Pontitiois
712 3875 745 3938 in
776 3896 828 3939 res
861 3873 977 3939 civiles
1010 3871 1194 3938 admodum

84 3971 188 4034 crevit.
233 3971 273 4038 In
295 3993 346 4062 eo
381 3973 469 4038 enim
488 3971 561 4058 jam
594 3973 730 4036 unicum
763 3972 927 4058 refugium
961 3981 1067 4036 tutum
1098 3969 1192 4036 Italis

86 4066 250 4134 videbatur
272 4071 390 4153 inesse,
415 4079 447 4134 et
470 4069 523 4136 vel
548 4071 628 4156 ipsis
643 4069 794 4134 exarchis
819 4070 890 4156 ejus
913 4068 1037 4134 aranilio
1062 4080 1094 4132 et
1117 4069 1191 4136 sub-

86 4201 282 4214 *—-·-——-—-

151 4291 170 4356 ι)
186 4289 251 4360 opt
270 4289 301 4348 r.
321 4289 343 4348 r
361 4289 480 4363 narr
498 4292 524 4348 a.
