<?xml version="1.0" encoding="UTF-8"?>
<!DOCTYPE html PUBLIC "-//W3C//DTD XHTML 1.0 Transitional//EN"
    "http://www.w3.org/TR/xhtml1/DTD/xhtml1-transitional.dtd">
<html xmlns="http://www.w3.org/1999/xhtml" xml:lang="en" lang="en">
 <head>
  <title>
</title>
<meta http-equiv="Content-Type" content="text/html;charset=utf-8" />
  <meta name='ocr-system' content='tesseract 3.04.00' />
  <meta name='ocr-capabilities' content='ocr_page ocr_carea ocr_par ocr_line ocrx_word'/>
</head>
<body>
  <div class='ocr_page' id='page_1' title='image "./dissertationess01junggoog_0702.png"; bbox 0 0 2952 4832; ppageno 0'>
   <div class='ocr_carea' id='block_1_1' title="bbox 340 462 1177 531">
    <p class='ocr_par' dir='ltr' id='par_1_1' title="bbox 340 462 1177 531">
     <span class='ocr_line' id='line_1_1' title="bbox 340 462 1177 531; baseline -0.002 -11"><span class='ocrx_word' id='word_1_1' title='bbox 340 465 380 520; x_wconf 89' lang='lat' dir='ltr'><strong>De</strong></span> <span class='ocrx_word' id='word_1_2' title='bbox 392 462 642 520; x_wconf 84' lang='lat' dir='ltr'><strong>Praedeeessoribus</strong></span> <span class='ocrx_word' id='word_1_3' title='bbox 655 464 680 518; x_wconf 88' lang='lat' dir='ltr'><strong>S.</strong></span> <span class='ocrx_word' id='word_1_4' title='bbox 694 463 819 531; x_wconf 83' lang='lat' dir='ltr'>Gregorii</span> <span class='ocrx_word' id='word_1_5' title='bbox 834 464 892 518; x_wconf 86' lang='lat' dir='ltr'><strong>Vll.</strong></span> <span class='ocrx_word' id='word_1_6' title='bbox 1125 465 1177 520; x_wconf 79' lang='grc'><strong>231</strong></span> 
     </span>
    </p>
   </div>
   <div class='ocr_carea' id='block_1_2' title="bbox 50 606 1338 2162">
    <p class='ocr_par' dir='ltr' id='par_1_2' title="bbox 67 606 1178 792">
     <span class='ocr_line' id='line_1_2' title="bbox 67 606 1178 696; baseline -0.002 -21"><span class='ocrx_word' id='word_1_7' title='bbox 67 610 191 696; x_wconf 86' lang='lat' dir='ltr'><strong>phanes</strong></span> <span class='ocrx_word' id='word_1_8' title='bbox 217 608 343 672; x_wconf 89' lang='lat' dir='ltr'><strong>Romae</strong></span> <span class='ocrx_word' id='word_1_9' title='bbox 372 617 537 690; x_wconf 82' lang='lat' dir='ltr'><strong>versatus,</strong></span> <span class='ocrx_word' id='word_1_10' title='bbox 573 606 739 692; x_wconf 85' lang='lat' dir='ltr'><strong>profectus</strong></span> <span class='ocrx_word' id='word_1_11' title='bbox 776 617 824 672; x_wconf 87' lang='lat' dir='ltr'><strong>est</strong></span> <span class='ocrx_word' id='word_1_12' title='bbox 862 606 904 670; x_wconf 89' lang='lat' dir='ltr'><strong>ad</strong></span> <span class='ocrx_word' id='word_1_13' title='bbox 942 609 1178 674; x_wconf 88' lang='lat' dir='ltr'><strong>monasterium</strong></span> 
     </span>
     <span class='ocr_line' id='line_1_3' title="bbox 67 705 1178 792; baseline -0.002 -20"><span class='ocrx_word' id='word_1_14' title='bbox 67 708 266 786; x_wconf 77' lang='lat' dir='ltr'><strong>Cessinense,</strong></span> <span class='ocrx_word' id='word_1_15' title='bbox 301 709 336 770; x_wconf 95' lang='lat' dir='ltr'><strong>in</strong></span> <span class='ocrx_word' id='word_1_16' title='bbox 359 727 424 792; x_wconf 89' lang='lat' dir='ltr'><strong>qno</strong></span> <span class='ocrx_word' id='word_1_17' title='bbox 457 715 602 770; x_wconf 88' lang='lat' dir='ltr'><strong>moratus</strong></span> <span class='ocrx_word' id='word_1_18' title='bbox 634 714 684 768; x_wconf 87' lang='lat' dir='ltr'><strong>est</strong></span> <span class='ocrx_word' id='word_1_19' title='bbox 715 705 793 770; x_wconf 90' lang='lat' dir='ltr'><strong>inde</strong></span> <span class='ocrx_word' id='word_1_20' title='bbox 816 727 836 768; x_wconf 89' lang='lat' dir='ltr'><strong>a</strong></span> <span class='ocrx_word' id='word_1_21' title='bbox 859 705 940 769; x_wconf 86' lang='lat' dir='ltr'><strong>festo</strong></span> <span class='ocrx_word' id='word_1_22' title='bbox 974 728 999 769; x_wconf 89' lang='lat' dir='ltr'><strong>s.</strong></span> <span class='ocrx_word' id='word_1_23' title='bbox 1023 706 1178 771; x_wconf 81' lang='lat' dir='ltr'><strong>Andreae</strong></span> 
     </span>
    </p>

    <p class='ocr_par' dir='ltr' id='par_1_3' title="bbox 65 802 1179 988">
     <span class='ocr_line' id='line_1_4' title="bbox 66 802 1178 891; baseline -0.002 -21"><span class='ocrx_word' id='word_1_24' title='bbox 66 827 163 891; x_wconf 87' lang='lat' dir='ltr'><strong>usque</strong></span> <span class='ocrx_word' id='word_1_25' title='bbox 186 805 230 870; x_wconf 88' lang='lat' dir='ltr'><strong>ed</strong></span> <span class='ocrx_word' id='word_1_26' title='bbox 253 804 374 869; x_wconf 84' lang='lat' dir='ltr'><strong>festum</strong></span> <span class='ocrx_word' id='word_1_27' title='bbox 397 827 421 870; x_wconf 92' lang='lat' dir='ltr'><strong>s.</strong></span> <span class='ocrx_word' id='word_1_28' title='bbox 439 803 663 870; x_wconf 77' lang='lat' dir='ltr'><strong>scholasticae</strong></span> <span class='ocrx_word' id='word_1_29' title='bbox 687 802 745 889; x_wconf 85' lang='lat'><strong>(10</strong></span> <span class='ocrx_word' id='word_1_30' title='bbox 766 803 864 870; x_wconf 83' lang='lat' dir='ltr'><strong>Febr.</strong></span> <span class='ocrx_word' id='word_1_31' title='bbox 892 802 1000 888; x_wconf 77' lang='lat'>1058).</span> <span class='ocrx_word' id='word_1_32' title='bbox 1029 804 1106 870; x_wconf 89' lang='lat' dir='ltr'><strong>Jam</strong></span> <span class='ocrx_word' id='word_1_33' title='bbox 1131 803 1178 868; x_wconf 91' lang='lat' dir='ltr'><strong>ibi</strong></span> 
     </span>
     <span class='ocr_line' id='line_1_5' title="bbox 65 901 1179 988; baseline -0.002 -20"><span class='ocrx_word' id='word_1_34' title='bbox 65 903 219 988; x_wconf 83' lang='lat' dir='ltr'><strong>languore</strong></span> <span class='ocrx_word' id='word_1_35' title='bbox 257 903 322 968; x_wconf 87' lang='lat' dir='ltr'><strong>fuit</strong></span> <span class='ocrx_word' id='word_1_36' title='bbox 359 911 550 987; x_wconf 84' lang='lat' dir='ltr'><strong>prostratus.</strong></span> <span class='ocrx_word' id='word_1_37' title='bbox 610 901 750 966; x_wconf 80' lang='lat' dir='ltr'><strong>Romam</strong></span> <span class='ocrx_word' id='word_1_38' title='bbox 785 923 937 966; x_wconf 89' lang='lat' dir='ltr'><strong>reversus</strong></span> <span class='ocrx_word' id='word_1_39' title='bbox 972 904 1179 988; x_wconf 80' lang='lat' dir='ltr'>negotiisque</span> 
     </span>
    </p>

    <p class='ocr_par' dir='ltr' id='par_1_4' title="bbox 64 999 1180 1184">
     <span class='ocr_line' id='line_1_6' title="bbox 64 999 1179 1084; baseline 0.002 -22"><span class='ocrx_word' id='word_1_40' title='bbox 64 1003 162 1066; x_wconf 78' lang='lat' dir='ltr'><strong>variis</strong></span> <span class='ocrx_word' id='word_1_41' title='bbox 196 1000 367 1066; x_wconf 83' lang='lat' dir='ltr'>Ecclesiae</span> <span class='ocrx_word' id='word_1_42' title='bbox 405 1001 579 1082; x_wconf 84' lang='lat' dir='ltr'><strong>ordinatis,</strong></span> <span class='ocrx_word' id='word_1_43' title='bbox 617 1001 679 1064; x_wconf 87' lang='lat' dir='ltr'><strong>iter</strong></span> <span class='ocrx_word' id='word_1_44' title='bbox 714 1001 846 1084; x_wconf 86' lang='lat' dir='ltr'><strong>paravit</strong></span> <span class='ocrx_word' id='word_1_45' title='bbox 884 1001 918 1062; x_wconf 92' lang='lat' dir='ltr'><strong>in</strong></span> <span class='ocrx_word' id='word_1_46' title='bbox 943 1000 1101 1064; x_wconf 86' lang='lat' dir='ltr'><strong>Tusciam</strong></span> <span class='ocrx_word' id='word_1_47' title='bbox 1135 999 1179 1064; x_wconf 84' lang='lat' dir='ltr'><strong>ad</strong></span> 
     </span>
     <span class='ocr_line' id='line_1_7' title="bbox 64 1096 1180 1184; baseline -0.001 -22"><span class='ocrx_word' id='word_1_48' title='bbox 64 1098 278 1164; x_wconf 82' lang='lat' dir='ltr'><strong>Godeiridum</strong></span> <span class='ocrx_word' id='word_1_49' title='bbox 304 1098 437 1162; x_wconf 87' lang='lat' dir='ltr'><strong>fratrem</strong></span> <span class='ocrx_word' id='word_1_50' title='bbox 462 1097 741 1162; x_wconf 86' lang='lat' dir='ltr'><strong>conveniendum.</strong></span> <span class='ocrx_word' id='word_1_51' title='bbox 788 1096 990 1162; x_wconf 80' lang='lat' dir='ltr'><strong>Florentiam</strong></span> <span class='ocrx_word' id='word_1_52' title='bbox 1014 1098 1180 1184; x_wconf 84' lang='lat' dir='ltr'><strong>profectus</strong></span> 
     </span>
    </p>

    <p class='ocr_par' dir='ltr' id='par_1_5' title="bbox 62 1195 1179 1283">
     <span class='ocr_line' id='line_1_8' title="bbox 62 1195 1179 1283; baseline 0 -23"><span class='ocrx_word' id='word_1_53' title='bbox 62 1196 184 1262; x_wconf 89' lang='lat' dir='ltr'><strong>ibidem</strong></span> <span class='ocrx_word' id='word_1_54' title='bbox 218 1205 293 1283; x_wconf 88' lang='lat' dir='ltr'><strong>post</strong></span> <span class='ocrx_word' id='word_1_55' title='bbox 314 1217 434 1260; x_wconf 83' lang='lat' dir='ltr'><strong>novem</strong></span> <span class='ocrx_word' id='word_1_56' title='bbox 458 1204 586 1260; x_wconf 89' lang='lat' dir='ltr'><strong>tantum</strong></span> <span class='ocrx_word' id='word_1_57' title='bbox 618 1197 783 1260; x_wconf 91' lang='lat' dir='ltr'><strong>mensium</strong></span> <span class='ocrx_word' id='word_1_58' title='bbox 805 1195 1034 1281; x_wconf 88' lang='lat' dir='ltr'><strong>pontificatum</strong></span> <span class='ocrx_word' id='word_1_59' title='bbox 1065 1195 1179 1260; x_wconf 93' lang='lat' dir='ltr'><strong>morbo</strong></span> 
     </span>
    </p>

    <p class='ocr_par' dir='ltr' id='par_1_6' title="bbox 61 1290 1179 1380">
     <span class='ocr_line' id='line_1_9' title="bbox 61 1290 1179 1380; baseline -0.002 -20"><span class='ocrx_word' id='word_1_60' title='bbox 61 1295 171 1360; x_wconf 78' lang='lat' dir='ltr'><strong>lethali</strong></span> <span class='ocrx_word' id='word_1_61' title='bbox 196 1305 365 1380; x_wconf 76' lang='lat' dir='ltr'><strong>correptus</strong></span> <span class='ocrx_word' id='word_1_62' title='bbox 388 1303 446 1360; x_wconf 89' lang='lat' dir='ltr'><strong>est.</strong></span> <span class='ocrx_word' id='word_1_63' title='bbox 484 1294 639 1358; x_wconf 88' lang='lat' dir='ltr'><strong>Morienti</strong></span> <span class='ocrx_word' id='word_1_64' title='bbox 663 1293 771 1358; x_wconf 87' lang='lat' dir='ltr'><strong>adfuit</strong></span> <span class='ocrx_word' id='word_1_65' title='bbox 794 1317 820 1358; x_wconf 92' lang='lat' dir='ltr'><strong>s.</strong></span> <span class='ocrx_word' id='word_1_66' title='bbox 836 1293 935 1378; x_wconf 85' lang='lat' dir='ltr'><strong>Hugo</strong></span> <span class='ocrx_word' id='word_1_67' title='bbox 952 1290 1179 1358; x_wconf 81' lang='lat' dir='ltr'><strong>Cluniaeensis</strong></span> 
     </span>
    </p>

    <p class='ocr_par' dir='ltr' id='par_1_7' title="bbox 50 1390 1338 2162">
     <span class='ocr_line' id='line_1_10' title="bbox 60 1390 1338 1478; baseline -0.003 -20"><span class='ocrx_word' id='word_1_68' title='bbox 60 1393 174 1475; x_wconf 86' lang='lat' dir='ltr'><strong>abbas,</strong></span> <span class='ocrx_word' id='word_1_69' title='bbox 199 1405 231 1458; x_wconf 91' lang='lat' dir='ltr'><strong>et</strong></span> <span class='ocrx_word' id='word_1_70' title='bbox 254 1390 441 1478; x_wconf 82' lang='lat' dir='ltr'><strong>Stephanus</strong></span> <span class='ocrx_word' id='word_1_71' title='bbox 463 1391 515 1456; x_wconf 89' lang='lat' dir='ltr'><strong>IX</strong></span> <span class='ocrx_word' id='word_1_72' title='bbox 538 1393 642 1456; x_wconf 79' lang='lat' dir='ltr'><strong>eoacti</strong></span> <span class='ocrx_word' id='word_1_73' title='bbox 664 1414 697 1456; x_wconf 87' lang='lat' dir='ltr'><strong>se</strong></span> <span class='ocrx_word' id='word_1_74' title='bbox 714 1391 864 1478; x_wconf 84' lang='lat' dir='ltr'><strong>precibus</strong></span> <span class='ocrx_word' id='word_1_75' title='bbox 887 1391 1115 1469; x_wconf 82' lang='lat' dir='ltr'><strong>commendans,</strong></span> <span class='ocrx_word' id='word_1_76' title='bbox 1145 1393 1180 1455; x_wconf 84' lang='lat' dir='ltr'><strong>in</strong></span> <span class='ocrx_word' id='word_1_77' title='bbox 1200 1390 1338 1444; x_wconf 59' lang='lat' dir='ltr'><strong>⁸⁸⁰⁹¹W²¹¹¹</strong></span> 
     </span>
     <span class='ocr_line' id='line_1_11' title="bbox 60 1471 1304 1580; baseline -0.004 -24"><span class='ocrx_word' id='word_1_78' title='bbox 60 1498 124 1580; x_wconf 78' lang='lat' dir='ltr'><strong>ejus</strong></span> <span class='ocrx_word' id='word_1_79' title='bbox 146 1491 291 1556; x_wconf 79' lang='lat' dir='ltr'><strong>manibus</strong></span> <span class='ocrx_word' id='word_1_80' title='bbox 315 1491 461 1576; x_wconf 83' lang='lat' dir='ltr'><strong>spiritum</strong></span> <span class='ocrx_word' id='word_1_81' title='bbox 482 1489 626 1554; x_wconf 75' lang='lat' dir='ltr'><strong>reddidit</strong></span> <span class='ocrx_word' id='word_1_82' title='bbox 649 1501 760 1554; x_wconf 80' lang='lat' dir='ltr'><strong>euecta</strong></span> <span class='ocrx_word' id='word_1_83' title='bbox 784 1489 978 1576; x_wconf 82' lang='lat' dir='ltr'><strong>confessione</strong></span> <span class='ocrx_word' id='word_1_84' title='bbox 997 1491 1179 1574; x_wconf 81' lang='lat' dir='ltr'><strong>praemuni·</strong></span> <span class='ocrx_word' id='word_1_85' title='bbox 1239 1471 1304 1503; x_wconf 60' lang='grc' dir='ltr'><strong>Μ’</strong></span> 
     </span>
     <span class='ocr_line' id='line_1_12' title="bbox 60 1585 1180 1673; baseline -0.002 -21"><span class='ocrx_word' id='word_1_86' title='bbox 60 1602 107 1654; x_wconf 85' lang='lat' dir='ltr'><strong>tus</strong></span> <span class='ocrx_word' id='word_1_87' title='bbox 121 1589 159 1672; x_wconf 84' lang='lat'><strong>¹),</strong></span> <span class='ocrx_word' id='word_1_88' title='bbox 184 1589 239 1654; x_wconf 90' lang='lat' dir='ltr'><strong>die</strong></span> <span class='ocrx_word' id='word_1_89' title='bbox 263 1589 305 1654; x_wconf 81' lang='lat'><strong>29</strong></span> <span class='ocrx_word' id='word_1_90' title='bbox 323 1589 434 1652; x_wconf 86' lang='lat' dir='ltr'><strong>Martii</strong></span> <span class='ocrx_word' id='word_1_91' title='bbox 458 1611 488 1652; x_wconf 92' lang='lat' dir='ltr'><strong>a.</strong></span> <span class='ocrx_word' id='word_1_92' title='bbox 515 1588 610 1653; x_wconf 82' lang='lat'>1058.</span> <span class='ocrx_word' id='word_1_93' title='bbox 640 1587 770 1652; x_wconf 85' lang='lat' dir='ltr'><strong>Ibidem</strong></span> <span class='ocrx_word' id='word_1_94' title='bbox 796 1586 942 1673; x_wconf 89' lang='lat' dir='ltr'><strong>sepultus</strong></span> <span class='ocrx_word' id='word_1_95' title='bbox 966 1597 1024 1651; x_wconf 91' lang='lat' dir='ltr'><strong>est.</strong></span> <span class='ocrx_word' id='word_1_96' title='bbox 1055 1585 1180 1651; x_wconf 87' lang='lat' dir='ltr'><strong>Sancti·</strong></span> 
     </span>
     <span class='ocr_line' id='line_1_13' title="bbox 58 1685 1179 1772; baseline -0.002 -20"><span class='ocrx_word' id='word_1_97' title='bbox 58 1701 123 1752; x_wconf 78' lang='lat' dir='ltr'><strong>tate</strong></span> <span class='ocrx_word' id='word_1_98' title='bbox 159 1697 271 1752; x_wconf 89' lang='lat' dir='ltr'><strong>autem</strong></span> <span class='ocrx_word' id='word_1_99' title='bbox 295 1697 326 1750; x_wconf 93' lang='lat' dir='ltr'><strong>et</strong></span> <span class='ocrx_word' id='word_1_100' title='bbox 350 1685 583 1750; x_wconf 84' lang='lat' dir='ltr'><strong>miraculorum</strong></span> <span class='ocrx_word' id='word_1_101' title='bbox 608 1685 711 1770; x_wconf 86' lang='lat' dir='ltr'><strong>gloria</strong></span> <span class='ocrx_word' id='word_1_102' title='bbox 736 1687 875 1772; x_wconf 85' lang='lat' dir='ltr'><strong>insignis</strong></span> <span class='ocrx_word' id='word_1_103' title='bbox 906 1687 1006 1750; x_wconf 87' lang='lat' dir='ltr'><strong>fuisse</strong></span> <span class='ocrx_word' id='word_1_104' title='bbox 1030 1685 1179 1751; x_wconf 86' lang='lat' dir='ltr'><strong>refertur.</strong></span> 
     </span>
     <span class='ocr_line' id='line_1_14' title="bbox 58 1783 1182 1870; baseline -0.004 -21"><span class='ocrx_word' id='word_1_105' title='bbox 58 1787 127 1850; x_wconf 78' lang='lat' dir='ltr'><strong>Nec</strong></span> <span class='ocrx_word' id='word_1_106' title='bbox 151 1786 325 1870; x_wconf 67' lang='lat' dir='ltr'><strong>quisptam,</strong></span> <span class='ocrx_word' id='word_1_107' title='bbox 356 1783 472 1848; x_wconf 83' lang='lat' dir='ltr'><strong>scribit</strong></span> <span class='ocrx_word' id='word_1_108' title='bbox 493 1784 703 1866; x_wconf 87' lang='lat' dir='ltr'><strong>Lambertus,</strong></span> <span class='ocrx_word' id='word_1_109' title='bbox 738 1807 815 1848; x_wconf 81' lang='lat' dir='ltr'><strong>sane</strong></span> <span class='ocrx_word' id='word_1_110' title='bbox 838 1784 945 1847; x_wconf 85' lang='lat' dir='ltr'><strong>multis</strong></span> <span class='ocrx_word' id='word_1_111' title='bbox 971 1794 1056 1846; x_wconf 87' lang='lat' dir='ltr'><strong>retro</strong></span> <span class='ocrx_word' id='word_1_112' title='bbox 1087 1783 1182 1846; x_wconf 79' lang='lat' dir='ltr'><strong>eneis</strong></span> 
     </span>
     <span class='ocr_line' id='line_1_15' title="bbox 57 1881 1181 1972; baseline 0.002 -30"><span class='ocrx_word' id='word_1_113' title='bbox 57 1883 245 1947; x_wconf 77' lang='lat' dir='ltr'><strong>laetioribus</strong></span> <span class='ocrx_word' id='word_1_114' title='bbox 268 1881 439 1969; x_wconf 76' lang='lat' dir='ltr'><strong>suffrapiis,</strong></span> <span class='ocrx_word' id='word_1_115' title='bbox 463 1883 579 1972; x_wconf 70' lang='lat' dir='ltr'><strong>majori</strong></span> <span class='ocrx_word' id='word_1_116' title='bbox 595 1883 731 1946; x_wconf 82' lang='lat' dir='ltr'><strong>omnium</strong></span> <span class='ocrx_word' id='word_1_117' title='bbox 746 1884 977 1968; x_wconf 73' lang='lat' dir='ltr'><strong>suspectatione</strong></span> <span class='ocrx_word' id='word_1_118' title='bbox 990 1882 1034 1944; x_wconf 79' lang='lat' dir='ltr'><strong>ud</strong></span> <span class='ocrx_word' id='word_1_119' title='bbox 1044 1882 1181 1967; x_wconf 78' lang='lat' dir='ltr'><strong>repimerr</strong></span> 
     </span>
     <span class='ocr_line' id='line_1_16' title="bbox 50 1978 1181 2066; baseline -0.004 -20"><span class='ocrx_word' id='word_1_120' title='bbox 50 1992 254 2066; x_wconf 79' lang='lat' dir='ltr'><strong>processerat</strong></span> <span class='ocrx_word' id='word_1_121' title='bbox 276 1983 443 2046; x_wconf 78' lang='lat' dir='ltr'><strong>Romanae</strong></span> <span class='ocrx_word' id='word_1_122' title='bbox 467 1979 624 2044; x_wconf 85' lang='lat' dir='ltr'><strong>ecclesiae.</strong></span> <span class='ocrx_word' id='word_1_123' title='bbox 658 1980 722 2044; x_wconf 83' lang='lat' dir='ltr'><strong>Sed</strong></span> <span class='ocrx_word' id='word_1_124' title='bbox 747 1991 870 2044; x_wconf 82' lang='lat' dir='ltr'><strong>tuntum</strong></span> <span class='ocrx_word' id='word_1_125' title='bbox 894 2003 991 2066; x_wconf 76' lang='lat' dir='ltr'><strong>spem,</strong></span> <span class='ocrx_word' id='word_1_126' title='bbox 1015 1981 1092 2042; x_wconf 82' lang='lat' dir='ltr'><strong>beu!</strong></span> <span class='ocrx_word' id='word_1_127' title='bbox 1106 1978 1181 2064; x_wconf 79' lang='lat' dir='ltr'><strong>fru-</strong></span> 
     </span>
     <span class='ocr_line' id='line_1_17' title="bbox 55 2077 798 2162; baseline 0.001 -21"><span class='ocrx_word' id='word_1_128' title='bbox 55 2089 162 2143; x_wconf 77' lang='lat' dir='ltr'><strong>strata</strong></span> <span class='ocrx_word' id='word_1_129' title='bbox 187 2091 233 2144; x_wconf 88' lang='lat' dir='ltr'><strong>est</strong></span> <span class='ocrx_word' id='word_1_130' title='bbox 254 2100 337 2143; x_wconf 84' lang='lat' dir='ltr'><strong>more</strong></span> <span class='ocrx_word' id='word_1_131' title='bbox 359 2080 530 2142; x_wconf 85' lang='lat' dir='ltr'><strong>immatura</strong></span> <span class='ocrx_word' id='word_1_132' title='bbox 555 2077 609 2162; x_wconf 89' lang='lat' dir='ltr'><strong>(ad</strong></span> <span class='ocrx_word' id='word_1_133' title='bbox 634 2101 663 2146; x_wconf 91' lang='lat' dir='ltr'><strong>a.</strong></span> <span class='ocrx_word' id='word_1_134' title='bbox 691 2079 798 2162; x_wconf 78' lang='lat'>1057).</span> 
     </span>
    </p>
   </div>
   <div class='ocr_carea' id='block_1_3' title="bbox 43 2193 1180 3363">
    <p class='ocr_par' dir='ltr' id='par_1_8' title="bbox 43 2193 1180 3363">
     <span class='ocr_line' id='line_1_18' title="bbox 149 2193 1180 2280; baseline -0.005 -19"><span class='ocrx_word' id='word_1_135' title='bbox 149 2197 201 2262; x_wconf 91' lang='grc'><strong>16.</strong></span> <span class='ocrx_word' id='word_1_136' title='bbox 239 2193 273 2260; x_wconf 81' lang='lat' dir='ltr'><strong>S.</strong></span> <span class='ocrx_word' id='word_1_137' title='bbox 297 2193 414 2258; x_wconf 86' lang='lat' dir='ltr'><strong>Petrus</strong></span> <span class='ocrx_word' id='word_1_138' title='bbox 438 2195 596 2260; x_wconf 88' lang='lat' dir='ltr'><strong>Damiani</strong></span> <span class='ocrx_word' id='word_1_139' title='bbox 629 2197 663 2258; x_wconf 91' lang='lat' dir='ltr'><strong>in</strong></span> <span class='ocrx_word' id='word_1_140' title='bbox 687 2194 825 2280; x_wconf 88' lang='lat' dir='ltr'><strong>epistola</strong></span> <span class='ocrx_word' id='word_1_141' title='bbox 858 2195 899 2258; x_wconf 85' lang='lat' dir='ltr'><strong>ad</strong></span> <span class='ocrx_word' id='word_1_142' title='bbox 924 2195 1107 2258; x_wconf 85' lang='lat' dir='ltr'><strong>Henricum</strong></span> <span class='ocrx_word' id='word_1_143' title='bbox 1132 2215 1180 2262; x_wconf 83' lang='lat' dir='ltr'><strong>ar,</strong></span> 
     </span>
     <span class='ocr_line' id='line_1_19' title="bbox 53 2293 1179 2386; baseline 0 -32"><span class='ocrx_word' id='word_1_144' title='bbox 53 2294 307 2380; x_wconf 86' lang='lat' dir='ltr'><strong>ohiepiscopum</strong></span> <span class='ocrx_word' id='word_1_145' title='bbox 321 2293 570 2358; x_wconf 85' lang='lat' dir='ltr'><strong>Ravennatem:</strong></span> <span class='ocrx_word' id='word_1_146' title='bbox 596 2294 672 2357; x_wconf 72' lang='lat' dir='ltr'><strong>lt&#39;ae</strong></span> <span class='ocrx_word' id='word_1_147' title='bbox 695 2295 862 2358; x_wconf 86' lang='lat' dir='ltr'><strong>memoriae</strong></span> <span class='ocrx_word' id='word_1_148' title='bbox 880 2293 1058 2380; x_wconf 78' lang='lat' dir='ltr'><strong>Stephanus</strong></span> <span class='ocrx_word' id='word_1_149' title='bbox 1075 2315 1179 2386; x_wconf 61' lang='lat' dir='ltr'><strong>papa,</strong></span> 
     </span>
     <span class='ocr_line' id='line_1_20' title="bbox 52 2391 1179 2478; baseline -0.001 -23"><span class='ocrx_word' id='word_1_150' title='bbox 52 2392 176 2478; x_wconf 81' lang='lat' dir='ltr'><strong>inquit,</strong></span> <span class='ocrx_word' id='word_1_151' title='bbox 210 2392 405 2476; x_wconf 77' lang='lat' dir='ltr'><strong>conprepatis</strong></span> <span class='ocrx_word' id='word_1_152' title='bbox 436 2393 525 2454; x_wconf 78' lang='lat' dir='ltr'><strong>iutra</strong></span> <span class='ocrx_word' id='word_1_153' title='bbox 548 2391 709 2456; x_wconf 85' lang='lat' dir='ltr'><strong>ecelesiam</strong></span> <span class='ocrx_word' id='word_1_154' title='bbox 732 2393 887 2478; x_wconf 81' lang='lat' dir='ltr'><strong>episcopis</strong></span> <span class='ocrx_word' id='word_1_155' title='bbox 919 2393 1094 2476; x_wconf 82' lang='lat' dir='ltr'><strong>civibusque</strong></span> <span class='ocrx_word' id='word_1_156' title='bbox 1118 2393 1179 2456; x_wconf 85' lang='lat' dir='ltr'><strong>Re.</strong></span> 
     </span>
     <span class='ocr_line' id='line_1_21' title="bbox 53 2487 1180 2576; baseline -0.001 -24"><span class='ocrx_word' id='word_1_157' title='bbox 53 2491 170 2569; x_wconf 75' lang='lat' dir='ltr'><strong>omnis,</strong></span> <span class='ocrx_word' id='word_1_158' title='bbox 202 2488 285 2552; x_wconf 86' lang='lat' dir='ltr'><strong>clero</strong></span> <span class='ocrx_word' id='word_1_159' title='bbox 309 2499 338 2552; x_wconf 87' lang='lat' dir='ltr'><strong>et</strong></span> <span class='ocrx_word' id='word_1_160' title='bbox 353 2487 477 2576; x_wconf 78' lang='lat' dir='ltr'><strong>populo</strong></span> <span class='ocrx_word' id='word_1_161' title='bbox 501 2490 557 2554; x_wconf 83' lang='lat' dir='ltr'><strong>hoc</strong></span> <span class='ocrx_word' id='word_1_162' title='bbox 580 2489 636 2554; x_wconf 84' lang='lat' dir='ltr'><strong>sub</strong></span> <span class='ocrx_word' id='word_1_163' title='bbox 660 2491 800 2556; x_wconf 83' lang='lat' dir='ltr'><strong>districti</strong></span> <span class='ocrx_word' id='word_1_164' title='bbox 822 2492 1033 2554; x_wconf 80' lang='lat' dir='ltr'><strong>arrutbematis</strong></span> <span class='ocrx_word' id='word_1_165' title='bbox 1062 2512 1180 2552; x_wconf 71' lang='lat' dir='ltr'><strong>excom·</strong></span> 
     </span>
     <span class='ocr_line' id='line_1_22' title="bbox 51 2587 1180 2674; baseline 0.002 -25"><span class='ocrx_word' id='word_1_166' title='bbox 51 2588 268 2652; x_wconf 68' lang='lat' dir='ltr'><strong>medicatione</strong></span> <span class='ocrx_word' id='word_1_167' title='bbox 291 2598 460 2666; x_wconf 85' lang='lat' dir='ltr'><strong>statuerat,</strong></span> <span class='ocrx_word' id='word_1_168' title='bbox 485 2599 520 2652; x_wconf 86' lang='lat' dir='ltr'><strong>ut</strong></span> <span class='ocrx_word' id='word_1_169' title='bbox 536 2589 648 2652; x_wconf 82' lang='lat' dir='ltr'><strong>sicum</strong></span> <span class='ocrx_word' id='word_1_170' title='bbox 671 2589 711 2652; x_wconf 87' lang='lat' dir='ltr'><strong>de</strong></span> <span class='ocrx_word' id='word_1_171' title='bbox 727 2589 782 2652; x_wconf 84' lang='lat' dir='ltr'><strong>lroc</strong></span> <span class='ocrx_word' id='word_1_172' title='bbox 806 2587 928 2652; x_wconf 82' lang='lat' dir='ltr'><strong>saeculo</strong></span> <span class='ocrx_word' id='word_1_173' title='bbox 953 2589 1087 2674; x_wconf 79' lang='lat' dir='ltr'><strong>miprare</strong></span> <span class='ocrx_word' id='word_1_174' title='bbox 1111 2610 1180 2652; x_wconf 83' lang='lat' dir='ltr'><strong>con-</strong></span> 
     </span>
     <span class='ocr_line' id='line_1_23' title="bbox 50 2684 1179 2772; baseline 0 -24"><span class='ocrx_word' id='word_1_175' title='bbox 50 2687 200 2771; x_wconf 63' lang='lat' dir='ltr'><strong>tingeret,</strong></span> <span class='ocrx_word' id='word_1_176' title='bbox 230 2695 396 2772; x_wconf 57' lang='lat' dir='ltr'><strong>uunquam</strong></span> <span class='ocrx_word' id='word_1_177' title='bbox 419 2685 661 2750; x_wconf 82' lang='lat' dir='ltr'><strong>Hildebraudus</strong></span> <span class='ocrx_word' id='word_1_178' title='bbox 683 2687 847 2751; x_wconf 76' lang='lat' dir='ltr'><strong>Romanus</strong></span> <span class='ocrx_word' id='word_1_179' title='bbox 879 2684 1026 2751; x_wconf 84' lang='lat' dir='ltr'><strong>ecclesiae</strong></span> <span class='ocrx_word' id='word_1_180' title='bbox 1054 2685 1179 2750; x_wconf 82' lang='lat' dir='ltr'><strong>subdia·</strong></span> 
     </span>
     <span class='ocr_line' id='line_1_24' title="bbox 48 2783 1179 2868; baseline 0 -22"><span class='ocrx_word' id='word_1_181' title='bbox 48 2807 162 2866; x_wconf 79' lang='lat' dir='ltr'><strong>conus,</strong></span> <span class='ocrx_word' id='word_1_182' title='bbox 188 2785 242 2868; x_wconf 81' lang='lat' dir='ltr'><strong>qui</strong></span> <span class='ocrx_word' id='word_1_183' title='bbox 264 2807 332 2847; x_wconf 83' lang='lat' dir='ltr'><strong>cum</strong></span> <span class='ocrx_word' id='word_1_184' title='bbox 355 2785 509 2848; x_wconf 82' lang='lat' dir='ltr'><strong>commersi</strong></span> <span class='ocrx_word' id='word_1_185' title='bbox 531 2785 667 2848; x_wconf 82' lang='lat' dir='ltr'><strong>omnium</strong></span> <span class='ocrx_word' id='word_1_186' title='bbox 689 2785 821 2850; x_wconf 75' lang='lat' dir='ltr'><strong>consilio</strong></span> <span class='ocrx_word' id='word_1_187' title='bbox 844 2785 1034 2863; x_wconf 81' lang='lat' dir='ltr'><strong>mittebatur,</strong></span> <span class='ocrx_word' id='word_1_188' title='bbox 1059 2783 1098 2847; x_wconf 85' lang='lat' dir='ltr'><strong>ab</strong></span> <span class='ocrx_word' id='word_1_189' title='bbox 1121 2785 1179 2847; x_wconf 88' lang='lat' dir='ltr'><strong>Im-</strong></span> 
     </span>
     <span class='ocr_line' id='line_1_25' title="bbox 43 2879 1180 2970; baseline -0.001 -26"><span class='ocrx_word' id='word_1_190' title='bbox 43 2883 213 2968; x_wconf 87' lang='lat' dir='ltr'><strong>peratrice</strong></span> <span class='ocrx_word' id='word_1_191' title='bbox 237 2882 365 2962; x_wconf 83' lang='lat' dir='ltr'><strong>rediret,</strong></span> <span class='ocrx_word' id='word_1_192' title='bbox 384 2904 509 2968; x_wconf 83' lang='lat' dir='ltr'><strong>papam</strong></span> <span class='ocrx_word' id='word_1_193' title='bbox 532 2879 641 2947; x_wconf 80' lang='lat' dir='ltr'><strong>nullus</strong></span> <span class='ocrx_word' id='word_1_194' title='bbox 655 2882 791 2970; x_wconf 79' lang='lat' dir='ltr'><strong>eliperet‚</strong></span> <span class='ocrx_word' id='word_1_195' title='bbox 816 2884 872 2947; x_wconf 83' lang='lat' dir='ltr'><strong>sed</strong></span> <span class='ocrx_word' id='word_1_196' title='bbox 884 2881 980 2948; x_wconf 82' lang='lat' dir='ltr'><strong>Sedes</strong></span> <span class='ocrx_word' id='word_1_197' title='bbox 994 2879 1180 2969; x_wconf 80' lang='lat' dir='ltr'><strong>Apostolica</strong></span> 
     </span>
     <span class='ocr_line' id='line_1_26' title="bbox 45 2979 1179 3066; baseline -0.002 -22"><span class='ocrx_word' id='word_1_198' title='bbox 45 3004 151 3066; x_wconf 73' lang='lat' dir='ltr'><strong>oreque</strong></span> <span class='ocrx_word' id='word_1_199' title='bbox 183 2981 228 3044; x_wconf 84' lang='lat' dir='ltr'><strong>ud</strong></span> <span class='ocrx_word' id='word_1_200' title='bbox 249 2981 339 3044; x_wconf 84' lang='lat' dir='ltr'><strong>illiue</strong></span> <span class='ocrx_word' id='word_1_201' title='bbox 360 2981 497 3044; x_wconf 83' lang='lat' dir='ltr'><strong>reditum</strong></span> <span class='ocrx_word' id='word_1_202' title='bbox 520 2981 643 3046; x_wconf 79' lang='lat' dir='ltr'><strong>intuetu</strong></span> <span class='ocrx_word' id='word_1_203' title='bbox 665 2983 839 3066; x_wconf 77' lang='lat' dir='ltr'><strong>vacaret’).</strong></span> <span class='ocrx_word' id='word_1_204' title='bbox 889 2982 1046 3045; x_wconf 88' lang='lat' dir='ltr'><strong>Attamen</strong></span> <span class='ocrx_word' id='word_1_205' title='bbox 1079 2979 1179 3065; x_wconf 88' lang='lat' dir='ltr'><strong>hujus</strong></span> 
     </span>
     <span class='ocr_line' id='line_1_27' title="bbox 46 3077 1178 3165; baseline 0.001 -26"><span class='ocrx_word' id='word_1_206' title='bbox 46 3077 182 3142; x_wconf 83' lang='lat' dir='ltr'><strong>decreti</strong></span> <span class='ocrx_word' id='word_1_207' title='bbox 206 3079 289 3141; x_wconf 85' lang='lat' dir='ltr'><strong>ratio</strong></span> <span class='ocrx_word' id='word_1_208' title='bbox 313 3099 379 3142; x_wconf 92' lang='lat' dir='ltr'><strong>non</strong></span> <span class='ocrx_word' id='word_1_209' title='bbox 403 3087 452 3142; x_wconf 91' lang='lat' dir='ltr'><strong>est</strong></span> <span class='ocrx_word' id='word_1_210' title='bbox 465 3077 599 3161; x_wconf 82' lang='lat' dir='ltr'><strong>habita3</strong></span> <span class='ocrx_word' id='word_1_211' title='bbox 625 3089 754 3143; x_wconf 89' lang='lat' dir='ltr'><strong>mortuo</strong></span> <span class='ocrx_word' id='word_1_212' title='bbox 772 3081 861 3144; x_wconf 92' lang='lat' dir='ltr'><strong>enim</strong></span> <span class='ocrx_word' id='word_1_213' title='bbox 874 3079 1054 3165; x_wconf 80' lang='lat' dir='ltr'><strong>Stephano,</strong></span> <span class='ocrx_word' id='word_1_214' title='bbox 1078 3079 1178 3142; x_wconf 83' lang='lat' dir='ltr'><strong>factio</strong></span> 
     </span>
     <span class='ocr_line' id='line_1_28' title="bbox 44 3175 1179 3264; baseline -0.002 -24"><span class='ocrx_word' id='word_1_215' title='bbox 44 3178 215 3242; x_wconf 82' lang='lat' dir='ltr'><strong>comitum</strong></span> <span class='ocrx_word' id='word_1_216' title='bbox 240 3175 503 3240; x_wconf 86' lang='lat' dir='ltr'><strong>Tusculanorum</strong></span> <span class='ocrx_word' id='word_1_217' title='bbox 527 3179 639 3264; x_wconf 88' lang='lat' dir='ltr'><strong>etqui</strong></span> <span class='ocrx_word' id='word_1_218' title='bbox 663 3177 706 3242; x_wconf 87' lang='lat' dir='ltr'><strong>ab</strong></span> <span class='ocrx_word' id='word_1_219' title='bbox 731 3179 771 3242; x_wconf 88' lang='lat' dir='ltr'><strong>iis</strong></span> <span class='ocrx_word' id='word_1_220' title='bbox 795 3177 903 3242; x_wconf 87' lang='lat' dir='ltr'><strong>allecti</strong></span> <span class='ocrx_word' id='word_1_221' title='bbox 929 3187 1005 3241; x_wconf 91' lang='lat' dir='ltr'><strong>sunt</strong></span> <span class='ocrx_word' id='word_1_222' title='bbox 1028 3175 1179 3239; x_wconf 84' lang='lat' dir='ltr'><strong>eeclesia·</strong></span> 
     </span>
     <span class='ocr_line' id='line_1_29' title="bbox 45 3272 1179 3363; baseline 0 -25"><span class='ocrx_word' id='word_1_223' title='bbox 45 3275 128 3338; x_wconf 82' lang='lat' dir='ltr'><strong>stici</strong></span> <span class='ocrx_word' id='word_1_224' title='bbox 163 3283 196 3337; x_wconf 90' lang='lat' dir='ltr'><strong>et</strong></span> <span class='ocrx_word' id='word_1_225' title='bbox 223 3272 310 3354; x_wconf 84' lang='lat' dir='ltr'><strong>laici,</strong></span> <span class='ocrx_word' id='word_1_226' title='bbox 341 3273 537 3338; x_wconf 85' lang='lat' dir='ltr'><strong>Pontificem</strong></span> <span class='ocrx_word' id='word_1_227' title='bbox 572 3285 769 3340; x_wconf 84' lang='lat' dir='ltr'><strong>creaverunt</strong></span> <span class='ocrx_word' id='word_1_228' title='bbox 791 3276 955 3340; x_wconf 88' lang='lat' dir='ltr'><strong>Joannem</strong></span> <span class='ocrx_word' id='word_1_229' title='bbox 987 3277 1179 3363; x_wconf 87' lang='lat' dir='ltr'><strong>episcopum</strong></span> 
     </span>
    </p>
   </div>
   <div class='ocr_carea' id='block_1_4' title="bbox 41 3494 1181 3713">
    <p class='ocr_par' dir='ltr' id='par_1_9' title="bbox 41 3494 1181 3713">
     <span class='ocr_line' id='line_1_30' title="bbox 41 3494 1181 3564; baseline -0.004 -12"><span class='ocrx_word' id='word_1_230' title='bbox 41 3497 119 3552; x_wconf 84' lang='lat' dir='ltr'><strong>alios</strong></span> <span class='ocrx_word' id='word_1_231' title='bbox 141 3495 222 3564; x_wconf 80' lang='lat' dir='ltr'><strong>regni</strong></span> <span class='ocrx_word' id='word_1_232' title='bbox 240 3494 375 3564; x_wconf 79' lang='lat' dir='ltr'><strong>principes</strong></span> <span class='ocrx_word' id='word_1_233' title='bbox 392 3495 477 3550; x_wconf 86' lang='lat' dir='ltr'><strong>etiem</strong></span> <span class='ocrx_word' id='word_1_234' title='bbox 486 3496 657 3561; x_wconf 86' lang='lat' dir='ltr'><strong>Hildebrant,</strong></span> <span class='ocrx_word' id='word_1_235' title='bbox 678 3497 761 3552; x_wconf 87' lang='lat' dir='ltr'><strong>abbas</strong></span> <span class='ocrx_word' id='word_1_236' title='bbox 780 3497 812 3552; x_wconf 91' lang='lat' dir='ltr'><strong>de</strong></span> <span class='ocrx_word' id='word_1_237' title='bbox 830 3498 930 3552; x_wconf 83' lang='lat' dir='ltr'><strong>Sancto</strong></span> <span class='ocrx_word' id='word_1_238' title='bbox 939 3494 1032 3560; x_wconf 82' lang='lat' dir='ltr'><strong>Panlo,</strong></span> <span class='ocrx_word' id='word_1_239' title='bbox 1051 3495 1181 3550; x_wconf 81' lang='lat' dir='ltr'><strong>mandate</strong></span> 
     </span>
     <span class='ocr_line' id='line_1_31' title="bbox 41 3573 1179 3646; baseline -0.002 -14"><span class='ocrx_word' id='word_1_240' title='bbox 41 3577 182 3633; x_wconf 81' lang='lat' dir='ltr'><strong>deserens</strong></span> <span class='ocrx_word' id='word_1_241' title='bbox 200 3576 233 3630; x_wconf 90' lang='lat' dir='ltr'><strong>de</strong></span> <span class='ocrx_word' id='word_1_242' title='bbox 251 3573 319 3630; x_wconf 84' lang='lat' dir='ltr'><strong>Sede</strong></span> <span class='ocrx_word' id='word_1_243' title='bbox 337 3575 499 3644; x_wconf 79' lang='lat' dir='ltr'><strong>Apostoliea,</strong></span> <span class='ocrx_word' id='word_1_244' title='bbox 524 3578 615 3632; x_wconf 82' lang='lat' dir='ltr'><strong>viret</strong></span> <span class='ocrx_word' id='word_1_245' title='bbox 633 3577 788 3646; x_wconf 87' lang='lat' dir='ltr'><strong>eloquentia</strong></span> <span class='ocrx_word' id='word_1_246' title='bbox 812 3585 839 3632; x_wconf 87' lang='lat' dir='ltr'><strong>et</strong></span> <span class='ocrx_word' id='word_1_247' title='bbox 865 3591 1001 3631; x_wconf 79' lang='lat' dir='ltr'><strong>serrarum</strong></span> <span class='ocrx_word' id='word_1_248' title='bbox 1024 3575 1179 3630; x_wconf 85' lang='lat' dir='ltr'><strong>litterarum</strong></span> 
     </span>
     <span class='ocr_line' id='line_1_32' title="bbox 41 3655 523 3713; baseline 0 -1"><span class='ocrx_word' id='word_1_249' title='bbox 41 3657 210 3712; x_wconf 82' lang='lat' dir='ltr'><strong>eruditione</strong></span> <span class='ocrx_word' id='word_1_250' title='bbox 228 3656 308 3711; x_wconf 78' lang='lat' dir='ltr'><strong>valde</strong></span> <span class='ocrx_word' id='word_1_251' title='bbox 326 3655 523 3713; x_wconf 80' lang='lat' dir='ltr'><strong>admirandus.¹⁴</strong></span> 
     </span>
    </p>
   </div>
   <div class='ocr_carea' id='block_1_5' title="bbox 37 3753 1180 4152">
    <p class='ocr_par' dir='ltr' id='par_1_10' title="bbox 129 3753 659 3825">
     <span class='ocr_line' id='line_1_33' title="bbox 129 3753 659 3825; baseline 0.004 -18"><span class='ocrx_word' id='word_1_252' title='bbox 129 3757 155 3825; x_wconf 89' lang='lat'><strong>¹)</strong></span> <span class='ocrx_word' id='word_1_253' title='bbox 174 3755 240 3808; x_wconf 85' lang='lat' dir='ltr'><strong>Vita</strong></span> <span class='ocrx_word' id='word_1_254' title='bbox 258 3771 279 3809; x_wconf 87' lang='lat' dir='ltr'><strong>s.</strong></span> <span class='ocrx_word' id='word_1_255' title='bbox 299 3754 431 3823; x_wconf 79' lang='lat' dir='ltr'><strong>lingonis,</strong></span> <span class='ocrx_word' id='word_1_256' title='bbox 449 3753 520 3809; x_wconf 91' lang='lat' dir='ltr'><strong>Bibl.</strong></span> <span class='ocrx_word' id='word_1_257' title='bbox 540 3754 659 3810; x_wconf 80' lang='lat' dir='ltr'><strong>Cluniae</strong></span> 
     </span>
    </p>

    <p class='ocr_par' dir='ltr' id='par_1_11' title="bbox 37 3841 1180 4152">
     <span class='ocr_line' id='line_1_34' title="bbox 125 3841 1180 3912; baseline -0.001 -15"><span class='ocrx_word' id='word_1_258' title='bbox 125 3843 239 3912; x_wconf 58' lang='lat' dir='ltr'><strong>pepp.</strong></span> <span class='ocrx_word' id='word_1_259' title='bbox 259 3843 290 3899; x_wconf 89' lang='lat' dir='ltr'><strong>L.</strong></span> <span class='ocrx_word' id='word_1_260' title='bbox 308 3841 360 3898; x_wconf 89' lang='lat'>111.</span> <span class='ocrx_word' id='word_1_261' title='bbox 379 3859 419 3912; x_wconf 89' lang='lat' dir='ltr'><strong>ep.</strong></span> <span class='ocrx_word' id='word_1_262' title='bbox 439 3850 465 3899; x_wconf 87' lang='lat'><strong>4.</strong></span> <span class='ocrx_word' id='word_1_263' title='bbox 492 3875 524 3884; x_wconf 96' lang='lat'>—</span> <span class='ocrx_word' id='word_1_264' title='bbox 550 3843 605 3898; x_wconf 84' lang='lat' dir='ltr'><strong>Leo</strong></span> <span class='ocrx_word' id='word_1_265' title='bbox 624 3843 756 3898; x_wconf 87' lang='lat' dir='ltr'><strong>Ostiensis</strong></span> <span class='ocrx_word' id='word_1_266' title='bbox 775 3844 804 3897; x_wconf 88' lang='lat' dir='ltr'><strong>L.</strong></span> <span class='ocrx_word' id='word_1_267' title='bbox 824 3843 860 3899; x_wconf 88' lang='grc' dir='ltr'><strong>ΙΙ.</strong></span> <span class='ocrx_word' id='word_1_268' title='bbox 881 3860 901 3898; x_wconf 82' lang='lat' dir='ltr'><strong>e.</strong></span> <span class='ocrx_word' id='word_1_269' title='bbox 923 3845 972 3898; x_wconf 85' lang='lat'><strong>101</strong></span> <span class='ocrx_word' id='word_1_270' title='bbox 1001 3841 1094 3896; x_wconf 88' lang='lat' dir='ltr'><strong>iisdem</strong></span> <span class='ocrx_word' id='word_1_271' title='bbox 1122 3841 1180 3896; x_wconf 87' lang='lat' dir='ltr'><strong>fere</strong></span> 
     </span>
     <span class='ocr_line' id='line_1_35' title="bbox 38 3921 1179 3993; baseline -0.004 -13"><span class='ocrx_word' id='word_1_272' title='bbox 38 3943 104 3981; x_wconf 88' lang='lat' dir='ltr'><strong>rem</strong></span> <span class='ocrx_word' id='word_1_273' title='bbox 127 3923 218 3978; x_wconf 82' lang='lat' dir='ltr'><strong>refert</strong></span> <span class='ocrx_word' id='word_1_274' title='bbox 236 3921 332 3986; x_wconf 84' lang='lat' dir='ltr'><strong>verbis,</strong></span> <span class='ocrx_word' id='word_1_275' title='bbox 351 3923 497 3979; x_wconf 82' lang='lat' dir='ltr'><strong>manifeste</strong></span> <span class='ocrx_word' id='word_1_276' title='bbox 514 3939 547 3979; x_wconf 85' lang='lat' dir='ltr'><strong>ex</strong></span> <span class='ocrx_word' id='word_1_277' title='bbox 567 3923 700 3979; x_wconf 79' lang='lat' dir='ltr'><strong>Damione</strong></span> <span class='ocrx_word' id='word_1_278' title='bbox 724 3925 881 3993; x_wconf 87' lang='lat' dir='ltr'><strong>desumptis.</strong></span> <span class='ocrx_word' id='word_1_279' title='bbox 918 3923 1064 3992; x_wconf 83' lang='lat' dir='ltr'><strong>Colligitur</strong></span> <span class='ocrx_word' id='word_1_280' title='bbox 1088 3929 1179 3977; x_wconf 85' lang='lat' dir='ltr'><strong>autern</strong></span> 
     </span>
     <span class='ocr_line' id='line_1_36' title="bbox 38 4002 1179 4072; baseline -0.001 -13"><span class='ocrx_word' id='word_1_281' title='bbox 38 4022 76 4059; x_wconf 81' lang='lat' dir='ltr'><strong>ex</strong></span> <span class='ocrx_word' id='word_1_282' title='bbox 97 4004 151 4058; x_wconf 85' lang='lat' dir='ltr'><strong>his</strong></span> <span class='ocrx_word' id='word_1_283' title='bbox 169 4003 267 4070; x_wconf 78' lang='lat' dir='ltr'><strong>verbis,</strong></span> <span class='ocrx_word' id='word_1_284' title='bbox 285 4003 449 4072; x_wconf 85' lang='lat' dir='ltr'><strong>Stephanum</strong></span> <span class='ocrx_word' id='word_1_285' title='bbox 468 4004 523 4059; x_wconf 84' lang='lat' dir='ltr'><strong>iste</strong></span> <span class='ocrx_word' id='word_1_286' title='bbox 541 4005 673 4059; x_wconf 85' lang='lat' dir='ltr'><strong>statuisse</strong></span> <span class='ocrx_word' id='word_1_287' title='bbox 692 4011 836 4072; x_wconf 85' lang='lat' dir='ltr'><strong>antequam</strong></span> <span class='ocrx_word' id='word_1_288' title='bbox 849 4003 1047 4060; x_wconf 86' lang='lat' dir='ltr'><strong>Hildebrendus</strong></span> <span class='ocrx_word' id='word_1_289' title='bbox 1065 4002 1093 4058; x_wconf 90' lang='lat' dir='ltr'><strong>in</strong></span> <span class='ocrx_word' id='word_1_290' title='bbox 1113 4003 1179 4058; x_wconf 86' lang='lat' dir='ltr'><strong>Ger·</strong></span> 
     </span>
     <span class='ocr_line' id='line_1_37' title="bbox 37 4083 1179 4152; baseline -0.004 -10"><span class='ocrx_word' id='word_1_291' title='bbox 37 4085 176 4142; x_wconf 77' lang='lat' dir='ltr'><strong>maniam</strong></span> <span class='ocrx_word' id='word_1_292' title='bbox 193 4083 407 4152; x_wconf 85' lang='lat' dir='ltr'><strong>proficisoeretur</strong></span> <span class='ocrx_word' id='word_1_293' title='bbox 424 4085 544 4152; x_wconf 86' lang='lat' dir='ltr'><strong>adeoque</strong></span> <span class='ocrx_word' id='word_1_294' title='bbox 563 4083 669 4139; x_wconf 84' lang='lat' dir='ltr'><strong>ultimis</strong></span> <span class='ocrx_word' id='word_1_295' title='bbox 688 4085 823 4140; x_wconf 87' lang='lat' dir='ltr'><strong>mensibus</strong></span> <span class='ocrx_word' id='word_1_296' title='bbox 842 4085 906 4139; x_wconf 89' lang='lat' dir='ltr'><strong>enni</strong></span> <span class='ocrx_word' id='word_1_297' title='bbox 928 4085 1005 4151; x_wconf 76' lang='lat'>1057,</span> <span class='ocrx_word' id='word_1_298' title='bbox 1024 4083 1096 4138; x_wconf 84' lang='lat' dir='ltr'><strong>bend</strong></span> <span class='ocrx_word' id='word_1_299' title='bbox 1115 4099 1179 4138; x_wconf 87' lang='lat' dir='ltr'><strong>vero</strong></span> 
     </span>
    </p>
   </div>
   <div class='ocr_carea' id='block_1_6' title="bbox 35 4163 1180 4312">
    <p class='ocr_par' dir='ltr' id='par_1_12' title="bbox 35 4163 1180 4312">
     <span class='ocr_line' id='line_1_38' title="bbox 37 4163 1180 4233; baseline -0.004 -10"><span class='ocrx_word' id='word_1_300' title='bbox 37 4183 109 4223; x_wconf 85' lang='lat' dir='ltr'><strong>enm</strong></span> <span class='ocrx_word' id='word_1_301' title='bbox 132 4163 326 4233; x_wconf 82' lang='lat' dir='ltr'><strong>praesensione</strong></span> <span class='ocrx_word' id='word_1_302' title='bbox 344 4165 459 4232; x_wconf 85' lang='lat' dir='ltr'><strong>quedem</strong></span> <span class='ocrx_word' id='word_1_303' title='bbox 477 4165 573 4220; x_wconf 88' lang='lat' dir='ltr'><strong>mortis</strong></span> <span class='ocrx_word' id='word_1_304' title='bbox 592 4179 624 4218; x_wconf 85' lang='lat' dir='ltr'><strong>ea</strong></span> <span class='ocrx_word' id='word_1_305' title='bbox 643 4170 708 4220; x_wconf 87' lang='lat' dir='ltr'><strong>tune</strong></span> <span class='ocrx_word' id='word_1_306' title='bbox 727 4165 875 4228; x_wconf 83' lang='lat' dir='ltr'><strong>ordinasse,</strong></span> <span class='ocrx_word' id='word_1_307' title='bbox 894 4164 1000 4232; x_wconf 85' lang='lat' dir='ltr'><strong>quande</strong></span> <span class='ocrx_word' id='word_1_308' title='bbox 1019 4165 1095 4218; x_wconf 85' lang='lat' dir='ltr'><strong>brevi</strong></span> <span class='ocrx_word' id='word_1_309' title='bbox 1115 4169 1180 4218; x_wconf 81' lang='lat' dir='ltr'><strong>aute</strong></span> 
     </span>
     <span class='ocr_line' id='line_1_39' title="bbox 35 4243 492 4312; baseline -0.02 -8"><span class='ocrx_word' id='word_1_310' title='bbox 35 4248 162 4304; x_wconf 88' lang='lat' dir='ltr'><strong>obitum</strong></span> <span class='ocrx_word' id='word_1_311' title='bbox 179 4243 344 4298; x_wconf 82' lang='lat' dir='ltr'><strong>Florentiam</strong></span> <span class='ocrx_word' id='word_1_312' title='bbox 365 4244 492 4312; x_wconf 86' lang='lat' dir='ltr'><strong>perrexit.</strong></span> 
     </span>
    </p>
   </div>
   <div class='ocr_carea' id='block_1_7' title="bbox 0 0 1480 4832">
    <p class='ocr_par' dir='ltr' id='par_1_13' title="bbox 0 0 1480 4832">
     <span class='ocr_line' id='line_1_40' title="bbox 0 0 1480 4832; baseline 0 5"><span class='ocrx_word' id='word_1_313' title='bbox 0 0 1480 4832; x_wconf 95' lang='lat' dir='ltr'><strong> </strong></span> 
     </span>
    </p>
   </div>
  </div>
 </body>
</html>
