2952 4832
316 483 370 537 312
559 486 632 539 XXI.
654 487 692 538 le
712 487 737 541 S.
758 487 891 554 Gregorio
911 487 965 541 Vll
986 489 1061 542 ltom.
1083 487 1225 541 Porrtitice.

315 625 534 690 aeclesiasticis
558 628 687 711 legibus,
712 632 792 692 antis
815 653 883 692 erran
907 641 1016 691 contra
1041 644 1214 708 secretiores
1234 632 1435 694 detracturum

317 724 442 810 linguas
466 727 715 790 communiebant
727 725 762 812 ¹).

409 843 481 905 110.
516 840 707 926 Sigebertus
732 841 983 906 Gemblacensis
1007 843 1050 906 ad
1075 866 1104 906 a.
1132 844 1218 906 1074
1243 867 1286 907 ex
1302 867 1341 906 etr
1359 842 1432 928 quod

317 939 497 1022 Gregorius
521 939 588 1003 VII
620 940 734 1004 fideles
758 943 896 1022 monuit,
930 962 971 1004 ne
995 943 1098 1004 sacris
1128 943 1328 1005 interessent
1362 962 1433 1026 pres·

317 1035 508 1121 byterorum
525 1039 804 1102 incontinentium
827 1039 882 1102 vel
899 1047 1108 1103 sacramenta
1131 1038 1175 1102 ab
1190 1040 1232 1102 iis
1249 1041 1433 1122 reciperent.
1473 1061 1474 1123 p

318 1134 429 1199 dolose
453 1134 631 1216 concludit,
658 1134 854 1220 Gregorium
881 1139 1058 1219 censuisse,
1083 1150 1295 1201 sacramenta
1320 1137 1363 1200 ab
1383 1135 1436 1198 illis
1473 1162 1474 1176 ¹

317 1232 544 1297 sacerdotibus
568 1233 720 1298 confecta
745 1257 815 1298 esse
839 1233 998 1298 invalida.
1046 1233 1113 1300 Sed
1137 1257 1178 1298 ne
1203 1255 1289 1320 opus
1314 1235 1436 1321 quiden
1473 1273 1474 1332 i

317 1343 367 1394 est
390 1329 587 1414 Gregorium
622 1331 684 1395 hac
717 1335 753 1396 in
785 1357 820 1397 re
845 1332 1036 1413 defendere,
1073 1354 1177 1418 quum
1202 1332 1308 1397 illatio
1334 1355 1390 1417 per
1413 1359 1437 1389 a·
1473 1347 1474 1390 4

317 1439 476 1515 appareat
507 1431 630 1514 inepta.
679 1428 853 1495 Caeterum
884 1431 1038 1496 Pontifex
1071 1433 1142 1516 ipse
1174 1432 1208 1493 in
1233 1430 1375 1515 epistola
1404 1429 1438 1492 ad

318 1527 474 1594 Ottonem
500 1525 789 1592 Constantiensem
822 1539 935 1613 aperte
968 1530 1094 1609 asserit,
1133 1551 1167 1592 se
1192 1529 1239 1590 ita
1268 1551 1377 1612 agere.
1411 1543 1439 1586 nr
1473 1555 1474 1644 p

317 1627 373 1712 qui
399 1646 457 1709 pro
482 1647 593 1689 amore
616 1625 681 1690 Dei
712 1636 744 1688 et
779 1626 880 1690 officii
919 1625 1087 1710 dignitate
1124 1647 1190 1689 non
1228 1629 1440 1710 corrigantur.
1473 1645 1474 1706 3

317 1722 520 1787 verecundia
551 1723 672 1787 saeculi
706 1733 738 1786 et
761 1723 993 1809 objurgatione
1028 1722 1142 1809 populi
1167 1726 1379 1809 resipiscant.
1403 1761 1437 1768 -
1473 1719 1474 1786 ³

318 1821 352 1886 Si
377 1842 456 1884 vero
481 1819 594 1884 lideles
618 1821 766 1886 rudiores
782 1821 948 1885 interdum
972 1844 1012 1885 ea
1029 1824 1203 1886 occasione
1221 1824 1437 1886 reverentiam

321 1920 401 2004 ipsis
418 1919 516 1983 rebus
532 1920 634 1982 saeris
658 1919 805 1982 debitam
824 1920 1000 2002 violarunt,
1026 1919 1060 1984 id
1076 1921 1223 2004 prolecto
1240 1929 1374 1982 tanturn
1389 1941 1438 2003 per

317 2014 473 2080 accidens
497 2037 540 2079 ex
564 2014 716 2100 Gregorii
741 2018 873 2081 statutis
898 2019 1062 2105 provenit.

149 2141 306 2222 numerans
409 2134 482 2196 111.
508 2131 572 2194 Sed
590 2133 790 2218 praecipuae
807 2131 1010 2219 objectiones
1030 2146 1143 2196 contra
1160 2131 1365 2216 Gregorium
1383 2131 1436 2193 l'll
1473 2179 1474 2188 .

149 2211 468 2333 d⁰⁰232³2¹i¹¹²12¹¹¹d¹spectant
492 2231 562 2315 ejus
580 2232 751 2316 'principia
775 2231 816 2294 de
840 2234 1035 2296 auctoritate
1066 2254 1104 2295 ac
1130 2231 1170 2294 de
1195 2230 1309 2294 indole
1337 2231 1437 2294 Eccle-

318 2331 395 2407 siae,
429 2329 564 2413 ojusqne
594 2339 741 2408 conatus,
776 2342 810 2392 ut
834 2329 920 2394 hanc
951 2331 1181 2394 auctoritatem
1213 2341 1245 2391 et
1276 2328 1441 2391 Ecclesia·
1473 2405 1474 2412 ἵ

311 2428 389 2512 jura
423 2425 618 2491 vindicaret.
667 2425 881 2492 Contendunt
917 2429 1018 2512 igitur
1057 2429 1141 2490 rarii
1178 2437 1337 2490 auctores
1376 2439 1436 2488 turn
1473 2422 1474 2508 l

317 2534 544 2611 protestantes,
579 2534 648 2587 tum
678 2523 845 2590 Gallicani
874 2525 975 2590 aliive
1008 2525 1163 2589 catholici
1195 2525 1346 2587 nominis
1378 2524 1442 2584 riri.

317 2623 518 2707 Gregorium
534 2622 675 2686 voluisse
695 2623 836 2688 condere
860 2623 1086 2687 monarchiam
1112 2621 1294 2709 qnamdam
1325 2625 1443 2685 unirer-

317 2721 418 2786 salem
444 2720 596 2807 papalem
621 2730 653 2783 et
676 2720 915 2785 theocraticam
941 2723 1042 2785 etiam
1067 2720 1177 2807 quoad
1195 2722 1349 2804 regimen
1376 2736 1442 2781 tem·

317 2817 440 2906 porale.
479 2818 569 2881 Hine
593 2839 635 2880 ex
660 2841 772 2882 corum
798 2821 963 2883 sententia
989 2841 1026 2882 eo
1051 2817 1233 2882 tendebant
1257 2819 1334 2902 ejus
1359 2840 1441 2880 cona·

317 2927 380 2998 tus,
419 2928 453 2980 ut
477 2937 590 2980 omnes
615 2918 785 3001 principes
812 2915 964 2980 redderet
988 2915 1083 2980 Sedis
1108 2915 1324 3001 Apostolicae
1352 2913 1442 2976 raml-

317 3017 375 3097 los,
410 3035 589 3098 eorumque
619 3035 722 3097 regna
759 3013 860 3078 feuda
884 3013 1066 3078 Ecclesiae.
1114 3015 1167 3077 Ex
1200 3015 1381 3099 principiis
1411 3013 1434 3072 d

318 3113 469 3179 absoluta
493 3122 525 3176 et
540 3110 705 3174 illimitata
721 3114 921 3176 auctoritate
934 3112 1105 3176 Ecclesiae
1131 3111 1355 3175 dimanabant
1380 3109 1442 3172 illae

318 3213 474 3297 Gregorii
498 3211 689 3291 sententiae,
716 3210 902 3274 Ecclesiam
929 3211 1170 3274 Pontificemve
1196 3233 1299 3292 regua
1327 3221 1431 3291 tempo

317 3311 400 3376 ralia
425 3310 503 3373 dare
527 3330 621 3394 posse
646 3318 744 3394 atque
761 3309 900 3388 auferre,
926 3308 1018 3373 haud
1035 3309 1282 3372 interveniente
1300 3305 1439 3371 Ecclesia

320 3407 533 3493 temporalem
569 3416 765 3492 potestatem
798 3430 891 3471 suam
926 3409 1088 3492 originem
1113 3429 1132 3468 a
1157 3405 1292 3469 diabolo
1317 3404 1440 3468 habere.

318 3508 401 3572 Inde
426 3509 525 3570 etiam
551 3507 621 3589 ejus
646 3507 809 3591 oppositio
836 3516 950 3570 contra
975 3505 1199 3570 investituras.
1227 3505 1348 3588 spretis
1364 3503 1439 3587 prin-

320 3609 431 3692 cipum
452 3603 594 3689 juribus‚
629 3613 728 3689 atque
758 3603 900 3667 audacia
926 3602 989 3680 illa,
1022 3625 1087 3688 qua
1113 3601 1299 3665 Hearicum
1324 3601 1373 3664 lt·
1403 3603 1438 3661 in·

320 3707 452 3769 secutus
477 3713 535 3782 est,
568 3699 730 3785 deposuit,
768 3701 918 3765 subditos
942 3725 961 3764 a
980 3687 1171 3786 juramento
1196 3697 1366 3762 fidelitatis
1389 3693 1438 3759 sul-

321 3805 380 3868 vit.
420 3803 590 3888 Gregorius
623 3803 691 3880 VH,
716 3800 832 3864 scribit
855 3799 982 3863 Natalis
1006 3797 1207 3870 Alexander,
1236 3799 1438 3860 Roranam-ua

316 3904 442 3988 primus
466 3903 660 3984 Pontificum,
686 3900 748 3962 sila·
771 3921 875 3982 reptatu
899 3897 1207 3960 esrum·tornodorora
1232 3895 1342 3956 tribuit
1362 3905 1438 3978 pot>-
1473 3921 1474 3943 r

321 4011 433 4063 arana
457 4012 567 4063 caretro
592 3999 722 4062 Pul-rum
748 3997 935 4067 doctrinam,
969 3996 1028 4056 into
1054 4004 1163 4056 corrtrn
1190 3993 1313 4055 rcrbrrur
1337 3991 1437 4052 Dcii.

400 4194 418 4260 ¹)
437 4195 556 4246 Arinales
575 4194 609 4246 ad
629 4211 652 4245 a.
675 4191 751 4246 1077.

398 4278 420 4341 ¹)
440 4273 472 4328 Υ.
492 4273 520 4325 in
539 4289 607 4326 suec.
628 4271 668 4324 XI
688 4273 799 4325 Dissert.
819 4270 852 4322 ll.
873 4271 933 4322 Art.
953 4268 1000 4321 IX.
1020 4285 1069 4333 sqq
