2952 4832
122 603 209 648 Hordei
217 608 252 648 in-

125 677 253 720 amatu.

127 3849 236 3902 Rniolpbi

138 3921 221 3963 electio.

277 460 330 514 296
529 463 604 518 XXI.
624 463 663 518 De
681 463 707 520 S.
727 462 860 532 Gregorio
878 461 934 516 vn
953 463 1029 518 Rom.
1049 464 1190 520 Pantilius.

368 607 421 668 ul.
469 606 707 672 Reconciliatio
741 609 802 670 ista
832 607 969 670 Hemici
1007 606 1098 672 haud
1122 618 1204 690 erat,
1244 619 1391 694 quantum
1470 599 1471 674 l

278 702 374 768 uobis
398 703 540 784 videtur,
566 704 739 785 simulata3
765 704 823 768 sed
848 706 895 768 uti
920 706 990 789 ipse
1015 717 1085 770 erat
1108 707 1215 770 animi
1231 706 1393 778 versatilis,
1470 689 1471 724 r

276 811 448 886 postquam
477 800 659 868 Canusium
693 801 836 887 reliquit,
868 822 946 865 mox
969 802 1012 866 ad
1037 804 1147 888 priora
1177 825 1329 868 reversus
1349 813 1393 868 est

276 898 435 964 facinora.
484 897 786 966 Circumdederunt
818 902 906 964 enim
938 922 1015 964 eum
1047 903 1080 965 in
1113 901 1212 964 Ita-lia
1242 903 1393 987 superiori

276 998 351 1076 viri,
383 999 439 1083 qui
476 998 780 1064 reconciliationem
809 1020 884 1062 curn
911 998 1074 1082 Gregorio
1099 1000 1170 1062 VII
1201 1001 1286 1063 inire
1317 999 1395 1064 nole·
1470 1007 1471 1040 l

275 1093 366 1158 bant.
415 1095 618 1161 Fremebsnt
648 1097 796 1182 episcopi
824 1097 999 1162 simoniaci
1022 1095 1282 1182 Longobardiae
1313 1097 1394 1184 quod

275 1214 389 1288 eorum
413 1215 548 1258 oausam
572 1217 631 1258 rex
653 1193 851 1280 reliquisset,
875 1215 1093 1281 proceresque
1116 1194 1194 1259 laici
1218 1197 1343 1281 pariter
1363 1197 1396 1259 in

276 1313 335 1354 sua
351 1286 465 1356 contra
480 1292 681 1377 Gregorium
696 1292 767 1356 VII
790 1293 997 1378 oppositione
1013 1307 1282 1378 perseverarunt.
1311 1293 1394 1358 Hinc

274 1400 388 1473 aperte
411 1389 558 1454 Henrico
582 1413 616 1454 se
641 1391 787 1456 infensos
811 1391 1026 1456 ostenderunt
1049 1390 1277 1474 Langobardi,
1302 1401 1397 1478 atque

274 1489 390 1551 minati
417 1499 503 1571 sunt,
529 1512 573 1568 se,
599 1490 670 1572 ipso
685 1487 846 1573 deposito,
872 1487 1075 1570 Conradum,
1100 1485 1207 1553 filium
1232 1491 1304 1575 ejus
1326 1511 1394 1575 par-

275 1584 400 1667 vulum,
425 1607 536 1670 regern
561 1587 769 1670 salutaturus,
801 1595 932 1649 etcum
957 1607 994 1649 eo
1018 1586 1224 1672 profecturos
1248 1587 1397 1655 Romam.

275 1693 311 1746 ut
342 1705 467 1746 novum
498 1695 648 1748 crearent
677 1683 884 1748 Pontificem.
931 1683 1031 1748 Initio
1065 1683 1200 1770 quidem
1235 1684 1399 1748 Henrieus

274 1803 329 1844 eos
365 1803 484 1866 pacare
521 1781 656 1862 studuit,
691 1784 771 1867 quin
795 1781 919 1846 luctam
944 1793 1059 1846 contra
1084 1782 1285 1868 Gregorium
1308 1803 1399 1846 reno-

275 1889 383 1961 varet,
417 1880 475 1943 sed
499 1880 541 1944 ab
566 1879 639 1958 illis,
671 1901 811 1965 quorum
836 1879 905 1946 dux
929 1879 993 1944 fuit
1016 1879 1200 1944 Guibertus
1224 1881 1398 1944 Ravenna-

273 1979 385 2058 tensis,
414 1978 458 2042 ad
490 1978 646 2042 ulteriora
669 1987 843 2064 proreptus
866 1987 925 2042 est.
972 1977 1186 2063 Longobardi
1211 1977 1399 2042 Geraldum

275 2075 488 2140 Cardinalern
508 2075 704 2156 Ostiensem,
721 2073 893 2140 Pontifieis
906 2074 1062 2160 legatum,
1087 2075 1276 2140 Placentiae
1292 2089 1399 2140 custo·

274 2174 349 2238 diae
374 2175 624 2260 manciparunt3
649 2195 819 2260 quumque
844 2172 1028 2258 Gregorius
1050 2172 1118 2236 VII
1141 2183 1240 2260 atque
1264 2173 1400 2238 Mamil-

274 2272 326 2336 dis
350 2274 517 2337 comitissa
541 2273 700 2336 Mantuae
734 2293 809 2334 curn
835 2271 981 2335 Henrieo
1005 2271 1053 2334 IV
1087 2272 1264 2336 convenire
1288 2271 1403 2358 dispo·

275 2381 400 2450 nerent,
425 2372 478 2434 isti
503 2370 642 2435 insidias
666 2379 866 2450 struxerunt,
893 2377 928 2431 ut
946 2367 1017 2433 illos
1034 2370 1184 2454 captivos
1207 2371 1404 2436 retinerent

273 2465 340 2531 Sed
364 2491 398 2530 re
423 2468 553 2532 detecta
576 2476 760 2532 conventus
777 2489 843 2531 non
861 2477 909 2530 est
926 2465 1070 2530 habitus.
1102 2466 1269 2532 Henricns
1283 2478 1402 2531 autem

274 2568 380 2650 magis
414 2569 585 2652 magisque
614 2565 788 2630 Pontificis
818 2563 1019 2628 adversariis
1048 2587 1082 2628 se
1110 2565 1235 2650 junxit.
1282 2565 1402 2646 Quum

274 2663 430 2728 Pontifex
454 2665 699 2728 coronationem
718 2663 897 2728 solemnem
921 2684 980 2748 pro
998 2661 1114 2727 ltaliae
1138 2685 1239 2746 regno
1256 2661 1404 2728 Mensae

274 2761 510 2844 interdixisset,
541 2761 644 2826 veluti
670 2762 784 2825 furtim
818 2759 898 2824 alibi
923 2783 956 2824 se
987 2762 1136 2842 coronari
1161 2761 1249 2842 fecit,
1280 2771 1316 2824 et
1344 2763 1405 2827 im·

274 2859 404 2943 pedivit
434 2883 493 2923 sua
525 2861 557 2924 in
589 2859 686 2923 Italia
715 2858 983 2940 commoratione,
1018 2859 1195 2944 quominus
1223 2857 1405 2940 Augustae

274 2959 408 3021 comitia
432 2956 641 3022 haberentur.
681 2957 864 3040 Gregorius
888 2977 977 3036 vero,
1003 2978 1103 3041 quum
1128 2957 1158 3018 ei
1183 2967 1253 3020 tum
1277 2958 1348 3020 iter
1372 2961 1406 3022 in

274 3053 500 3133 Germaniam,
533 3065 603 3118 tum
627 3054 753 3118 reditus
778 3056 811 3117 in
838 3051 961 3118 Urbem
987 3053 1178 3138 praeclusus
1207 3067 1298 3132 esset,¹
1342 3055 1407 3120 Ca·

273 3153 360 3216 nnsii
386 3151 564 3217 subsistere
589 3161 724 3218 coactus
748 3151 805 3215 est!

363 3251 415 3314 92.
462 3251 635 3336 Principes
660 3250 864 3316 Germaniae
899 3249 1032 3312 interim
1068 3269 1156 3314 nova
1190 3249 1327 3312 comitia
1371 3256 1405 3316 in

273 3347 396 3433 oppido
420 3346 619 3412 Forchheim
648 3347 852 3427 indixerunt,
885 3367 989 3432 eoque
1013 3345 1169 3410 Pontifex
1199 3369 1299 3434 quum
1330 3349 1406 3436 ipse

273 3445 438 3530 proficisci
463 3469 528 3510 non
554 3455 673 3532 posset,
707 3445 789 3509 duos
814 3445 903 3508 misit
926 3441 1061 3530 legatos,
1087 3444 1291 3510 Bernardum
1321 3443 1405 3511 Car·

273 3542 418 3608 dinalem
452 3543 631 3608 diaconum
661 3555 693 3608 et
716 3541 925 3606 Bernardum
957 3541 1112 3606 abbatem
1142 3541 1405 3608 Massiliensem.

274 3641 418 3708 Comitia
442 3643 496 3706 die
523 3644 581 3707 13⁰
605 3643 716 3707 Martii
748 3664 777 3706 a.
806 3641 891 3705 1077
917 3641 1122 3725 inceperunt,
1155 3653 1186 3705 et
1217 3641 1404 3727 principes,

273 3743 427 3826 quamvis
451 3740 551 3826 legati
566 3741 738 3806 Pontifieis
764 3739 797 3803 id
814 3737 1049 3825 improbarent,
1075 3739 1223 3825 deposito
1236 3739 1404 3810 Heurico.

272 3841 307 3903 in
338 3860 449 3922 regem
486 3839 656 3924 elegerunt
691 3837 895 3924 Redolplrom
927 3836 1071 3917 Sueviae
1106 3835 1225 3901 ducem
1255 3837 1402 3902 Henriei

272 3937 417 4020 affinem,
443 3960 542 4023 quern
567 3937 746 4023 Sigifridus
761 3935 977 4020 Moguntinus
1002 3935 1132 4022 praesul
1156 3935 1210 3999 die
1233 3935 1294 3998 26⁰
1309 3935 1404 4002 lilar—

272 4037 310 4100 tii
333 4035 498 4119 Moguntii
523 4037 705 4102 coronavit.
753 4034 815 4098 Vir
844 4043 915 4098 erat
938 4032 1108 4100 Ecclesiae
1142 4032 1306 4114 addictus,
1342 4038 1401 4123 qui

271 4129 396 4218 legatos
420 4133 592 4198 Pontificis
623 4135 657 4198 in
680 4132 771 4196 lucta
795 4141 910 4195 contra
933 4133 1109 4208 simoniam
1133 4141 1166 4195 et
1189 4131 1402 4197 incontinen-

271 4232 353 4294 tiam
377 4233 521 4315 protexit
549 4243 581 4296 et
604 4232 746 4315 adiuvit.
793 4227 974 4315 Gregorius
997 4229 1067 4294 Vll
1099 4239 1209 4294 tamen
1232 4241 1402 4314 quantum
