2932 4836
313 493 367 548 310
469 493 542 548 XVI.
581 493 685 548 Censeo
703 493 821 549 celebres
840 500 868 547 et
887 494 1042 549 Decretales
1062 495 1282 550 Pseudo-Isidori.

315 638 403 700 enim
428 635 519 701 aliud
543 645 594 700 est
624 637 712 722 quod
737 639 960 722 inpraesenti
985 640 1116 722 negotio
1149 641 1281 724 penitus
1305 639 1415 705 deliniri

315 735 481 819 possit.“¹)

284 848 294 876 ¹
408 833 479 896 105.
512 832 567 896 Ex
591 832 653 896 hac
678 834 779 918 igitur
800 833 939 921 epistola
963 855 1039 898 cum
1063 833 1179 898 litteris
1201 837 1418 921 posterioribus

254 907 273 936 θ’
315 940 514 1015 comparata,
541 930 581 993 de
605 930 741 1014 Regnon
767 953 861 995 suam
886 933 1083 996 sententiam
1107 931 1241 1017 probat,
1268 932 1417 998 Collectic·

315 1049 389 1092 nem
415 1026 571 1092 videlicet
594 1027 711 1092 Isidori
742 1028 841 1093 talem
866 1029 1031 1092 inflexum
1062 1033 1249 1095 exercuisse
1283 1032 1318 1095 in
1339 1031 1418 1095 Nico
1454 1037 1455 1088 l

313 1124 420 1206 laum,
454 1136 490 1189 ut
513 1127 645 1210 penitus
676 1129 866 1190 immutaret
897 1125 1119 1212 disciplinam.
1166 1128 1233 1194 Sed
1264 1131 1291 1192 si
1314 1139 1418 1192 abente
1454 1131 1455 1222 ζ

315 1224 543 1288 consideratur
575 1233 679 1288 status
707 1245 815 1287 rerum
852 1235 884 1288 et
907 1225 1077 1290 Pontificis
1110 1227 1264 1310 epistola,
1300 1227 1418 1312 patebit.
1454 1263 1455 1310 1

314 1332 545 1388 arnumentum
579 1320 660 1385 illud
694 1343 764 1385 esse
796 1320 917 1385 nullius
941 1321 1073 1386 valoris.
1119 1323 1196 1388 Jarn
1230 1324 1419 1388 animadver-
1454 1327 1455 1416 l

314 1421 431 1497 timus,
467 1419 509 1484 ab
542 1421 678 1505 antiquo
712 1429 859 1504 ternpore
892 1419 984 1484 haud
1007 1422 1144 1484 unicum
1177 1422 1279 1485 fuisse
1302 1421 1420 1486 modum

314 1517 435 1602 agendi
460 1519 493 1581 in
512 1518 651 1604 judiciis
675 1519 914 1602 episcoporum,
943 1519 989 1580 ita
1013 1527 1050 1580 ut
1073 1517 1170 1582 modo
1195 1519 1419 1605 metropolitani
1454 1531 1455 1612 l

315 1625 347 1678 ct
370 1616 488 1698 synodi
512 1615 733 1701 provinciales
758 1615 1040 1679 consentientibus
1064 1615 1283 1680 Pontificibus
1305 1619 1420 1702 negotia

313 1714 544 1792 terminarent,
579 1713 693 1792 mode,
728 1713 785 1776 ubi
818 1713 852 1776 id
877 1715 1097 1776 necessarium
1131 1713 1183 1777 vel
1216 1725 1420 1800 opportunum
1454 1747 1455 1816 p

314 1821 393 1890 erat,
419 1811 559 1875 Romani
576 1811 754 1875 Pontifices
779 1811 903 1875 directe
925 1812 1165 1874 intervenirent
1188 1822 1221 1874 et
1241 1814 1420 1875 sententiam
1454 1843 1455 1900 p

315 1909 520 1972 definitivam
546 1911 807 1993 pronuntiarent.
854 1909 1027 1988 Vidimus,
1052 1911 1151 1972 etiam
1176 1911 1209 1971 in
1236 1907 1421 1973 collectione
1454 1911 1455 1918 ’

314 2006 432 2071 Isidori
465 2008 574 2071 varias
604 2027 666 2070 nec
700 2009 785 2070 inter
819 2029 852 2070 se
877 2009 1112 2071 convenientes
1142 2005 1272 2092 regulas
1304 2007 1343 2071 de
1365 2008 1422 2070 istis

314 2106 454 2188 negotiis
478 2107 627 2189 proponi.
675 2105 746 2169 Irno
771 2104 827 2169 illa
851 2126 981 2192 quoque
1006 2126 1131 2184 norma,
1157 2127 1257 2190 quam
1282 2105 1422 2169 Nicolaus

314 2205 348 2266 in
382 2201 520 2287 epistola
551 2204 650 2268 citata
684 2206 849 2289 sequitur,
884 2201 1041 2266 videlicet
1073 2225 1093 2266 a
1121 2203 1370 2288 metropolitano
1398 2219 1422 2264 et

314 2299 489 2364 duodecim
523 2303 686 2386 episcopis
711 2301 879 2387 judicium
911 2322 981 2364 esse
1005 2300 1263 2384 instituendum,
1298 2301 1423 2365 habetur

314 2400 348 2462 in
373 2396 573 2462 Collectione
597 2398 734 2478 Isidori,
766 2398 893 2463 scilicet
922 2401 956 2462 in
981 2398 1122 2462 Actibus
1152 2398 1352 2484 apocryphis
1374 2397 1422 2460 Sil·

313 2499 414 2561 vestri
440 2498 511 2582 jam
543 2505 641 2561 antea
671 2499 775 2578 notis,
809 2507 841 2560 et
871 2499 906 2561 in
938 2495 1076 2582 epistola
1106 2497 1214 2582 prima
1243 2497 1365 2581 Pelagii
1388 2495 1421 2558 ΙΙ.

314 2593 414 2658 Porro
439 2593 596 2658 Nicolaus
619 2617 656 2658 eo
681 2596 714 2658 in
740 2617 818 2658 casu
843 2595 959 2658 merito
984 2593 1030 2658 illi
1054 2592 1188 2679 regulae
1212 2596 1350 2676 insistit,
1374 2615 1422 2657 nec

314 2694 551 2756 convenienter·
574 2692 639 2756 alia
664 2693 807 2758 scribere
832 2694 949 2778 potuit.

405 2789 478 2854 106.
509 2790 642 2854 Etenim
667 2789 878 2854 recolendum
904 2799 968 2870 est,
993 2791 1063 2874 jam
1090 2790 1357 2875 praedecessores
1378 2788 1422 2852 lli·

313 2887 407 2969 colai‚
433 2888 578 2951 Leonem
594 2887 642 2952 IV
659 2897 691 2951 et
706 2887 925 2952 Benedictum
943 2887 1003 2966 ΙΙΙ,
1020 2909 1096 2951 curn
1111 2887 1287 2952 Britonurn
1303 2885 1423 2972 regibus

313 2995 346 3049 ct
369 2985 576 3071 praesulibus
600 2986 641 3050 de
665 2988 735 3050 istis
760 2987 900 3070 negotiis
921 2997 1088 3067 tractasse,
1113 2995 1146 3049 et
1168 2987 1204 3049 in
1224 2985 1361 3070 epistola
1375 3007 1422 3047 suu

312 3084 486 3148 Nicolaum
512 3105 692 3168 provocare
716 3084 759 3148 ad
781 3084 1070 3170 praedecessorum
1095 3104 1229 3147 suorum
1249 3083 1371 3147 litteras
1392 3103 1423 3144 ac

312 3183 488 3263 mandata,
513 3180 748 3268 Salomonique
772 3203 952 3267 exponere,
982 3181 1062 3267 quid
1086 3182 1155 3245 Leo
1179 3180 1229 3244 IV
1252 3181 1422 3244 Nomenoio

311 3282 382 3363 regi
407 3278 625 3343 mandaverit.
663 3279 791 3342 Debuit
814 3280 915 3362 igitur
934 3279 1092 3343 Nicolaus
1115 3278 1297 3364 prudenter
1318 3277 1422 3340 iisdenr

313 3376 435 3461 regulis
462 3378 628 3459 insistere,
663 3377 762 3462 idque
786 3379 887 3440 etiam
912 3398 1010 3462 scopo
1035 3376 1159 3461 duplici
1185 3375 1256 3460 ejum
1280 3373 1422 3461 epistolae
1454 3359 1455 3414 i

312 3474 542 3540 conveniebat.
597 3475 845 3538 Providendum
882 3472 1040 3538 videlicet
1075 3485 1163 3553 erat,
1198 3480 1235 3535 ut
1269 3469 1423 3558 praesules

312 3573 531 3638 liberarentur
563 3571 605 3636 ab
637 3571 772 3636 arbitrio
801 3574 888 3658 regis
922 3584 955 3635 et
978 3572 1132 3657 judicum
1165 3571 1341 3652 laicorum,
1375 3569 1422 3652 qni
1454 3577 1455 3614 l

311 3693 368 3736 eos
391 3671 434 3734 ad
458 3670 638 3735 tribunalia
662 3670 844 3734 saecularia
868 3670 1026 3751 citabant,
1055 3667 1259 3734 damnabant
1282 3677 1315 3730 et
1337 3666 1421 3750 depo-

313 3768 453 3848 nebant,
485 3778 587 3853 utque
611 3767 708 3831 simul
742 3770 904 3832 connexio
929 3770 1158 3853 episcoporum
1187 3786 1263 3829 cum
1286 3763 1421 3848 legitimo

312 3889 425 3931 eorum
451 3866 714 3952 metropolitano,
740 3874 772 3928 ct
795 3865 955 3951 subjectio
979 3885 1092 3929 eorum
1117 3863 1178 3928 sub
1203 3864 1273 3948 ipso
1288 3863 1421 3925 restitue·

312 3975 435 4028 rentur.
471 3965 583 4028 Minus
598 3967 699 4048 igitur
719 3965 884 4046 intererat,
908 3985 946 4027 ea
963 3964 1135 4027 occasione
1150 3959 1322 4047 privilegia
1338 3957 1422 4023 Sedl-
1454 3949 1455 4028 l

311 4059 524 4146 Apostolicae
549 4083 681 4146 urgere,
714 4083 812 4147 quarn
838 4060 984 4125 debitam
1010 4060 1259 4145 metropolitano
1283 4075 1421 4120 reveren·
1454 4071 1455 4104 u

389 4275 411 4342 ²)
430 4273 528 4334 Lebbe,
547 4273 613 4330 Ooll.
633 4274 712 4328 Cone.
732 4273 762 4326 T.
781 4273 855 4326 Vlll.
876 4273 923 4328 col.
942 4275 1002 4326 509.
