2898 4836
324 507 359 558 ott
503 501 604 556 XVIII.
643 502 681 556 De
699 500 829 556 Remis
846 501 1023 556 Pontificibus
1042 501 1142 556 aeeonli
1162 501 1265 556 detinni.

325 667 441 710 versus
475 646 607 709 Initium
640 643 851 730 pontificatus
884 644 989 729 Sergii
1021 645 1116 730 111.¹)
1161 644 1216 709 Ab
1248 645 1309 709 boo
1331 645 1416 709 Ponti·

325 745 405 822 lice,
441 765 542 829 quum
578 743 719 806 Joannis
753 743 901 826 vigorem
936 765 975 806 ao
1011 742 1102 806 dotes
1137 745 1362 829 perspexisset.
1389 761 1415 804 nt

324 841 431 906 tarbis
457 841 627 904 Bononiae
655 841 735 903 ortis
764 839 967 918 mederetur,
1002 841 1099 904 Petro
1127 840 1227 926 bajus
1251 841 1333 905 sedis
1356 843 1416 926 epis-

326 961 407 1026 copo
432 939 586 1003 defuncto
611 936 666 1001 ille
689 947 820 1002 creatus
841 940 1079 1023 estepisoopus
1095 939 1321 1004 Bononiensis.
1350 939 1415 1002 lan·

326 1060 389 1124 qne
422 1039 457 1100 in
483 1057 520 1099 eo
547 1045 616 1098 eret
640 1047 676 1098 nt
700 1045 963 1116 consecraretur,
998 1036 1130 1122 quando
1153 1035 1247 1100 Gailo
1272 1036 1419 1121 archiepis·

326 1153 427 1220 copus
450 1134 715 1196 Ravennatensis
746 1132 844 1210 obiit,
878 1143 979 1218 atque
1002 1143 1082 1198 tnno
1107 1132 1215 1198 oleras
1238 1134 1295 1220 huj
1298 1153 1333 1198 ns
1354 1133 1398 1196 sed
1400 1135 1446 1238 is

326 1231 596 1317 metropolitanae
620 1231 785 1296 Joannem
816 1230 954 1316 elegit'
945 1253 980 1294 ιιι
1008 1155 1295 1317 arehiepiscopunl
1320 1187 1446 1295 Rauen-l

327 1341 506 1394 notensem
535 1329 586 1394 Ita
609 1331 711 1413 igitur
727 1330 850 1394 Iactum
865 1340 924 1409 est
948 1339 985 1392 ut
999 1329 1191 1394 ..loannesa
1208 1329 1421 1395 antecoenia

327 1428 571 1492 ltavennatensi
604 1427 845 1513 praeficeretur.
892 1427 962 1492 Neo
985 1450 1025 1491 ea
1049 1429 1083 1491 in
1108 1450 1142 1491 re
1167 1449 1311 1492 canones
1334 1427 1421 1490 iiolrti

326 1524 498 1607 videntum
523 1547 599 1588 narn
624 1527 684 1588 etei
699 1511 847 1590 loannes
863 1549 883 1590 a
898 1525 1013 1609 Sergio
1030 1537 1160 1589 oreatus
1173 1537 1260 1590 esset
1275 1527 1422 1612 episcopus

325 1623 555 1708 Bononiensis,
581 1637 791 1687 consecratus
815 1635 925 1686 tamon
951 1621 1098 1686 nondum
1124 1635 1203 1702 erat,
1229 1627 1277 1688 nti
1303 1623 1351 1687 vel
1373 1625 1423 1708 ipse

325 1721 553 1805 Luitprandus
584 1723 742 1806 agnoscit.
790 1719 966 1784 Caeterum
990 1721 1161 1786 Pontificio
1192 1731 1264 1786 erat
1286 1721 1447 1806 judiearet

325 1829 436 1882 utrum
460 1817 516 1883 illa
539 1818 725 1898 translatio,
758 1821 784 1882 si
810 1840 893 1905 quae
918 1817 1034 1900 fiebat,
1063 1818 1106 1882 ob
1130 1818 1255 1884 bonnm
1281 1818 1424 1884 Ecclesia·

326 1915 506 2002 expediret.
543 1915 607 1981 Per
630 1937 751 1980 novem
774 1917 843 1980 fere
866 1938 971 1980 annos
995 1915 1155 1981 ecclesiae
1177 1917 1424 2002 metropolitana

326 2015 572 2078 Ravennatensi
605 2015 756 2099 praefuit.
803 2013 933 2078 Mortuo
964 2025 1074 2078 autem
1105 2014 1267 2079 Landone
1291 2014 1426 2080 Pantilin

249 2129 265 2200 Ι·
326 2113 484 2194 Romano,
509 2113 657 2177 loannes
681 2114 715 2176 in
737 2112 807 2198 ejus
823 2133 1045 2176 successorem
1061 2111 1184 2175 electus
1198 2123 1258 2194 est,
1282 2111 1424 2177 communi

271 2217 276 2228 ’
327 2221 487 2297 qnantum
504 2209 637 2274 videtur
652 2231 828 2292 ‹eonsensu;
852 2209 979 2274 nullum
996 2211 1084 2274 enim
1101 2213 1281 2296 vestigium
1298 2211 1427 2274 occurrit

326 2307 454 2393 aliquos
482 2307 560 2372 huic
589 2307 741 2374 electioni
770 2331 804 2372 se
832 2310 1040 2393 opposuisse,
1074 2308 1127 2371 vel
1155 2307 1198 2372 ab
1222 2308 1337 2396 aliqua
1357 2324 1427 2394 parte

325 2406 449 2470 Romae
464 2405 628 2471 Joannem
652 2429 719 2472 non
743 2408 844 2471 fnisse
868 2406 1059 2492 agnitum.²)
1092 2405 1204 2470 Facile
1218 2406 1427 2471 concedamna

325 2503 533 2570 Theodoram
558 2505 694 2590 ejusque
716 2504 956 2590 amplissimam
971 2504 1130 2568 familiam
1146 2504 1279 2568 influxu
1292 2525 1352 2569 sno
1364 2501 1425 2588 qnid

326 2601 517 2684 contulisse,
551 2613 588 2666 nt
611 2604 757 2668 „loannes
787 2606 822 2667 in
851 2601 970 2667 Sedern
995 2601 1220 2688 Apostolioam
1253 2603 1426 2666 elevaretur.

326 2700 500 2765 Caeterum
525 2723 603 2764 vero
628 2701 698 2786 ipse
719 2713 789 2764 erat
805 2702 858 2764 vir
874 2701 998 2784 ingenii
1015 2699 1149 2766 dotibus
1163 2710 1196 2763 et
1210 2701 1318 2764 animi
1335 2698 1427 2762 roban

326 2798 495 2886 praeditus
517 2809 615 2885 atque
639 2799 681 2862 ad
705 2801 853 2884 regimen
878 2799 1079 2884 aptissimus,
1110 2798 1211 2885 idque
1234 2799 1380 2884 profecto
1400 2818 1427 2854 ιι

325 2897 611 2962 administratione
625 2897 786 2962 dioecesis
801 2897 1066 2962 Ravennatensis
1076 2897 1149 2982 jam
1164 2897 1349 2961 constabat
1384 2894 1428 2956 ln·

326 2995 497 3060 minabant
526 3007 635 3060 autern
665 2996 792 3058 civitati
817 2995 986 3058 Romanae
1011 3015 1131 3079 magna
1156 2993 1306 3079 pericula
1330 3015 1370 3056 ex
1390 2995 1429 3050 Sa·

325 3094 470 3176 recenis,
505 3095 561 3180 qui
592 3094 698 3177 magis
729 3094 901 3180 magisque
933 3091 1015 3156 Urbi
1048 3092 1375 3178 appropinquabant
1403 3108 1448 3186 ιιἶ

325 3193 508 3273 generatim
533 3201 635 3255 status
659 3211 767 3255 rerum
792 3189 944 3254 turbatus
959 3190 1042 3254 forte
1060 3189 1262 3253 desiderium
1279 3188 1429 3252 excitant.
1447 3215 1448 3220 ¹

328 3301 362 3354 nt
385 3291 539 3354 Pontifex
573 3290 705 3376 ingenio
730 3299 762 3353 et
785 3288 963 3374 prudentia
986 3285 1112 3374 pollens
1137 3297 1316 3353 crearetur.
1363 3283 1428 3348 Hinc

325 3389 425 3452 etiam
444 3388 536 3473 justa
557 3409 657 3452 eausa
675 3385 782 3451 videri
796 3395 926 3472 poterat
940 3385 1066 3466 adesse,
1090 3395 1127 3452 ut
1141 3384 1302 3469 neglectis
1319 3387 1430 3448 soleae

326 3485 523 3570 disciplinae
546 3484 668 3568 regulis
688 3507 708 3548 a
724 3484 802 3548 sede
817 3484 1062 3549 Ravennatensi
1079 3485 1112 3547 in
1129 3481 1249 3548 Sedena
1266 3483 1429 3546 Βοιιιιιιιιι

325 3583 473 3648 Joannes
501 3583 749 3662 transferretur,
784 3602 886 3668 quum
910 3581 1057 3647 Joannes
1081 3581 1132 3645 IX
1156 3582 1227 3666 jam
1252 3581 1448 3646 admisisa=t;

358 3755 373 3762 ο-
391 3755 458 3760 ———--
467 3755 490 3760 ⁴—
501 3753 536 3762 «ιι-

400 3851 421 3918 ¹)
441 3849 519 3918 Apud
538 3849 619 3902 Gams
640 3847 727 3902 Serta
748 3849 947 3916 lipr'soonorom
972 3847 1006 3902 ad
1031 3863 1056 3904 a.
1076 3847 1127 3900 891
1146 3845 1285 3902 Bononiae
1312 3843 1429 3900 invenio·

325 3933 440 3986 Severus
458 3927 644 3983 schismaticus
663 3927 792 3983 intrusus.
822 3960 854 3966 —
882 3925 968 3981 Balan
988 3925 1082 3981 turbae
1100 3933 1208 3980 exortas
1227 3925 1296 3980 dicit
1315 3923 1432 3980 oooaalv'·

326 4009 526 4064 controversiae
544 4009 576 4062 de
594 4005 810 4062 ordinationibus
830 4007 958 4061 Formosi.

399 4101 419 4158 ²)
439 4097 603 4154 Flodoardns
621 4097 731 4152 scribit:

486 4197 622 4262 „Rexerat
642 4194 688 4248 ille
706 4195 898 4250 Βιιιιιιιιιιιιιι
917 4193 1097 4248 moderamine
1116 4190 1227 4260 plebem,

486 4275 554 4329 Inde
570 4283 674 4342 petant
693 4274 726 4326 ad
745 4274 816 4328 hano
834 4273 983 4331 Romanam
1002 4271 1115 4340 percolit
1133 4275 1246 4328 aroem“
