2898 4836
364 485 556 540 Accrrsatioaes
575 485 771 553 expenduntur.
1095 486 1126 535 61

34 633 123 716 Ιοᾳιιί;
144 631 228 696 dieta
251 651 365 694 eorum
388 648 485 714 aegre
501 649 576 693 cum
593 627 649 692 tali
667 646 796 694 morum
811 627 1025 692 dissolutione
1042 649 1127 690 com·

35 739 215 814 ponerentur.
238 765 282 776 -
305 729 513 813 Argumenta
544 727 677 813 quidem
713 725 794 792 haec
819 747 903 811 quac
926 723 1126 809 Luitprundi

31 829 208 892 accusationi
230 835 456 912 opponuntur,
489 827 609 911 partim
634 826 790 908 negativa
814 832 904 904 sunt,
936 823 1055 906 partim
1080 843 1129 884 ra·

33 923 153 988 tionibus
183 934 353 1006 constant,
386 923 508 1010 quibus
541 922 666 986 directa
690 921 924 987 demonstratio
950 927 1038 982 certa
1062 939 1129 983 uon

32 1023 188 1086 conficitur.
234 1023 391 1086 Attamen
422 1020 520 1086 simul
550 1030 682 1105 sumpta
711 1021 779 1084 vim
804 1039 897 1084 suam
922 1016 1063 1092 habent,
1097 1027 1130 1080 et

30 1123 74 1206 qui
100 1143 199 1206 aequa
228 1120 323 1184 lance
355 1141 394 1183 ea
417 1119 668 1204 ponderaverit,
700 1118 815 1202 Sergio
838 1113 991 1180 Pontifici
1017 1116 1129 1176 imme·

30 1223 77 1282 rito
98 1219 245 1284 adulterii
270 1217 419 1302 sacrilegi
444 1227 557 1281 notam
581 1219 725 1280 inustam
749 1237 836 1295 esse,
861 1213 895 1276 ni
919 1212 1028 1294 sallor,
1054 1233 1128 1274 con-

29 1319 127 1380 reniet.
135 1317 159 1400 ¹)

98 1469 147 1533 49.
180 1466 246 1532 Sed
277 1467 451 1530 veniamus
475 1465 572 1532 modo
596 1465 637 1528 ad
664 1465 893 1550 pontificatum
916 1463 1057 1529 Joanuis
1081 1462 1124 1529 X.
1156 1469 1276 1510 =¹⁰²=uis¹

28 1566 69 1649 qui
101 1565 140 1628 ab
176 1587 265 1630 auno
296 1565 361 1628 titt
399 1586 502 1650 usque
541 1565 585 1628 ad
619 1587 648 1628 a.
679 1561 744 1628 928
776 1563 944 1626 Ecclesiae
973 1543 1159 1648 praefuit,p

28 1685 110 1747 esque
141 1665 319 1728 afferamus
352 1683 436 1748 quae
469 1683 511 1724 ex
542 1660 749 1725 documentis
780 1660 980 1745 colliguntur
1010 1684 1049 1724 uc
1073 1683 1127 1724 uo-

27 1763 85 1824 stris
120 1760 237 1826 diebus
277 1761 312 1824 in
350 1759 478 1824 clariori
517 1758 592 1824 luce
629 1761 736 1843 posita
774 1760 895 1840 sunt.²)
956 1758 1128 1826 Oriundus

26 1871 80 1920 erat
99 1857 244 1923 Joannes
268 1857 302 1922 X
330 1879 372 1920 ex
395 1857 592 1922 Tossiniauo
620 1855 709 1942 quod
737 1867 787 1922 est
814 1857 974 1922 dioecesis
1001 1856 1127 1924 Imolac

24 1955 174 2040 oppidum.
222 1955 394 2020 Diaconus
424 1955 487 2018 fuit
510 1953 669 2018 ecclesiae
692 1955 926 2036 Bononiensis,
959 1979 1127 2042 quumque

27 2053 50 2114 in
76 2053 131 2118 hac
161 2054 305 2118 ecclesia
334 2053 451 2118 turbae
482 2053 523 2118 de
555 2055 747 2138 episcopatu
778 2075 845 2118 uon
876 2053 1059 2118 mediocres
1083 2079 1133 2118 ea·

24 2163 94 2230 scat,
122 2174 141 2216 a
173 2150 383 2236 metropolita
407 2151 654 2216 Ravennateusi
679 2149 816 2215 Cailone
849 2155 968 2218 missus
999 2163 1049 2216 est
1072 2151 1130 2217 Jo-

24 2271 107 2313 aunes
144 2251 248 2314 veluti
286 2259 480 2334 procurator
508 2249 647 2312 Romam
688 2248 730 2312 ad
759 2248 878 2312 Sedem
917 2249 1131 2336 apostolicam

82 2517 98 2559 ἰ
117 2515 266 2576 llurstori,
292 2511 393 2568 Annali
411 2514 446 2566 ad
464 2529 488 2565 a.
508 2513 575 2571 911,
601 2512 758 2567 testimonia
777 2515 907 2580 quaedam
926 2516 1008 2578 citat,
1035 2517 1132 2583 quibus

19 2603 95 2650 censet
110 2597 214 2652 diserte
226 2597 361 2651 Joannem
375 2595 414 2648 XI
434 2593 546 2648 indicari
565 2601 598 2646 ut
610 2593 727 2648 Alberici
740 2595 833 2649 filium.
862 2593 950 2650 Affert
961 2601 1132 2662 anonymum

20 2673 204 2732 Sakrnitnnm
224 2675 271 2744 qni
290 2675 319 2728 in
337 2689 386 2728 suo
405 2673 536 2728 Chronico
555 2689 576 2726 e.
596 2675 648 2728 166
667 2674 775 2729 scribit:
806 2675 861 2740 ,Eo
880 2681 998 2744 ternpore
1017 2685 1130 2731 sauctae

21 2751 137 2812 Romanae
155 2755 220 2812 Sedi
246 2760 372 2824 praeerat
390 2769 462 2823 papa
478 2754 629 2820 Jobaunes,
655 2754 726 2808 lilius
745 2755 850 2810 cuidam
869 2756 1012 2810 Alberici.“
1037 2757 1130 2824 (Perta

20 2831 85 2892 llG.
97 2837 138 2890 SS.
153 2836 207 2890 ΠΙ.
223 2853 248 2904 p.
264 2837 339 2901 553).
370 2835 421 2890 Sed
440 2841 534 2890 auctor
553 2834 696 2889 manifeste
717 2834 754 2890 ibi
773 2835 923 2890 Jobannem
943 2837 997 2890 ΧΠ
1016 2837 1130 2895 indicat.

19 2911 54 2975 qui
78 2914 128 2969 tuit
156 2915 230 2969 filius
250 2915 368 2968 Alberici
387 2915 430 2982 Π;
459 2929 489 2968 eo
517 2914 574 2968 loco
602 2915 673 2969 enim
701 2915 762 2982 agit
788 2915 821 2970 de
846 2917 988 2971 eventibus
1013 2917 1058 2984 qui
1079 2917 1127 2970 sub

17 2991 123 3051 lobanne
141 2997 200 3051 XII
217 2996 306 3050 locum
325 2995 450 3050 habuere.
465 3027 496 3034 -
511 2995 588 3049 citat
607 2995 773 3049 lluratorius
791 2995 875 3050 etiam
893 2997 1010 3053 Leonem
1023 2998 1131 3051 Ostien-

20 3087 75 3138 suo,
101 3076 147 3142 qui
175 3076 288 3144 scripsit
315 3077 427 3130 ineunte
451 3075 558 3130 saeculo
582 3075 745 3130 duodecimo.
782 3075 810 3129 Is
829 3077 857 3130 in
877 3077 1008 3133 Chronico
1027 3079 1128 3132 Montis

18 3153 94 3210 (mini
111 3156 177 3212 u.1
211 3173 233 3214 o.
256 3157 291 3210 61
319 3156 384 3210 haec
409 3155 505 3210 habet:
544 3155 636 3222 „Tunc
663 3156 791 3224 temporis
817 3155 944 3212 defuncto
972 3159 1127 3225 supradicto

18 3235 122 3302 Agapito
140 3253 214 3305 papa
231 3237 364 3302 secundo,
391 3237 511 3292 Joaunes
534 3236 689 3290 undecimus
708 3236 818 3290 natione
839 3237 986 3302 Romanus,
1012 3238 1131 3292 Alberici

18 3311 182 3372 Romanorum
216 3316 335 3370 consulis
363 3315 453 3380 tilius,
477 3316 518 3370 illi
544 3315 574 3370 in
601 3315 761 3383 pontificatu
789 3317 932 3372 succedit.“
965 3319 1010 3386 (bl.
1032 3321 1064 3373 ti.
1084 3317 1131 3372 SS.

19 3391 67 3449 l'll
84 3397 156 3466 623.)
195 3397 247 3452 Sed
273 3397 360 3451 locum
385 3397 541 3452 mendosum
559 3411 632 3462 csse,
658 3401 688 3450 et
705 3398 841 3450 scamina·
857 3398 970 3452 verbum
988 3398 1045 3451 loco
1065 3401 1132 3450 alsto-

20 3475 97 3529 verat
123 3477 282 3546 irrepsisse,
307 3477 365 3546 jam
392 3477 558 3532 conveniunt
585 3476 693 3532 cruditi.
731 3476 763 3530 Id
790 3475 852 3532 inde
877 3477 1030 3546 colligitur,
1060 3477 1129 3543 quod

16 3553 42 3606 dc
58 3558 167 3626 agapiti
187 3558 218 3614 11
241 3573 409 3622 successore,
437 3558 483 3626 qui
503 3557 558 3612 fuit
576 3557 698 3612 Joanues
717 3557 784 3622 ΧΠ,
813 3558 850 3612 ibi
869 3565 984 3626 agatur,
1008 3559 1130 3624 quodque

19 3637 124 3700 sperius
149 3641 184 3706 (a
205 3639 251 3708 54)
276 3638 334 3708 ipse
357 3643 452 3693 auctor
470 3637 622 3706 scripserit:
656 3637 833 3703 „Adelbertus
852 3638 933 3692 abbas
952 3637 1129 3706 (Casineusis)

19 3715 60 3768 fuit
82 3719 249 3786 temporibus
275 3719 406 3786 Stephani
431 3717 540 3786 septimi
565 3733 664 3786 papae,
693 3725 722 3771 et.
738 3717 852 3773 Joaunis
877 3735 962 3787 papae
987 3717 1131 3780 undecimi,

18 3796 53 3856 qui
79 3797 132 3852 tuit
163 3797 237 3852 filius
261 3799 350 3868 Sergii
379 3802 490 3868 pape-ef*
520 3827 554 3838 -
582 3801 695 3852 Secutus
723 3804 765 3852 est
789 3797 844 3852 Leo
869 3797 1000 3852 Ostiensis
1026 3797 1076 3850 bac
1101 3797 1128 3849 in

20 3889 40 3922 rc
55 3877 260 3945 Luitprandum.
281 3911 313 3920 -
334 3879 513 3934 ltlnratorium
531 3877 617 3932 secuti
636 3881 729 3932 textus
747 3878 807 3931 illos
826 3878 896 3932 varii
916 3893 1019 3945 quoque
1039 3883 1131 3930 aucto·

18 3969 52 4006 ns
74 3957 243 4024 attulerunt,
271 3959 313 4014 uti
339 3959 506 4028 Domberger
531 3957 572 4028 (B.
594 3957 641 4011 IV.
661 3957 781 4012 Kritikb.
802 3959 827 4013 S.
847 3959 921 4024 200),
949 3957 1135 4012 Robrbscber.

20 4031 145 4101 b'ontcrs,
175 4047 205 4093 et
232 4039 288 4093 atii.
325 4040 451 4094 Errorem
473 4040 530 4109 jam
556 4037 678 4092 advertit
703 4039 731 4092 C.
758 4039 799 4092 De
821 4039 926 4098 Smedt,
955 4037 1087 4091 Praelect.
1108 4053 1133 4091 a.

19 4117 184 4173 retr-1868
206 4121 342 4190 (Autem.)
361 4136 386 4187 p.
406 4123 466 4175 251.
487 4124 553 4174 note
573 4121 615 4174 13.

82 4199 103 4266 ⁹)
125 4197 223 4253 Vitam
247 4199 405 4254 Joanntsx
432 4199 542 4268 scripsit
568 4197 714 4255 Lircmui.
738 4199 876 4254 aimoini·
895 4199 933 4253 clo
956 4199 1133 4266 'l'ossc'pmoua

17 4273 144 4334 llsccrata
168 4280 252 4346 1859;
272 4296 341 4346 quae
359 4281 430 4336 hunc
448 4279 606 4335 Pontificem
624 4285 750 4348 spectant
769 4279 881 4347 egregie
900 4277 1058 4332 illustrarit.

986 4369 1025 4420 4*Ι

1162 1531 1299 1572 antiocaeni,
