<?xml version="1.0" encoding="UTF-8"?>
<!DOCTYPE html PUBLIC "-//W3C//DTD XHTML 1.0 Transitional//EN"
    "http://www.w3.org/TR/xhtml1/DTD/xhtml1-transitional.dtd">
<html xmlns="http://www.w3.org/1999/xhtml" xml:lang="en" lang="en">
 <head>
  <title>
</title>
<meta http-equiv="Content-Type" content="text/html;charset=utf-8" />
  <meta name='ocr-system' content='tesseract 3.04.00' />
  <meta name='ocr-capabilities' content='ocr_page ocr_carea ocr_par ocr_line ocrx_word'/>
</head>
<body>
  <div class='ocr_page' id='page_1' title='image "./dissertationess01junggoog_0491.png"; bbox 0 0 2904 4834; ppageno 0'>
   <div class='ocr_carea' id='block_1_1' title="bbox 314 494 1257 555">
    <p class='ocr_par' dir='ltr' id='par_1_1' title="bbox 314 494 1257 555">
     <span class='ocr_line' id='line_1_1' title="bbox 314 494 1257 555; baseline 0.007 -8"><span class='ocrx_word' id='word_1_1' title='bbox 314 496 349 548; x_wconf 82' lang='lat'><strong>20</strong></span> <span class='ocrx_word' id='word_1_2' title='bbox 493 494 595 548; x_wconf 70' lang='lat' dir='ltr'><strong>xvnr,</strong></span> <span class='ocrx_word' id='word_1_3' title='bbox 634 496 673 549; x_wconf 91' lang='lat' dir='ltr'><strong>De</strong></span> <span class='ocrx_word' id='word_1_4' title='bbox 692 497 819 550; x_wconf 85' lang='lat' dir='ltr'><strong>Romarris</strong></span> <span class='ocrx_word' id='word_1_5' title='bbox 837 497 1017 553; x_wconf 86' lang='lat' dir='ltr'><strong>Pontificibus</strong></span> <span class='ocrx_word' id='word_1_6' title='bbox 1036 499 1136 553; x_wconf 85' lang='lat' dir='ltr'><strong>saeculi</strong></span> <span class='ocrx_word' id='word_1_7' title='bbox 1155 499 1257 555; x_wconf 87' lang='lat' dir='ltr'><strong>decimi.</strong></span> 
     </span>
    </p>
   </div>
   <div class='ocr_carea' id='block_1_2' title="bbox 314 637 1415 1412">
    <p class='ocr_par' dir='ltr' id='par_1_2' title="bbox 314 637 1415 1412">
     <span class='ocr_line' id='line_1_2' title="bbox 315 637 1412 724; baseline 0.005 -24"><span class='ocrx_word' id='word_1_8' title='bbox 315 645 347 700; x_wconf 90' lang='lat' dir='ltr'><strong>et</strong></span> <span class='ocrx_word' id='word_1_9' title='bbox 377 637 433 702; x_wconf 89' lang='lat' dir='ltr'><strong>alii</strong></span> <span class='ocrx_word' id='word_1_10' title='bbox 465 637 600 724; x_wconf 87' lang='lat' dir='ltr'><strong>quidam</strong></span> <span class='ocrx_word' id='word_1_11' title='bbox 625 640 800 724; x_wconf 80' lang='lat' dir='ltr'><strong>scriptores</strong></span> <span class='ocrx_word' id='word_1_12' title='bbox 825 644 929 708; x_wconf 90' lang='lat' dir='ltr'><strong>secuti</strong></span> <span class='ocrx_word' id='word_1_13' title='bbox 954 652 1040 707; x_wconf 88' lang='lat' dir='ltr'><strong>aunt.</strong></span> <span class='ocrx_word' id='word_1_14' title='bbox 1087 642 1152 708; x_wconf 85' lang='lat' dir='ltr'><strong>Sed</strong></span> <span class='ocrx_word' id='word_1_15' title='bbox 1178 666 1212 706; x_wconf 92' lang='lat' dir='ltr'><strong>re</strong></span> <span class='ocrx_word' id='word_1_16' title='bbox 1236 645 1412 707; x_wconf 75' lang='lat' dir='ltr'><strong>examinata.</strong></span> 
     </span>
     <span class='ocr_line' id='line_1_3' title="bbox 314 737 1412 825; baseline 0.005 -27"><span class='ocrx_word' id='word_1_17' title='bbox 314 737 500 818; x_wconf 83' lang='lat' dir='ltr'><strong>gravissimi</strong></span> <span class='ocrx_word' id='word_1_18' title='bbox 533 739 634 800; x_wconf 82' lang='lat' dir='ltr'>nostri</span> <span class='ocrx_word' id='word_1_19' title='bbox 667 742 823 825; x_wconf 87' lang='lat' dir='ltr'><strong>temporis</strong></span> <span class='ocrx_word' id='word_1_20' title='bbox 847 751 998 806; x_wconf 82' lang='lat' dir='ltr'><strong>auctores</strong></span> <span class='ocrx_word' id='word_1_21' title='bbox 1021 750 1174 820; x_wconf 88' lang='lat' dir='ltr'><strong>censent,</strong></span> <span class='ocrx_word' id='word_1_22' title='bbox 1207 762 1336 805; x_wconf 86' lang='lat' dir='ltr'><strong>erronea</strong></span> <span class='ocrx_word' id='word_1_23' title='bbox 1357 765 1412 804; x_wconf 76' lang='lat' dir='ltr'><strong>csse</strong></span> 
     </span>
     <span class='ocr_line' id='line_1_4' title="bbox 315 833 1412 924; baseline 0.009 -29"><span class='ocrx_word' id='word_1_24' title='bbox 315 854 400 918; x_wconf 90' lang='lat' dir='ltr'><strong>quae</strong></span> <span class='ocrx_word' id='word_1_25' title='bbox 414 833 641 919; x_wconf 87' lang='lat' dir='ltr'><strong>Luitprandus</strong></span> <span class='ocrx_word' id='word_1_26' title='bbox 665 849 787 917; x_wconf 88' lang='lat' dir='ltr'><strong>narrat,</strong></span> <span class='ocrx_word' id='word_1_27' title='bbox 814 861 966 924; x_wconf 89' lang='lat' dir='ltr'><strong>eumque,</strong></span> <span class='ocrx_word' id='word_1_28' title='bbox 991 859 1076 923; x_wconf 89' lang='lat' dir='ltr'><strong>quae</strong></span> <span class='ocrx_word' id='word_1_29' title='bbox 1099 847 1212 922; x_wconf 87' lang='lat' dir='ltr'><strong>postea</strong></span> <span class='ocrx_word' id='word_1_30' title='bbox 1232 838 1412 904; x_wconf 84' lang='lat' dir='ltr'><strong>acciderunt.</strong></span> 
     </span>
     <span class='ocr_line' id='line_1_5' title="bbox 315 931 1411 1022; baseline 0.005 -28"><span class='ocrx_word' id='word_1_31' title='bbox 315 953 486 1017; x_wconf 80' lang='lat' dir='ltr'>perperam</span> <span class='ocrx_word' id='word_1_32' title='bbox 512 931 725 1000; x_wconf 86' lang='lat' dir='ltr'><strong>confundere.</strong></span> <span class='ocrx_word' id='word_1_33' title='bbox 755 935 947 1001; x_wconf 81' lang='lat' dir='ltr'><strong>Generatim</strong></span> <span class='ocrx_word' id='word_1_34' title='bbox 972 937 1110 1001; x_wconf 90' lang='lat' dir='ltr'><strong>enimin</strong></span> <span class='ocrx_word' id='word_1_35' title='bbox 1128 937 1169 1000; x_wconf 90' lang='lat' dir='ltr'><strong>iis</strong></span> <span class='ocrx_word' id='word_1_36' title='bbox 1184 957 1268 1022; x_wconf 88' lang='lat' dir='ltr'><strong>qnae</strong></span> <span class='ocrx_word' id='word_1_37' title='bbox 1283 935 1411 1022; x_wconf 81' lang='lat' dir='ltr'><strong>Sergium</strong></span> 
     </span>
     <span class='ocr_line' id='line_1_6' title="bbox 314 1030 1415 1118; baseline 0.005 -26"><span class='ocrx_word' id='word_1_38' title='bbox 314 1039 465 1113; x_wconf 89' lang='lat' dir='ltr'><strong>spectant</strong></span> <span class='ocrx_word' id='word_1_39' title='bbox 483 1030 712 1115; x_wconf 87' lang='lat' dir='ltr'><strong>Luitprandus</strong></span> <span class='ocrx_word' id='word_1_40' title='bbox 736 1033 855 1098; x_wconf 91' lang='lat' dir='ltr'><strong>multos</strong></span> <span class='ocrx_word' id='word_1_41' title='bbox 879 1035 1045 1099; x_wconf 92' lang='lat' dir='ltr'><strong>commisit</strong></span> <span class='ocrx_word' id='word_1_42' title='bbox 1068 1055 1203 1118; x_wconf 86' lang='lat' dir='ltr'><strong>errores,</strong></span> <span class='ocrx_word' id='word_1_43' title='bbox 1228 1037 1276 1098; x_wconf 90' lang='lat' dir='ltr'><strong>uti</strong></span> <span class='ocrx_word' id='word_1_44' title='bbox 1301 1037 1415 1100; x_wconf 82' lang='lat' dir='ltr'><strong>interius</strong></span> 
     </span>
     <span class='ocr_line' id='line_1_7' title="bbox 315 1125 1413 1218; baseline 0.01 -32"><span class='ocrx_word' id='word_1_45' title='bbox 315 1125 513 1190; x_wconf 76' lang='lat' dir='ltr'><strong>videbimus,</strong></span> <span class='ocrx_word' id='word_1_46' title='bbox 547 1126 676 1213; x_wconf 84' lang='lat' dir='ltr'><strong>Reliqui</strong></span> <span class='ocrx_word' id='word_1_47' title='bbox 701 1141 811 1196; x_wconf 89' lang='lat' dir='ltr'><strong>autem</strong></span> <span class='ocrx_word' id='word_1_48' title='bbox 836 1143 995 1209; x_wconf 81' lang='lat' dir='ltr'><strong>auctores,</strong></span> <span class='ocrx_word' id='word_1_49' title='bbox 1021 1133 1076 1218; x_wconf 90' lang='lat' dir='ltr'><strong>qui</strong></span> <span class='ocrx_word' id='word_1_50' title='bbox 1102 1132 1143 1196; x_wconf 93' lang='lat' dir='ltr'><strong>de</strong></span> <span class='ocrx_word' id='word_1_51' title='bbox 1160 1132 1317 1197; x_wconf 86' lang='lat' dir='ltr'><strong>Formosa</strong></span> <span class='ocrx_word' id='word_1_52' title='bbox 1334 1136 1413 1218; x_wconf 85' lang='lat' dir='ltr'><strong>scrip-</strong></span> 
     </span>
     <span class='ocr_line' id='line_1_8' title="bbox 315 1225 1413 1309; baseline 0.005 -22"><span class='ocrx_word' id='word_1_53' title='bbox 315 1234 437 1304; x_wconf 88' lang='lat' dir='ltr'><strong>serunt,</strong></span> <span class='ocrx_word' id='word_1_54' title='bbox 462 1225 503 1288; x_wconf 91' lang='lat' dir='ltr'><strong>de</strong></span> <span class='ocrx_word' id='word_1_55' title='bbox 527 1226 690 1309; x_wconf 90' lang='lat' dir='ltr'><strong>ejusmodi</strong></span> <span class='ocrx_word' id='word_1_56' title='bbox 714 1229 821 1295; x_wconf 89' lang='lat' dir='ltr'><strong>turbis</strong></span> <span class='ocrx_word' id='word_1_57' title='bbox 845 1233 879 1294; x_wconf 90' lang='lat' dir='ltr'><strong>in</strong></span> <span class='ocrx_word' id='word_1_58' title='bbox 904 1231 1063 1294; x_wconf 80' lang='lat' dir='ltr'><strong>electione</strong></span> <span class='ocrx_word' id='word_1_59' title='bbox 1083 1230 1110 1294; x_wconf 87' lang='lat' dir='ltr'>F</span> <span class='ocrx_word' id='word_1_60' title='bbox 1112 1233 1234 1294; x_wconf 89' lang='lat' dir='ltr'><strong>ormoai</strong></span> <span class='ocrx_word' id='word_1_61' title='bbox 1259 1231 1413 1295; x_wconf 81' lang='lat' dir='ltr'><strong>nihilruie·</strong></span> 
     </span>
     <span class='ocr_line' id='line_1_9' title="bbox 314 1322 1381 1412; baseline 0.007 -28"><span class='ocrx_word' id='word_1_62' title='bbox 314 1331 401 1401; x_wconf 88' lang='lat' dir='ltr'><strong>runt,</strong></span> <span class='ocrx_word' id='word_1_63' title='bbox 426 1322 491 1385; x_wconf 92' lang='lat' dir='ltr'><strong>imo</strong></span> <span class='ocrx_word' id='word_1_64' title='bbox 516 1325 707 1389; x_wconf 84' lang='lat' dir='ltr'><strong>unanimem</strong></span> <span class='ocrx_word' id='word_1_65' title='bbox 732 1328 803 1412; x_wconf 76' lang='lat' dir='ltr'><strong>ejus</strong></span> <span class='ocrx_word' id='word_1_66' title='bbox 827 1327 1020 1393; x_wconf 89' lang='lat' dir='ltr'><strong>electionem</strong></span> <span class='ocrx_word' id='word_1_67' title='bbox 1044 1328 1144 1391; x_wconf 88' lang='lat' dir='ltr'><strong>fuisse</strong></span> <span class='ocrx_word' id='word_1_68' title='bbox 1167 1327 1381 1412; x_wconf 80' lang='lat' dir='ltr'><strong>gloriantur.¹l</strong></span> 
     </span>
    </p>
   </div>
   <div class='ocr_carea' id='block_1_3' title="bbox 143 1420 1414 1524">
    <p class='ocr_par' dir='ltr' id='par_1_3' title="bbox 143 1420 1414 1524">
     <span class='ocr_line' id='line_1_10' title="bbox 143 1420 1414 1524; baseline 0.01 -47"><span class='ocrx_word' id='word_1_69' title='bbox 143 1421 295 1524; x_wconf 46' lang='lat' dir='ltr'><strong>ruamus</strong></span> <span class='ocrx_word' id='word_1_70' title='bbox 404 1421 457 1484; x_wconf 79' lang='lat'><strong>22.</strong></span> <span class='ocrx_word' id='word_1_71' title='bbox 493 1420 606 1484; x_wconf 84' lang='lat' dir='ltr'><strong>Facile</strong></span> <span class='ocrx_word' id='word_1_72' title='bbox 639 1433 749 1488; x_wconf 89' lang='lat' dir='ltr'><strong>tamen</strong></span> <span class='ocrx_word' id='word_1_73' title='bbox 773 1425 997 1508; x_wconf 84' lang='lat' dir='ltr'><strong>admitterem,</strong></span> <span class='ocrx_word' id='word_1_74' title='bbox 1030 1425 1109 1489; x_wconf 90' lang='lat' dir='ltr'><strong>lieet</strong></span> <span class='ocrx_word' id='word_1_75' title='bbox 1132 1435 1239 1490; x_wconf 87' lang='lat' dir='ltr'><strong>motus</strong></span> <span class='ocrx_word' id='word_1_76' title='bbox 1263 1428 1414 1491; x_wconf 76' lang='lat' dir='ltr'><strong>vehemen-</strong></span> 
     </span>
    </p>
   </div>
   <div class='ocr_carea' id='block_1_4' title="bbox 256 1519 1417 2490">
    <p class='ocr_par' dir='ltr' id='par_1_4' title="bbox 256 1519 1417 2490">
     <span class='ocr_line' id='line_1_11' title="bbox 313 1519 1414 1610; baseline 0.007 -31"><span class='ocrx_word' id='word_1_77' title='bbox 313 1519 413 1582; x_wconf 86' lang='lat' dir='ltr'><strong>tiores</strong></span> <span class='ocrx_word' id='word_1_78' title='bbox 437 1538 503 1582; x_wconf 92' lang='lat' dir='ltr'><strong>non</strong></span> <span class='ocrx_word' id='word_1_79' title='bbox 528 1521 634 1583; x_wconf 82' lang='lat' dir='ltr'><strong>exorti</strong></span> <span class='ocrx_word' id='word_1_80' title='bbox 658 1522 733 1604; x_wconf 85' lang='lat' dir='ltr'><strong>sint,</strong></span> <span class='ocrx_word' id='word_1_81' title='bbox 757 1522 903 1608; x_wconf 88' lang='lat' dir='ltr'><strong>aliquam</strong></span> <span class='ocrx_word' id='word_1_82' title='bbox 925 1524 1103 1588; x_wconf 87' lang='lat' dir='ltr'><strong>factionem</strong></span> <span class='ocrx_word' id='word_1_83' title='bbox 1120 1524 1196 1587; x_wconf 88' lang='lat' dir='ltr'><strong>cleri</strong></span> <span class='ocrx_word' id='word_1_84' title='bbox 1214 1535 1248 1587; x_wconf 89' lang='lat' dir='ltr'><strong>et</strong></span> <span class='ocrx_word' id='word_1_85' title='bbox 1263 1547 1414 1610; x_wconf 88' lang='lat' dir='ltr'><strong>procerum</strong></span> 
     </span>
     <span class='ocr_line' id='line_1_12' title="bbox 315 1615 1417 1706; baseline 0.005 -28"><span class='ocrx_word' id='word_1_86' title='bbox 315 1615 460 1679; x_wconf 90' lang='lat' dir='ltr'><strong>obfuisse</strong></span> <span class='ocrx_word' id='word_1_87' title='bbox 474 1617 633 1680; x_wconf 82' lang='lat' dir='ltr'><strong>Formoao</strong></span> <span class='ocrx_word' id='word_1_88' title='bbox 658 1619 794 1706; x_wconf 87' lang='lat' dir='ltr'><strong>ejusque</strong></span> <span class='ocrx_word' id='word_1_89' title='bbox 818 1620 982 1686; x_wconf 88' lang='lat' dir='ltr'><strong>electioni.</strong></span> <span class='ocrx_word' id='word_1_90' title='bbox 1025 1621 1065 1686; x_wconf 91' lang='lat' dir='ltr'><strong>Id</strong></span> <span class='ocrx_word' id='word_1_91' title='bbox 1089 1623 1177 1686; x_wconf 90' lang='lat' dir='ltr'><strong>enim</strong></span> <span class='ocrx_word' id='word_1_92' title='bbox 1202 1643 1244 1686; x_wconf 86' lang='lat' dir='ltr'><strong>ex</strong></span> <span class='ocrx_word' id='word_1_93' title='bbox 1261 1623 1417 1687; x_wconf 80' lang='lat' dir='ltr'><strong>eventibus</strong></span> 
     </span>
     <span class='ocr_line' id='line_1_13' title="bbox 316 1711 1414 1807; baseline 0.01 -34"><span class='ocrx_word' id='word_1_94' title='bbox 316 1714 417 1776; x_wconf 87' lang='lat' dir='ltr'><strong>variis</strong></span> <span class='ocrx_word' id='word_1_95' title='bbox 440 1711 529 1776; x_wconf 90' lang='lat' dir='ltr'><strong>illins</strong></span> <span class='ocrx_word' id='word_1_96' title='bbox 553 1719 709 1802; x_wconf 90' lang='lat' dir='ltr'><strong>temporis</strong></span> <span class='ocrx_word' id='word_1_97' title='bbox 733 1719 897 1806; x_wconf 82' lang='lat' dir='ltr'><strong>conjicere</strong></span> <span class='ocrx_word' id='word_1_98' title='bbox 921 1741 1104 1804; x_wconf 87' lang='lat' dir='ltr'><strong>possumus.</strong></span> <span class='ocrx_word' id='word_1_99' title='bbox 1153 1721 1268 1807; x_wconf 88' lang='lat' dir='ltr'><strong>Neque</strong></span> <span class='ocrx_word' id='word_1_100' title='bbox 1297 1723 1414 1786; x_wconf 92' lang='lat' dir='ltr'><strong>dubiun</strong></span> 
     </span>
     <span class='ocr_line' id='line_1_14' title="bbox 315 1811 1416 1900; baseline 0.01 -30"><span class='ocrx_word' id='word_1_101' title='bbox 315 1811 456 1891; x_wconf 87' lang='lat' dir='ltr'><strong>videtur,</strong></span> <span class='ocrx_word' id='word_1_102' title='bbox 471 1813 570 1876; x_wconf 88' lang='lat' dir='ltr'><strong>etiam</strong></span> <span class='ocrx_word' id='word_1_103' title='bbox 584 1811 746 1900; x_wconf 83' lang='lat' dir='ltr'><strong>Sergium,</strong></span> <span class='ocrx_word' id='word_1_104' title='bbox 761 1815 973 1882; x_wconf 85' lang='lat' dir='ltr'><strong>Cardinalem</strong></span> <span class='ocrx_word' id='word_1_105' title='bbox 988 1817 1165 1882; x_wconf 89' lang='lat' dir='ltr'><strong>diaconum</strong></span> <span class='ocrx_word' id='word_1_106' title='bbox 1183 1841 1225 1881; x_wconf 83' lang='lat' dir='ltr'><strong>ex</strong></span> <span class='ocrx_word' id='word_1_107' title='bbox 1243 1819 1364 1883; x_wconf 87' lang='lat' dir='ltr'><strong>familia</strong></span> <span class='ocrx_word' id='word_1_108' title='bbox 1376 1841 1416 1882; x_wconf 91' lang='lat' dir='ltr'><strong>no-</strong></span> 
     </span>
     <span class='ocr_line' id='line_1_15' title="bbox 313 1907 1416 1996; baseline 0.005 -25"><span class='ocrx_word' id='word_1_109' title='bbox 313 1907 474 1972; x_wconf 88' lang='lat' dir='ltr'><strong>bilissima</strong></span> <span class='ocrx_word' id='word_1_110' title='bbox 490 1912 648 1975; x_wconf 89' lang='lat' dir='ltr'><strong>comitum</strong></span> <span class='ocrx_word' id='word_1_111' title='bbox 663 1913 938 1996; x_wconf 85' lang='lat' dir='ltr'><strong>Tusculanorum,</strong></span> <span class='ocrx_word' id='word_1_112' title='bbox 956 1917 1114 1980; x_wconf 82' lang='lat' dir='ltr'><strong>Formoso</strong></span> <span class='ocrx_word' id='word_1_113' title='bbox 1130 1915 1309 1980; x_wconf 84' lang='lat' dir='ltr'><strong>adversum</strong></span> <span class='ocrx_word' id='word_1_114' title='bbox 1324 1918 1416 1980; x_wconf 75' lang='lat' dir='ltr'><strong>luisse.</strong></span> 
     </span>
     <span class='ocr_line' id='line_1_16' title="bbox 314 2005 1415 2090; baseline 0.004 -18"><span class='ocrx_word' id='word_1_115' title='bbox 314 2005 467 2090; x_wconf 86' lang='lat' dir='ltr'><strong>Sergium</strong></span> <span class='ocrx_word' id='word_1_116' title='bbox 498 2006 588 2072; x_wconf 90' lang='lat' dir='ltr'><strong>hunc</strong></span> <span class='ocrx_word' id='word_1_117' title='bbox 622 2009 700 2076; x_wconf 89' lang='lat' dir='ltr'><strong>dein</strong></span> <span class='ocrx_word' id='word_1_118' title='bbox 723 2013 901 2078; x_wconf 88' lang='lat' dir='ltr'><strong>Formosus</strong></span> <span class='ocrx_word' id='word_1_119' title='bbox 932 2014 1099 2078; x_wconf 91' lang='lat' dir='ltr'><strong>ordinavit</strong></span> <span class='ocrx_word' id='word_1_120' title='bbox 1131 2015 1274 2078; x_wconf 85' lang='lat' dir='ltr'><strong>invitum</strong></span> <span class='ocrx_word' id='word_1_121' title='bbox 1300 2025 1333 2078; x_wconf 90' lang='lat' dir='ltr'><strong>et</strong></span> <span class='ocrx_word' id='word_1_122' title='bbox 1352 2013 1415 2078; x_wconf 89' lang='lat' dir='ltr'><strong>relu-</strong></span> 
     </span>
     <span class='ocr_line' id='line_1_17' title="bbox 314 2107 1416 2198; baseline 0.007 -32"><span class='ocrx_word' id='word_1_123' title='bbox 314 2113 469 2184; x_wconf 87' lang='lat' dir='ltr'><strong>ctantem,</strong></span> <span class='ocrx_word' id='word_1_124' title='bbox 494 2107 542 2168; x_wconf 89' lang='lat' dir='ltr'><strong>uti</strong></span> <span class='ocrx_word' id='word_1_125' title='bbox 560 2107 629 2190; x_wconf 91' lang='lat' dir='ltr'><strong>ipse</strong></span> <span class='ocrx_word' id='word_1_126' title='bbox 645 2111 825 2196; x_wconf 76' lang='lat' dir='ltr'><strong>contendit,</strong></span> <span class='ocrx_word' id='word_1_127' title='bbox 841 2113 877 2175; x_wconf 90' lang='lat' dir='ltr'><strong>in</strong></span> <span class='ocrx_word' id='word_1_128' title='bbox 892 2113 1084 2197; x_wconf 86' lang='lat' dir='ltr'><strong>episcopum</strong></span> <span class='ocrx_word' id='word_1_129' title='bbox 1098 2109 1211 2190; x_wconf 84' lang='lat' dir='ltr'><strong>Cerae,</strong></span> <span class='ocrx_word' id='word_1_130' title='bbox 1229 2111 1416 2198; x_wconf 84' lang='lat' dir='ltr'><strong>Stephanum</strong></span> 
     </span>
     <span class='ocr_line' id='line_1_18' title="bbox 256 2201 1417 2296; baseline 0.009 -34"><span class='ocrx_word' id='word_1_131' title='bbox 256 2289 260 2296; x_wconf 25' lang='lat'>¹</span> <span class='ocrx_word' id='word_1_132' title='bbox 314 2223 392 2266; x_wconf 86' lang='lat' dir='ltr'><strong>vero</strong></span> <span class='ocrx_word' id='word_1_133' title='bbox 417 2201 521 2284; x_wconf 87' lang='lat' dir='ltr'><strong>illum,</strong></span> <span class='ocrx_word' id='word_1_134' title='bbox 547 2205 602 2289; x_wconf 93' lang='lat' dir='ltr'><strong>qui</strong></span> <span class='ocrx_word' id='word_1_135' title='bbox 627 2205 785 2272; x_wconf 85' lang='lat' dir='ltr'><strong>Formoso</strong></span> <span class='ocrx_word' id='word_1_136' title='bbox 810 2210 977 2291; x_wconf 85' lang='lat' dir='ltr'><strong>successit,</strong></span> <span class='ocrx_word' id='word_1_137' title='bbox 1002 2211 1037 2273; x_wconf 87' lang='lat' dir='ltr'><strong>in</strong></span> <span class='ocrx_word' id='word_1_138' title='bbox 1061 2211 1252 2294; x_wconf 88' lang='lat' dir='ltr'><strong>episcopum</strong></span> <span class='ocrx_word' id='word_1_139' title='bbox 1269 2211 1417 2275; x_wconf 86' lang='lat' dir='ltr'><strong>Ananicu·</strong></span> 
     </span>
     <span class='ocr_line' id='line_1_19' title="bbox 314 2299 1417 2392; baseline 0.004 -29"><span class='ocrx_word' id='word_1_140' title='bbox 314 2322 392 2364; x_wconf 85' lang='lat' dir='ltr'><strong>sem.</strong></span> <span class='ocrx_word' id='word_1_141' title='bbox 436 2299 545 2364; x_wconf 90' lang='lat' dir='ltr'><strong>Ambo</strong></span> <span class='ocrx_word' id='word_1_142' title='bbox 577 2312 687 2368; x_wconf 88' lang='lat' dir='ltr'><strong>autem</strong></span> <span class='ocrx_word' id='word_1_143' title='bbox 720 2315 833 2390; x_wconf 87' lang='lat' dir='ltr'><strong>postea</strong></span> <span class='ocrx_word' id='word_1_144' title='bbox 864 2309 1074 2392; x_wconf 89' lang='lat' dir='ltr'><strong>episcopatus</strong></span> <span class='ocrx_word' id='word_1_145' title='bbox 1103 2329 1179 2371; x_wconf 81' lang='lat' dir='ltr'><strong>arros</strong></span> <span class='ocrx_word' id='word_1_146' title='bbox 1210 2307 1417 2372; x_wconf 81' lang='lat' dir='ltr'><strong>deseruerunt.</strong></span> 
     </span>
     <span class='ocr_line' id='line_1_20' title="bbox 313 2397 1417 2490; baseline 0.007 -30"><span class='ocrx_word' id='word_1_147' title='bbox 313 2408 412 2484; x_wconf 91' lang='lat' dir='ltr'><strong>atque</strong></span> <span class='ocrx_word' id='word_1_148' title='bbox 436 2397 479 2462; x_wconf 90' lang='lat' dir='ltr'><strong>ad</strong></span> <span class='ocrx_word' id='word_1_149' title='bbox 504 2399 635 2464; x_wconf 87' lang='lat' dir='ltr'><strong>ordines</strong></span> <span class='ocrx_word' id='word_1_150' title='bbox 650 2423 725 2466; x_wconf 89' lang='lat' dir='ltr'><strong>suos</strong></span> <span class='ocrx_word' id='word_1_151' title='bbox 741 2405 866 2488; x_wconf 87' lang='lat' dir='ltr'><strong>priores</strong></span> <span class='ocrx_word' id='word_1_152' title='bbox 881 2404 1060 2486; x_wconf 89' lang='lat' dir='ltr'><strong>redierunt,</strong></span> <span class='ocrx_word' id='word_1_153' title='bbox 1086 2405 1338 2490; x_wconf 84' lang='lat' dir='ltr'><strong>proclamantes,</strong></span> <span class='ocrx_word' id='word_1_154' title='bbox 1358 2407 1417 2470; x_wconf 84' lang='lat' dir='ltr'><strong>For·</strong></span> 
     </span>
    </p>
   </div>
   <div class='ocr_carea' id='block_1_5' title="bbox 313 2599 1422 4352">
    <p class='ocr_par' dir='ltr' id='par_1_5' title="bbox 313 2599 1420 3072">
     <span class='ocr_line' id='line_1_21' title="bbox 313 2599 1419 2670; baseline -0.004 -13"><span class='ocrx_word' id='word_1_155' title='bbox 313 2603 512 2670; x_wconf 78' lang='lat' dir='ltr'><strong>Scripturarum</strong></span> <span class='ocrx_word' id='word_1_156' title='bbox 531 2609 560 2656; x_wconf 89' lang='lat' dir='ltr'><strong>at</strong></span> <span class='ocrx_word' id='word_1_157' title='bbox 577 2601 761 2655; x_wconf 81' lang='lat' dir='ltr'><strong>doctrinarum</strong></span> <span class='ocrx_word' id='word_1_158' title='bbox 779 2599 901 2662; x_wconf 79' lang='lat' dir='ltr'><strong>scicntia,</strong></span> <span class='ocrx_word' id='word_1_159' title='bbox 921 2601 1023 2668; x_wconf 87' lang='lat' dir='ltr'><strong>Papam</strong></span> <span class='ocrx_word' id='word_1_160' title='bbox 1041 2601 1093 2655; x_wconf 88' lang='lat' dir='ltr'><strong>sibi</strong></span> <span class='ocrx_word' id='word_1_161' title='bbox 1112 2603 1170 2656; x_wconf 86' lang='lat' dir='ltr'><strong>fleri</strong></span> <span class='ocrx_word' id='word_1_162' title='bbox 1184 2603 1342 2657; x_wconf 86' lang='lat' dir='ltr'><strong>anhelabat.</strong></span> <span class='ocrx_word' id='word_1_163' title='bbox 1366 2601 1419 2656; x_wconf 80' lang='lat' dir='ltr'><strong>Nm</strong></span> 
     </span>
     <span class='ocr_line' id='line_1_22' title="bbox 314 2680 1420 2749; baseline -0.005 -12"><span class='ocrx_word' id='word_1_164' title='bbox 314 2683 376 2737; x_wconf 90' lang='lat' dir='ltr'><strong>dum</strong></span> <span class='ocrx_word' id='word_1_165' title='bbox 401 2684 429 2737; x_wconf 88' lang='lat' dir='ltr'><strong>in</strong></span> <span class='ocrx_word' id='word_1_166' title='bbox 455 2699 485 2737; x_wconf 91' lang='lat' dir='ltr'><strong>eo</strong></span> <span class='ocrx_word' id='word_1_167' title='bbox 509 2688 594 2742; x_wconf 86' lang='lat' dir='ltr'><strong>esset,</strong></span> <span class='ocrx_word' id='word_1_168' title='bbox 619 2687 657 2735; x_wconf 64' lang='lat' dir='ltr'><strong>ut*</strong></span> <span class='ocrx_word' id='word_1_169' title='bbox 670 2680 781 2749; x_wconf 80' lang='lat' dir='ltr'><strong>Sergius</strong></span> <span class='ocrx_word' id='word_1_170' title='bbox 800 2681 989 2748; x_wconf 83' lang='lat' dir='ltr'><strong>Apostolorum</strong></span> <span class='ocrx_word' id='word_1_171' title='bbox 1007 2681 1134 2736; x_wconf 86' lang='lat' dir='ltr'><strong>Vicarina</strong></span> <span class='ocrx_word' id='word_1_172' title='bbox 1152 2683 1272 2736; x_wconf 86' lang='lat' dir='ltr'><strong>ordinari</strong></span> <span class='ocrx_word' id='word_1_173' title='bbox 1293 2683 1420 2738; x_wconf 68' lang='lat' dir='ltr'><strong>debmsscr.</strong></span> 
     </span>
     <span class='ocr_line' id='line_1_23' title="bbox 314 2759 1418 2830; baseline -0.006 -12"><span class='ocrx_word' id='word_1_174' title='bbox 314 2779 346 2818; x_wconf 86' lang='lat' dir='ltr'><strong>ca</strong></span> <span class='ocrx_word' id='word_1_175' title='bbox 371 2779 439 2830; x_wconf 89' lang='lat' dir='ltr'><strong>quae</strong></span> <span class='ocrx_word' id='word_1_176' title='bbox 458 2762 577 2817; x_wconf 85' lang='lat' dir='ltr'><strong>Formoai</strong></span> <span class='ocrx_word' id='word_1_177' title='bbox 602 2759 727 2830; x_wconf 89' lang='lat' dir='ltr'><strong>partibus</strong></span> <span class='ocrx_word' id='word_1_178' title='bbox 752 2760 864 2814; x_wconf 79' lang='lat' dir='ltr'><strong>favebat</strong></span> <span class='ocrx_word' id='word_1_179' title='bbox 891 2777 954 2828; x_wconf 85' lang='lat' dir='ltr'><strong>pars</strong></span> <span class='ocrx_word' id='word_1_180' title='bbox 973 2776 1033 2814; x_wconf 88' lang='lat' dir='ltr'><strong>cum</strong></span> <span class='ocrx_word' id='word_1_181' title='bbox 1051 2776 1104 2815; x_wconf 89' lang='lat' dir='ltr'><strong>nou</strong></span> <span class='ocrx_word' id='word_1_182' title='bbox 1123 2762 1249 2817; x_wconf 88' lang='lat' dir='ltr'><strong>mediocri</strong></span> <span class='ocrx_word' id='word_1_183' title='bbox 1269 2763 1384 2818; x_wconf 84' lang='lat' dir='ltr'><strong>tumultu</strong></span> <span class='ocrx_word' id='word_1_184' title='bbox 1400 2769 1418 2813; x_wconf 79' lang='lat' dir='ltr'><strong>rr</strong></span> 
     </span>
     <span class='ocr_line' id='line_1_24' title="bbox 313 2841 1420 2912; baseline -0.007 -14"><span class='ocrx_word' id='word_1_185' title='bbox 313 2844 415 2912; x_wconf 88' lang='lat' dir='ltr'><strong>injuria</strong></span> <span class='ocrx_word' id='word_1_186' title='bbox 441 2844 566 2912; x_wconf 83' lang='lat' dir='ltr'><strong>Sergium</strong></span> <span class='ocrx_word' id='word_1_187' title='bbox 594 2842 627 2895; x_wconf 90' lang='lat' dir='ltr'><strong>ab</strong></span> <span class='ocrx_word' id='word_1_188' title='bbox 655 2841 737 2895; x_wconf 88' lang='lat' dir='ltr'><strong>altari</strong></span> <span class='ocrx_word' id='word_1_189' title='bbox 766 2841 886 2908; x_wconf 86' lang='lat' dir='ltr'><strong>expulit,</strong></span> <span class='ocrx_word' id='word_1_190' title='bbox 914 2846 943 2894; x_wconf 90' lang='lat' dir='ltr'><strong>et</strong></span> <span class='ocrx_word' id='word_1_191' title='bbox 970 2841 1125 2895; x_wconf 83' lang='lat' dir='ltr'><strong>Formosum</strong></span> <span class='ocrx_word' id='word_1_192' title='bbox 1154 2841 1255 2910; x_wconf 86' lang='lat' dir='ltr'><strong>Papam</strong></span> <span class='ocrx_word' id='word_1_193' title='bbox 1285 2843 1420 2898; x_wconf 79' lang='lat' dir='ltr'><strong>constituit.</strong></span> 
     </span>
     <span class='ocr_line' id='line_1_25' title="bbox 315 2921 1420 2991; baseline -0.005 -14"><span class='ocrx_word' id='word_1_194' title='bbox 315 2924 511 2990; x_wconf 84' lang='lat' dir='ltr'><strong>Descenditquc</strong></span> <span class='ocrx_word' id='word_1_195' title='bbox 529 2922 640 2991; x_wconf 83' lang='lat' dir='ltr'><strong>Sergius</strong></span> <span class='ocrx_word' id='word_1_196' title='bbox 659 2921 687 2975; x_wconf 92' lang='lat' dir='ltr'><strong>iu</strong></span> <span class='ocrx_word' id='word_1_197' title='bbox 705 2921 838 2982; x_wconf 72' lang='lat' dir='ltr'><strong>insciam,</strong></span> <span class='ocrx_word' id='word_1_198' title='bbox 857 2929 992 2988; x_wconf 83' lang='lat' dir='ltr'><strong>quatenns</strong></span> <span class='ocrx_word' id='word_1_199' title='bbox 1008 2921 1147 2975; x_wconf 87' lang='lat' dir='ltr'><strong>Adelberti</strong></span> <span class='ocrx_word' id='word_1_200' title='bbox 1166 2925 1349 2989; x_wconf 82' lang='lat' dir='ltr'><strong>potentissimi</strong></span> <span class='ocrx_word' id='word_1_201' title='bbox 1366 2937 1420 2976; x_wconf 79' lang='lat' dir='ltr'><strong>urar·</strong></span> 
     </span>
     <span class='ocr_line' id='line_1_26' title="bbox 314 3001 1378 3072; baseline -0.006 -14"><span class='ocrx_word' id='word_1_202' title='bbox 314 3004 416 3058; x_wconf 88' lang='lat' dir='ltr'><strong>chionis</strong></span> <span class='ocrx_word' id='word_1_203' title='bbox 435 3003 537 3058; x_wconf 85' lang='lat' dir='ltr'><strong>anxilio</strong></span> <span class='ocrx_word' id='word_1_204' title='bbox 553 3003 711 3072; x_wconf 79' lang='lat' dir='ltr'><strong>juraretnr3</strong></span> <span class='ocrx_word' id='word_1_205' title='bbox 731 3001 800 3069; x_wconf 85' lang='lat' dir='ltr'><strong>quod</strong></span> <span class='ocrx_word' id='word_1_206' title='bbox 819 3008 847 3056; x_wconf 90' lang='lat' dir='ltr'><strong>et</strong></span> <span class='ocrx_word' id='word_1_207' title='bbox 866 3001 969 3054; x_wconf 83' lang='lat' dir='ltr'><strong>factum</strong></span> <span class='ocrx_word' id='word_1_208' title='bbox 987 3005 1054 3058; x_wconf 86' lang='lat' dir='ltr'><strong>est.“</strong></span> <span class='ocrx_word' id='word_1_209' title='bbox 1093 3003 1277 3069; x_wconf 79' lang='lat' dir='ltr'><strong>Antapodosis</strong></span> <span class='ocrx_word' id='word_1_210' title='bbox 1297 3005 1319 3059; x_wconf 94' lang='lat'><strong>1.</strong></span> <span class='ocrx_word' id='word_1_211' title='bbox 1340 3007 1378 3056; x_wconf 76' lang='lat'><strong>20.</strong></span> 
     </span>
    </p>

    <p class='ocr_par' dir='ltr' id='par_1_6' title="bbox 313 3082 1422 4352">
     <span class='ocr_line' id='line_1_27' title="bbox 388 3082 1420 3155; baseline -0.005 -16"><span class='ocrx_word' id='word_1_212' title='bbox 388 3086 407 3155; x_wconf 83' lang='lat'><strong>¹)</strong></span> <span class='ocrx_word' id='word_1_213' title='bbox 427 3086 530 3139; x_wconf 86' lang='lat' dir='ltr'><strong>Auctor</strong></span> <span class='ocrx_word' id='word_1_214' title='bbox 556 3083 711 3137; x_wconf 82' lang='lat' dir='ltr'><strong>Incertiooc</strong></span> <span class='ocrx_word' id='word_1_215' title='bbox 737 3083 767 3134; x_wconf 81' lang='lat' dir='ltr'><strong>in</strong></span> <span class='ocrx_word' id='word_1_216' title='bbox 794 3083 910 3136; x_wconf 85' lang='lat' dir='ltr'><strong>Romam</strong></span> <span class='ocrx_word' id='word_1_217' title='bbox 933 3097 987 3149; x_wconf 84' lang='lat' dir='ltr'><strong>pro</strong></span> <span class='ocrx_word' id='word_1_218' title='bbox 1014 3082 1145 3136; x_wconf 75' lang='lat' dir='ltr'><strong>Furorum</strong></span> <span class='ocrx_word' id='word_1_219' title='bbox 1172 3084 1216 3138; x_wconf 84' lang='lat' dir='ltr'><strong>l’..</strong></span> <span class='ocrx_word' id='word_1_220' title='bbox 1247 3085 1316 3139; x_wconf 88' lang='lat' dir='ltr'><strong>haee</strong></span> <span class='ocrx_word' id='word_1_221' title='bbox 1341 3084 1420 3137; x_wconf 73' lang='lat' dir='ltr'><strong>hatur</strong></span> 
     </span>
     <span class='ocr_line' id='line_1_28' title="bbox 316 3161 1419 3232; baseline -0.008 -11"><span class='ocrx_word' id='word_1_222' title='bbox 316 3165 469 3232; x_wconf 82' lang='lat' dir='ltr'><strong>,Stephano</strong></span> <span class='ocrx_word' id='word_1_223' title='bbox 493 3165 567 3232; x_wconf 84' lang='lat' dir='ltr'><strong>Papa</strong></span> <span class='ocrx_word' id='word_1_224' title='bbox 678 3163 749 3216; x_wconf 85' lang='lat' dir='ltr'><strong>uiam</strong></span> <span class='ocrx_word' id='word_1_225' title='bbox 778 3161 920 3215; x_wconf 85' lang='lat' dir='ltr'><strong>universae</strong></span> <span class='ocrx_word' id='word_1_226' title='bbox 948 3167 1038 3215; x_wconf 89' lang='lat' dir='ltr'><strong>terrae</strong></span> <span class='ocrx_word' id='word_1_227' title='bbox 1066 3161 1201 3229; x_wconf 82' lang='lat' dir='ltr'><strong>ingresso,</strong></span> <span class='ocrx_word' id='word_1_228' title='bbox 1230 3165 1346 3218; x_wconf 86' lang='lat' dir='ltr'><strong>adumati</strong></span> <span class='ocrx_word' id='word_1_229' title='bbox 1371 3175 1419 3216; x_wconf 74' lang='lat' dir='ltr'><strong>suut</strong></span> 
     </span>
     <span class='ocr_line' id='line_1_29' title="bbox 314 3241 1419 3313; baseline -0.005 -13"><span class='ocrx_word' id='word_1_230' title='bbox 314 3245 430 3313; x_wconf 87' lang='lat' dir='ltr'><strong>episcopi</strong></span> <span class='ocrx_word' id='word_1_231' title='bbox 456 3257 628 3312; x_wconf 87' lang='lat' dir='ltr'><strong>proceresque</strong></span> <span class='ocrx_word' id='word_1_232' title='bbox 654 3243 709 3306; x_wconf 88' lang='lat' dir='ltr'><strong>tui,</strong></span> <span class='ocrx_word' id='word_1_233' title='bbox 736 3241 826 3296; x_wconf 90' lang='lat' dir='ltr'><strong>clerici</strong></span> <span class='ocrx_word' id='word_1_234' title='bbox 852 3256 955 3308; x_wconf 87' lang='lat' dir='ltr'><strong>quoque</strong></span> <span class='ocrx_word' id='word_1_235' title='bbox 982 3247 1010 3294; x_wconf 89' lang='lat' dir='ltr'><strong>et</strong></span> <span class='ocrx_word' id='word_1_236' title='bbox 1032 3241 1160 3309; x_wconf 89' lang='lat' dir='ltr'><strong>populns,</strong></span> <span class='ocrx_word' id='word_1_237' title='bbox 1189 3254 1342 3311; x_wconf 85' lang='lat' dir='ltr'><strong>cunctaque</strong></span> <span class='ocrx_word' id='word_1_238' title='bbox 1359 3241 1419 3303; x_wconf 74' lang='lat' dir='ltr'><strong>uului</strong></span> 
     </span>
     <span class='ocr_line' id='line_1_30' title="bbox 314 3320 1420 3390; baseline -0.007 -10"><span class='ocrx_word' id='word_1_239' title='bbox 314 3341 422 3390; x_wconf 87' lang='lat' dir='ltr'><strong>manns,</strong></span> <span class='ocrx_word' id='word_1_240' title='bbox 449 3331 477 3378; x_wconf 91' lang='lat' dir='ltr'><strong>et</strong></span> <span class='ocrx_word' id='word_1_241' title='bbox 496 3331 630 3377; x_wconf 82' lang='lat' dir='ltr'><strong>venerumt</strong></span> <span class='ocrx_word' id='word_1_242' title='bbox 650 3323 677 3376; x_wconf 93' lang='lat' dir='ltr'><strong>in</strong></span> <span class='ocrx_word' id='word_1_243' title='bbox 696 3323 785 3376; x_wconf 89' lang='lat' dir='ltr'><strong>aedem</strong></span> <span class='ocrx_word' id='word_1_244' title='bbox 803 3322 981 3375; x_wconf 88' lang='lat' dir='ltr'><strong>Portuensem</strong></span> <span class='ocrx_word' id='word_1_245' title='bbox 1000 3320 1073 3375; x_wconf 83' lang='lat' dir='ltr'><strong>inira</strong></span> <span class='ocrx_word' id='word_1_246' title='bbox 1093 3321 1191 3376; x_wconf 87' lang='lat' dir='ltr'><strong>Urbem</strong></span> <span class='ocrx_word' id='word_1_247' title='bbox 1209 3323 1293 3378; x_wconf 83' lang='lat' dir='ltr'><strong>sitam</strong></span> <span class='ocrx_word' id='word_1_248' title='bbox 1313 3325 1353 3378; x_wconf 91' lang='lat' dir='ltr'><strong>cui</strong></span> <span class='ocrx_word' id='word_1_249' title='bbox 1371 3323 1420 3376; x_wconf 75' lang='lat' dir='ltr'><strong>Fur·</strong></span> 
     </span>
     <span class='ocr_line' id='line_1_31' title="bbox 313 3402 1422 3472; baseline -0.001 -12"><span class='ocrx_word' id='word_1_250' title='bbox 313 3420 402 3460; x_wconf 88' lang='lat' dir='ltr'><strong>mosus</strong></span> <span class='ocrx_word' id='word_1_251' title='bbox 426 3412 565 3472; x_wconf 82' lang='lat' dir='ltr'><strong>praeerat,</strong></span> <span class='ocrx_word' id='word_1_252' title='bbox 601 3417 697 3470; x_wconf 88' lang='lat' dir='ltr'><strong>papam</strong></span> <span class='ocrx_word' id='word_1_253' title='bbox 723 3417 783 3455; x_wconf 90' lang='lat' dir='ltr'><strong>curn</strong></span> <span class='ocrx_word' id='word_1_254' title='bbox 807 3417 939 3455; x_wconf 87' lang='lat' dir='ltr'><strong>summurn</strong></span> <span class='ocrx_word' id='word_1_255' title='bbox 966 3402 1119 3470; x_wconf 85' lang='lat' dir='ltr'><strong>pontificem</strong></span> <span class='ocrx_word' id='word_1_256' title='bbox 1144 3403 1337 3460; x_wconf 81' lang='lat' dir='ltr'><strong>adclamantes.</strong></span> <span class='ocrx_word' id='word_1_257' title='bbox 1377 3408 1422 3468; x_wconf 71' lang='lat' dir='ltr'><strong>Quo</strong></span> 
     </span>
     <span class='ocr_line' id='line_1_32' title="bbox 315 3482 1420 3551; baseline -0.005 -13"><span class='ocrx_word' id='word_1_258' title='bbox 315 3493 445 3541; x_wconf 86' lang='lat' dir='ltr'><strong>renuente</strong></span> <span class='ocrx_word' id='word_1_259' title='bbox 468 3491 497 3539; x_wconf 89' lang='lat' dir='ltr'><strong>et</strong></span> <span class='ocrx_word' id='word_1_260' title='bbox 522 3483 725 3538; x_wconf 87' lang='lat' dir='ltr'><strong>contradicente</strong></span> <span class='ocrx_word' id='word_1_261' title='bbox 751 3489 779 3536; x_wconf 86' lang='lat' dir='ltr'><strong>et</strong></span> <span class='ocrx_word' id='word_1_262' title='bbox 804 3483 838 3536; x_wconf 91' lang='lat' dir='ltr'><strong>ad</strong></span> <span class='ocrx_word' id='word_1_263' title='bbox 863 3482 950 3535; x_wconf 86' lang='lat' dir='ltr'><strong>altare</strong></span> <span class='ocrx_word' id='word_1_264' title='bbox 969 3497 997 3536; x_wconf 90' lang='lat' dir='ltr'><strong>se</strong></span> <span class='ocrx_word' id='word_1_265' title='bbox 1016 3483 1206 3551; x_wconf 84' lang='lat' dir='ltr'><strong>complicante,</strong></span> <span class='ocrx_word' id='word_1_266' title='bbox 1235 3499 1285 3550; x_wconf 91' lang='lat' dir='ltr'><strong>per</strong></span> <span class='ocrx_word' id='word_1_267' title='bbox 1303 3486 1357 3538; x_wconf 84' lang='lat' dir='ltr'><strong>rim</strong></span> <span class='ocrx_word' id='word_1_268' title='bbox 1373 3499 1420 3536; x_wconf 79' lang='lat' dir='ltr'><strong>curn</strong></span> 
     </span>
     <span class='ocr_line' id='line_1_33' title="bbox 314 3561 1421 3633; baseline -0.002 -13"><span class='ocrx_word' id='word_1_269' title='bbox 314 3582 373 3620; x_wconf 89' lang='lat' dir='ltr'><strong>cum</strong></span> <span class='ocrx_word' id='word_1_270' title='bbox 391 3566 465 3632; x_wconf 87' lang='lat' dir='ltr'><strong>palla</strong></span> <span class='ocrx_word' id='word_1_271' title='bbox 483 3581 536 3633; x_wconf 88' lang='lat' dir='ltr'><strong>qna</strong></span> <span class='ocrx_word' id='word_1_272' title='bbox 555 3564 643 3618; x_wconf 86' lang='lat' dir='ltr'><strong>altare</strong></span> <span class='ocrx_word' id='word_1_273' title='bbox 662 3568 785 3630; x_wconf 88' lang='lat' dir='ltr'><strong>opertum</strong></span> <span class='ocrx_word' id='word_1_274' title='bbox 805 3567 871 3627; x_wconf 86' lang='lat' dir='ltr'><strong>erat,</strong></span> <span class='ocrx_word' id='word_1_275' title='bbox 892 3563 989 3617; x_wconf 85' lang='lat' dir='ltr'><strong>exinde</strong></span> <span class='ocrx_word' id='word_1_276' title='bbox 1008 3561 1207 3625; x_wconf 83' lang='lat' dir='ltr'><strong>abstraxemnt,</strong></span> <span class='ocrx_word' id='word_1_277' title='bbox 1228 3569 1257 3618; x_wconf 91' lang='lat' dir='ltr'><strong>et</strong></span> <span class='ocrx_word' id='word_1_278' title='bbox 1268 3565 1421 3619; x_wconf 79' lang='lat' dir='ltr'><strong>abstractus</strong></span> 
     </span>
     <span class='ocr_line' id='line_1_34' title="bbox 314 3641 1421 3712; baseline -0.006 -12"><span class='ocrx_word' id='word_1_279' title='bbox 314 3663 373 3700; x_wconf 89' lang='lat' dir='ltr'><strong>cum</strong></span> <span class='ocrx_word' id='word_1_280' title='bbox 398 3644 521 3699; x_wconf 88' lang='lat' dir='ltr'><strong>laudibus</strong></span> <span class='ocrx_word' id='word_1_281' title='bbox 547 3651 575 3699; x_wconf 85' lang='lat' dir='ltr'><strong>et</strong></span> <span class='ocrx_word' id='word_1_282' title='bbox 599 3643 686 3696; x_wconf 88' lang='lat' dir='ltr'><strong>choris</strong></span> <span class='ocrx_word' id='word_1_283' title='bbox 710 3642 739 3696; x_wconf 91' lang='lat' dir='ltr'><strong>in</strong></span> <span class='ocrx_word' id='word_1_284' title='bbox 764 3643 826 3697; x_wconf 85' lang='lat' dir='ltr'><strong>sede</strong></span> <span class='ocrx_word' id='word_1_285' title='bbox 851 3641 923 3696; x_wconf 91' lang='lat' dir='ltr'><strong>beati</strong></span> <span class='ocrx_word' id='word_1_286' title='bbox 943 3642 1020 3696; x_wconf 83' lang='lat' dir='ltr'><strong>Petri</strong></span> <span class='ocrx_word' id='word_1_287' title='bbox 1039 3643 1228 3710; x_wconf 86' lang='lat' dir='ltr'><strong>Apostolorum</strong></span> <span class='ocrx_word' id='word_1_288' title='bbox 1248 3645 1375 3712; x_wconf 82' lang='lat' dir='ltr'><strong>principis</strong></span> <span class='ocrx_word' id='word_1_289' title='bbox 1391 3644 1421 3695; x_wconf 84' lang='lat' dir='ltr'><strong>iu·</strong></span> 
     </span>
     <span class='ocr_line' id='line_1_35' title="bbox 314 3723 1422 3787; baseline -0.005 -7"><span class='ocrx_word' id='word_1_290' title='bbox 314 3727 545 3780; x_wconf 85' lang='lat' dir='ltr'><strong>thronizaverunt.</strong></span> <span class='ocrx_word' id='word_1_291' title='bbox 580 3723 759 3787; x_wconf 68' lang='lat' dir='ltr'><strong>consensisti,</strong></span> <span class='ocrx_word' id='word_1_292' title='bbox 779 3738 794 3775; x_wconf 97' lang='lat' dir='ltr'><strong>o</strong></span> <span class='ocrx_word' id='word_1_293' title='bbox 814 3723 911 3780; x_wconf 88' lang='lat' dir='ltr'><strong>Roma,</strong></span> <span class='ocrx_word' id='word_1_294' title='bbox 931 3723 1055 3777; x_wconf 89' lang='lat' dir='ltr'><strong>electioni</strong></span> <span class='ocrx_word' id='word_1_295' title='bbox 1075 3723 1213 3778; x_wconf 82' lang='lat' dir='ltr'><strong>Formosi?</strong></span> <span class='ocrx_word' id='word_1_296' title='bbox 1252 3727 1309 3778; x_wconf 89' lang='lat' dir='ltr'><strong>Aut</strong></span> <span class='ocrx_word' id='word_1_297' title='bbox 1329 3725 1367 3780; x_wconf 80' lang='lat' dir='ltr'><strong>ai,</strong></span> <span class='ocrx_word' id='word_1_298' title='bbox 1384 3731 1422 3775; x_wconf 79' lang='lat' dir='ltr'><strong>aut</strong></span> 
     </span>
     <span class='ocr_line' id='line_1_36' title="bbox 313 3802 1419 3876; baseline -0.008 -16"><span class='ocrx_word' id='word_1_299' title='bbox 313 3823 394 3876; x_wconf 83' lang='lat' dir='ltr'><strong>nega.</strong></span> <span class='ocrx_word' id='word_1_300' title='bbox 432 3807 481 3860; x_wconf 89' lang='lat' dir='ltr'><strong>Sed</strong></span> <span class='ocrx_word' id='word_1_301' title='bbox 509 3821 609 3874; x_wconf 82' lang='lat' dir='ltr'><strong>negare</strong></span> <span class='ocrx_word' id='word_1_302' title='bbox 636 3820 688 3858; x_wconf 92' lang='lat' dir='ltr'><strong>nou</strong></span> <span class='ocrx_word' id='word_1_303' title='bbox 706 3809 790 3872; x_wconf 89' lang='lat' dir='ltr'><strong>potes.</strong></span> <span class='ocrx_word' id='word_1_304' title='bbox 828 3803 916 3871; x_wconf 88' lang='lat' dir='ltr'><strong>Hujus</strong></span> <span class='ocrx_word' id='word_1_305' title='bbox 936 3803 974 3857; x_wconf 91' lang='lat' dir='ltr'><strong>rei</strong></span> <span class='ocrx_word' id='word_1_306' title='bbox 994 3802 1073 3857; x_wconf 86' lang='lat' dir='ltr'><strong>testis</strong></span> <span class='ocrx_word' id='word_1_307' title='bbox 1091 3804 1233 3859; x_wconf 84' lang='lat' dir='ltr'><strong>universus</strong></span> <span class='ocrx_word' id='word_1_308' title='bbox 1252 3815 1296 3858; x_wconf 89' lang='lat' dir='ltr'><strong>est</strong></span> <span class='ocrx_word' id='word_1_309' title='bbox 1314 3805 1419 3859; x_wconf 72' lang='lat' dir='ltr'><strong>mundus.</strong></span> 
     </span>
     <span class='ocr_line' id='line_1_37' title="bbox 314 3882 1421 3950; baseline -0.005 -9"><span class='ocrx_word' id='word_1_310' title='bbox 314 3887 414 3942; x_wconf 82' lang='lat' dir='ltr'><strong>Misisti</strong></span> <span class='ocrx_word' id='word_1_311' title='bbox 440 3887 474 3940; x_wconf 89' lang='lat' dir='ltr'><strong>ad</strong></span> <span class='ocrx_word' id='word_1_312' title='bbox 493 3886 582 3940; x_wconf 89' lang='lat' dir='ltr'><strong>sedem</strong></span> <span class='ocrx_word' id='word_1_313' title='bbox 601 3885 791 3947; x_wconf 89' lang='lat' dir='ltr'><strong>Portuensem‚</strong></span> <span class='ocrx_word' id='word_1_314' title='bbox 819 3899 888 3950; x_wconf 87' lang='lat' dir='ltr'><strong>quae</strong></span> <span class='ocrx_word' id='word_1_315' title='bbox 906 3884 1023 3937; x_wconf 89' lang='lat' dir='ltr'><strong>secunda</strong></span> <span class='ocrx_word' id='word_1_316' title='bbox 1040 3882 1114 3936; x_wconf 83' lang='lat' dir='ltr'><strong>infra</strong></span> <span class='ocrx_word' id='word_1_317' title='bbox 1133 3900 1222 3939; x_wconf 89' lang='lat' dir='ltr'><strong>muros</strong></span> <span class='ocrx_word' id='word_1_318' title='bbox 1241 3891 1305 3940; x_wconf 85' lang='lat' dir='ltr'><strong>tuos</strong></span> <span class='ocrx_word' id='word_1_319' title='bbox 1323 3885 1355 3938; x_wconf 87' lang='lat' dir='ltr'><strong>ab</strong></span> <span class='ocrx_word' id='word_1_320' title='bbox 1372 3899 1421 3950; x_wconf 70' lang='lat' dir='ltr'><strong>upa</strong></span> 
     </span>
     <span class='ocr_line' id='line_1_38' title="bbox 314 3963 1419 4032; baseline -0.009 -12"><span class='ocrx_word' id='word_1_321' title='bbox 314 3967 409 4021; x_wconf 87' lang='lat' dir='ltr'><strong>stolics</strong></span> <span class='ocrx_word' id='word_1_322' title='bbox 422 3971 464 4021; x_wconf 88' lang='lat' dir='ltr'><strong>est</strong></span> <span class='ocrx_word' id='word_1_323' title='bbox 477 3966 559 4028; x_wconf 82' lang='lat' dir='ltr'><strong>sedes,</strong></span> <span class='ocrx_word' id='word_1_324' title='bbox 579 3969 673 4032; x_wconf 85' lang='lat' dir='ltr'><strong>petens</strong></span> <span class='ocrx_word' id='word_1_325' title='bbox 685 3964 850 4028; x_wconf 80' lang='lat' dir='ltr'><strong>Formosum,</strong></span> <span class='ocrx_word' id='word_1_326' title='bbox 869 3966 902 4016; x_wconf 88' lang='lat' dir='ltr'><strong>ut</strong></span> <span class='ocrx_word' id='word_1_327' title='bbox 914 3963 948 4016; x_wconf 88' lang='lat' dir='ltr'><strong>ab</strong></span> <span class='ocrx_word' id='word_1_328' title='bbox 961 3979 994 4018; x_wconf 90' lang='lat' dir='ltr'><strong>ea</strong></span> <span class='ocrx_word' id='word_1_329' title='bbox 1006 3963 1137 4031; x_wconf 82' lang='lat' dir='ltr'><strong>migraret</strong></span> <span class='ocrx_word' id='word_1_330' title='bbox 1150 3967 1178 4018; x_wconf 92' lang='lat' dir='ltr'><strong>et</strong></span> <span class='ocrx_word' id='word_1_331' title='bbox 1191 3964 1242 4018; x_wconf 87' lang='lat' dir='ltr'><strong>tibi</strong></span> <span class='ocrx_word' id='word_1_332' title='bbox 1256 3965 1419 4019; x_wconf 67' lang='lat' dir='ltr'><strong>antisfflaru.</strong></span> 
     </span>
     <span class='ocr_line' id='line_1_39' title="bbox 314 4041 1420 4112; baseline -0.003 -12"><span class='ocrx_word' id='word_1_333' title='bbox 314 4047 397 4112; x_wconf 84' lang='lat' dir='ltr'><strong>Quem</strong></span> <span class='ocrx_word' id='word_1_334' title='bbox 428 4045 581 4099; x_wconf 88' lang='lat' dir='ltr'><strong>obstantem</strong></span> <span class='ocrx_word' id='word_1_335' title='bbox 612 4051 640 4100; x_wconf 89' lang='lat' dir='ltr'><strong>et</strong></span> <span class='ocrx_word' id='word_1_336' title='bbox 665 4059 833 4111; x_wconf 82' lang='lat' dir='ltr'><strong>nequaquam</strong></span> <span class='ocrx_word' id='word_1_337' title='bbox 858 4043 990 4097; x_wconf 86' lang='lat' dir='ltr'><strong>invitatui</strong></span> <span class='ocrx_word' id='word_1_338' title='bbox 1015 4051 1062 4098; x_wconf 90' lang='lat' dir='ltr'><strong>tuo</strong></span> <span class='ocrx_word' id='word_1_339' title='bbox 1087 4043 1320 4110; x_wconf 82' lang='lat' dir='ltr'><strong>adquiescentem,</strong></span> <span class='ocrx_word' id='word_1_340' title='bbox 1350 4041 1420 4097; x_wconf 77' lang='lat' dir='ltr'><strong>rial·</strong></span> 
     </span>
     <span class='ocr_line' id='line_1_40' title="bbox 314 4120 1420 4193; baseline -0.007 -14"><span class='ocrx_word' id='word_1_341' title='bbox 314 4126 411 4179; x_wconf 89' lang='lat' dir='ltr'><strong>altaris</strong></span> <span class='ocrx_word' id='word_1_342' title='bbox 430 4125 573 4192; x_wconf 85' lang='lat' dir='ltr'><strong>crepidine,</strong></span> <span class='ocrx_word' id='word_1_343' title='bbox 593 4131 625 4178; x_wconf 89' lang='lat' dir='ltr'><strong>ut</strong></span> <span class='ocrx_word' id='word_1_344' title='bbox 640 4125 696 4193; x_wconf 88' lang='lat' dir='ltr'><strong>jam</strong></span> <span class='ocrx_word' id='word_1_345' title='bbox 712 4123 814 4178; x_wconf 88' lang='lat' dir='ltr'><strong>dictum</strong></span> <span class='ocrx_word' id='word_1_346' title='bbox 827 4128 876 4186; x_wconf 90' lang='lat' dir='ltr'><strong>eat,</strong></span> <span class='ocrx_word' id='word_1_347' title='bbox 896 4127 1045 4177; x_wconf 85' lang='lat' dir='ltr'><strong>retractum</strong></span> <span class='ocrx_word' id='word_1_348' title='bbox 1058 4129 1086 4178; x_wconf 91' lang='lat' dir='ltr'><strong>et</strong></span> <span class='ocrx_word' id='word_1_349' title='bbox 1099 4123 1222 4178; x_wconf 82' lang='lat' dir='ltr'><strong>avulsum</strong></span> <span class='ocrx_word' id='word_1_350' title='bbox 1236 4120 1420 4178; x_wconf 76' lang='lat' dir='ltr'><strong>inthronizasti.</strong></span> 
     </span>
     <span class='ocr_line' id='line_1_41' title="bbox 313 4202 1418 4272; baseline -0.002 -15"><span class='ocrx_word' id='word_1_351' title='bbox 313 4205 417 4268; x_wconf 83' lang='lat' dir='ltr'><strong>favisti,</strong></span> <span class='ocrx_word' id='word_1_352' title='bbox 437 4203 565 4268; x_wconf 84' lang='lat' dir='ltr'><strong>adorasti,</strong></span> <span class='ocrx_word' id='word_1_353' title='bbox 582 4203 691 4272; x_wconf 84' lang='lat' dir='ltr'><strong>jurasti,</strong></span> <span class='ocrx_word' id='word_1_354' title='bbox 711 4203 807 4270; x_wconf 88' lang='lat' dir='ltr'><strong>cuique</strong></span> <span class='ocrx_word' id='word_1_355' title='bbox 826 4202 973 4266; x_wconf 81' lang='lat' dir='ltr'><strong>benedixit,</strong></span> <span class='ocrx_word' id='word_1_356' title='bbox 992 4203 1162 4268; x_wconf 78' lang='lat' dir='ltr'><strong>benedixisti,</strong></span> <span class='ocrx_word' id='word_1_357' title='bbox 1182 4209 1212 4257; x_wconf 88' lang='lat' dir='ltr'><strong>et</strong></span> <span class='ocrx_word' id='word_1_358' title='bbox 1230 4205 1273 4258; x_wconf 90' lang='lat' dir='ltr'><strong>cui</strong></span> <span class='ocrx_word' id='word_1_359' title='bbox 1287 4202 1418 4258; x_wconf 78' lang='lat' dir='ltr'><strong>maledixit</strong></span> 
     </span>
     <span class='ocr_line' id='line_1_42' title="bbox 314 4283 1362 4352; baseline -0.006 -12"><span class='ocrx_word' id='word_1_360' title='bbox 314 4284 505 4340; x_wconf 84' lang='lat' dir='ltr'><strong>maledixisti.“</strong></span> <span class='ocrx_word' id='word_1_361' title='bbox 543 4286 593 4352; x_wconf 90' lang='lat' dir='ltr'><strong>Ap.</strong></span> <span class='ocrx_word' id='word_1_362' title='bbox 613 4283 764 4347; x_wconf 87' lang='lat' dir='ltr'><strong>Biancbiui‚</strong></span> <span class='ocrx_word' id='word_1_363' title='bbox 784 4285 910 4338; x_wconf 77' lang='lat' dir='ltr'><strong>Acastus.</strong></span> <span class='ocrx_word' id='word_1_364' title='bbox 929 4284 1058 4339; x_wconf 88' lang='lat' dir='ltr'><strong>Biblioth.</strong></span> <span class='ocrx_word' id='word_1_365' title='bbox 1077 4283 1150 4337; x_wconf 81' lang='lat' dir='ltr'><strong>Turn.</strong></span> <span class='ocrx_word' id='word_1_366' title='bbox 1170 4283 1217 4338; x_wconf 84' lang='lat' dir='ltr'><strong>IV.</strong></span> <span class='ocrx_word' id='word_1_367' title='bbox 1238 4300 1263 4352; x_wconf 86' lang='lat' dir='ltr'><strong>p.</strong></span> <span class='ocrx_word' id='word_1_368' title='bbox 1283 4283 1362 4338; x_wconf 78' lang='lat' dir='ltr'><strong>Lxx.</strong></span> 
     </span>
    </p>
   </div>
   <div class='ocr_carea' id='block_1_6' title="bbox 0 0 1456 4834">
    <p class='ocr_par' dir='ltr' id='par_1_7' title="bbox 0 0 1456 4834">
     <span class='ocr_line' id='line_1_43' title="bbox 0 0 1456 4834; baseline 0 0"><span class='ocrx_word' id='word_1_369' title='bbox 0 0 1456 4834; x_wconf 95' lang='lat' dir='ltr'><strong> </strong></span> 
     </span>
    </p>
   </div>
  </div>
 </body>
</html>
