2898 4836
323 479 358 531 84
502 479 605 534 XVIII.
635 483 675 538 De
694 484 822 540 Romanis
840 485 1015 541 Pontificibus
1033 485 1133 540 assedi
1152 485 1256 540 decimi.

324 621 461 686 inferius
486 647 516 689 n.
544 625 594 706 19,
620 647 721 711 quum
738 627 866 693 locutus
882 640 966 694 esset
990 629 1030 694 da
1046 630 1148 692 variis
1171 629 1263 692 vitiis
1286 637 1319 692 et
1339 647 1418 712 quae·

324 721 401 785 dam
422 720 596 806 allegasset
610 745 651 786 ex
668 723 818 806 Psalmis,
843 727 941 791 dicit:
970 725 1073 801 Qum
1094 748 1167 790 vcro
1181 728 1245 792 iota
1263 725 1303 790 de
1317 723 1417 788 liuline

323 820 388 882 ciat
406 824 546 906 propriu
577 821 629 886 illi
651 826 706 910 qui
725 825 868 910 plurimo
891 826 1088 911 praeeminet
1110 827 1314 904 auctoritate,
1345 821 1420 884 lector

317 919 463 1003 praedans
486 919 570 983 valet
592 921 773 1002 advertere;
796 923 901 1008 qualis
924 924 1096 1009 estatinae
1118 920 1184 1000 illc,
1208 922 1263 1007 qai
1285 943 1352 985 recu
1365 917 1420 1003 jor·

322 1017 408 1079 sitan
433 1017 561 1098 talium,
590 1019 792 1106 Apostolicae
824 1021 992 1108 diyaitatis
1015 1042 1168 1107 occupare
1191 1043 1255 1083 aaa
1268 1015 1420 1104 semidei.

322 1117 445 1200 etjam
467 1116 606 1200 conticit,
628 1119 841 1205 prolinefas!
865 1119 981 1185 editum
1004 1117 1114 1182 locam.
1138 1155 1181 1164 —-·
1206 1115 1292 1182 Cum
1317 1113 1421 1179 dubita-

322 1212 413 1275 tione
435 1211 547 1298 aliqua
571 1213 716 1300 loquitur
738 1215 887 1302 quidam
910 1225 1057 1281 attamen
1080 1237 1123 1280 ex
1137 1214 1293 1280 omnibus
1316 1213 1364 1278 his
1376 1209 1424 1275 col·

322 1307 444 1392 ligitur,
470 1310 593 1376 famam
618 1313 739 1378 malem
762 1315 863 1379 fuisso
887 1313 928 1379 de
952 1312 1092 1379 Joanuis
1116 1315 1185 1378 vita
1199 1311 1422 1398 parumdigna.

412 1409 465 1472 83.
501 1410 553 1473 De
576 1410 716 1476 loannis
740 1412 809 1477 XII
832 1411 979 1476 moribus
1003 1413 1150 1497 profanis
1173 1411 1321 1498 loquitur
1343 1411 1422 1473 etiau

152 1507 311 1610 {⁰⁰22th
322 1505 523 1571 Benedictus
548 1508 588 1573 de
620 1533 644 1574 s.
674 1509 810 1574 Andros
842 1512 877 1574 in
910 1533 969 1575 sno
994 1509 1169 1590 Chronico,
1204 1507 1295 1595 quod
1329 1527 1423 1570 versus

179 1595 185 1608 ⁵
322 1606 423 1668 linem
447 1604 546 1690 hujus
570 1608 692 1672 saeculi
718 1610 940 1693 conscriptum
965 1619 1023 1672 cst.
1063 1607 1122 1671 Ait
1146 1605 1320 1671 videlicet:
1352 1605 1425 1668 (leto-

323 1703 437 1768 biaaae
460 1706 494 1767 iu
525 1703 596 1768 sede
619 1708 820 1770 sanctisimo
843 1717 1003 1792 uesceptua
1028 1717 1073 1769 est
1096 1715 1126 1767 et
1147 1715 1276 1769 uocatus
1299 1705 1425 1768 Joeuua

322 1801 501 1865 duodecimi
529 1826 626 1888 pope.
674 1805 791 1867 Factae
823 1815 868 1867 cst
901 1813 965 1867 tem
997 1802 1136 1867 labe-icae
1164 1805 1215 1866 sai
1242 1803 1383 1889 corpoeis
1405 1809 1426 1857 el

322 1900 469 1977 audaces,
492 1911 643 1986 quantum
664 1925 744 1964 rcerrc
769 1900 863 1987 (non)
887 1903 921 1965 ia
944 1900 1071 1987 yeatilia
1080 1899 1202 1987 populo
1226 1899 1424 1982 solebatfim'

321 1997 469 2062 Habebat
500 1999 753 2062 cousuetudinem
787 2001 891 2085 sepius
920 1999 1071 2079 venandi,
1104 2021 1168 2062 aea
1209 2001 1305 2084 qnasi
1339 1997 1424 2082 Aper·

228 2173 231 2181 Ι
321 2095 443 2175 tolicus,
468 2097 523 2160 sed
538 2099 630 2184 acesi
652 2099 738 2161 liorao
755 2098 860 2184 ⁸ferite.
894 2099 977 2162 Erat
1000 2099 1081 2161 euim
1096 2099 1208 2183 coyitio
1225 2102 1294 2187 ejus
1316 2117 1424 2161 eanum.

318 2193 471 2279 diliyebet
494 2194 633 2259 collectio
657 2195 857 2274 feminarum,
883 2196 1016 2260 odibiles
1040 2195 1256 2272 ecclesiaram,
1293 2189 1427 2259 amabilis

312 2296 444 2381 jrweaes
468 2293 686 2379 ferocitantes.
743 2295 850 2358 Tanta
881 2294 1014 2379 deniquo
1047 2293 1182 2357 libidine
1213 2293 1267 2356 sui
1299 2289 1441 2383 corpori&

319 2393 457 2467 euertit,
497 2402 618 2475 ‹Juaata
657 2409 737 2455 uuae
772 2395 865 2474 (uon)
898 2415 1063 2478 possamus
1096 2393 1292 2473 caawercst)
1324 2427 1366 2437 -
1394 2385 1426 2450 ln

319 2488 459 2553 concilio
494 2490 593 2553 stiam
632 2511 718 2554 anno
757 2491 820 2554 991
858 2489 992 2554 Rhamis
1028 2491 1063 2553 in
1098 2487 1237 2552 basilica
1273 2513 1300 2553 s.
1328 2483 1423 2552 Basoli

319 2585 446 2664 habito,
481 2589 603 2673 inquo
636 2586 731 2672 plura
759 2589 946 2652 auctoritati
971 2587 1067 2654 Sedis
1096 2587 1268 2651 Romanae
1300 2585 1426 2650 adversa

319 2696 453 2770 peracta
465 2686 608 2766 fuorunt,
626 2685 819 2771 Arnulphus
833 2684 1082 2750 Aurelianensis
1092 2687 1269 2771 episcopus
1279 2682 1425 2750 invehens

319 2785 354 2847 in
379 2783 498 2848 sedem
522 2783 704 2847 Romanam
731 2784 828 2847 dicit:
869 2783 1010 2846 Vidimus
1033 2783 1213 2860 Jolaaaam
1242 2791 1427 2868 coyrwmcnto

324 2881 530 2945 Octauianum
550 2884 585 2944 ia
610 2881 774 2946 volutabro
800 2881 1005 2962 libitumst)
1049 2879 1179 2946 Similia
1204 2902 1333 2966 quoque
1353 2877 1426 2940 Her-

321 3001 461 3042 mannus
493 2977 689 3042 Contractus
718 2981 788 3065 (qui
825 2977 907 3042 obiit
936 3000 966 3042 a.
995 2977 1094 3063 1054)
1125 2981 1158 3042 in
1190 2999 1249 3042 suo
1277 2976 1426 3043 chronia

319 3075 429 3140 habet.
457 3115 497 3125 -
522 3075 608 3140 Satis
633 3079 733 3162 igitur·
748 3086 886 3158 constat,
910 3077 1076 3141 loannem
1100 3076 1169 3140 XII
1193 3074 1340 3140 habitum
1360 3071 1440 3134 ossei

320 3174 376 3238 illa
398 3185 504 3238 aetate
528 3185 565 3236 ut
588 3176 697 3237 virum
722 3175 867 3259 profanis
891 3173 1038 3238 moribus
1062 3172 1223 3238 deditum.
1261 3174 1426 3238 cenamus

319 3282 441 3354 tamon,
465 3272 587 3336 famam
612 3285 644 3336 ct
667 3271 866 3358 Luitpraudi
882 3271 1020 3336 dicteria
1044 3272 1108 3336 hac
1124 3274 1160 3336 iu
1183 3293 1219 3336 ro
1234 3271 1324 3336 vario
1338 3287 1422 3348 exag-

318 3391 462 3455 gerasse,
495 3369 641 3454 aliosque
674 3372 848 3456 scriptores
881 3372 1025 3456 potuisse
1050 3369 1170 3455 decipi,
1202 3391 1305 3456 quum
1327 3385 1422 3430 rerum

318 3478 417 3532 testes
446 3489 512 3532 non
537 3478 654 3532 essent.
679 3507 721 3516 -
746 3468 945 3552 Lugendum
971 3490 1049 3532 sano
1081 3469 1161 3549 fuit,
1185 3468 1343 3532 loannem
1359 3459 1421 3524 ΧΠ

320 3568 430 3630 minus
454 3566 592 3651 dignum
615 3569 715 3630 luisse
738 3567 944 3648 Pontificem,
969 3566 1052 3631 nihil
1076 3577 1187 3630 tamsn
1212 3589 1255 3630 ox
1279 3559 1422 3650 ejusmodi

319 3665 494 3729 eventibus
518 3675 631 3728 contra
646 3663 830 3728 Ecclesiam
847 3665 983 3750 ejusque
1007 3664 1220 3729 divinitatem
1234 3663 1407 3746 colligitur-³
1438 3707 1439 3776 l

318 3805 378 3860 culo
397 3807 576 3860 Itinererium
595 3805 707 3860 Ruinam
728 3807 825 3870 cautis,
852 3805 886 3860 ad
904 3806 1046 3860 concilium
1071 3821 1088 3858 a
1106 3805 1213 3860 Joauuc
1233 3803 1287 3859 XII
1303 3801 1421 3857 calcina
1438 3795 1439 3849 l

319 3887 390 3943 dum.
423 3886 456 3940 Sc
472 3885 538 3940 dicit
562 3885 634 3940 euiru
656 3890 802 3953 praecepto
821 3885 971 3954 Apostolici
995 3887 1043 3955 qui
1066 3891 1132 3939 tuac
1156 3894 1192 3950 (a
1217 3885 1279 3942 seat
1299 3883 1420 3937 Reum!

315 3973 446 4034 praeerat
466 3967 538 4032 Secti,
558 3963 714 4019 restitutum
733 3967 769 4028 (u.
788 3965 825 4034 4.)
861 3965 889 4018 Is
908 3972 998 4020 sutem
1017 3971 1077 4021 crat
1094 3966 1216 4020 loannes
1234 3964 1293 4018 XII

392 4047 413 4116 ¹)
432 4047 511 4114 Apud
530 4046 620 4108 Perta,
639 4044 735 4113 script.
755 4051 818 4100 tom.
838 4045 889 4099 III.
910 4061 935 4114 p.
958 4047 1016 4101 717.

392 4127 414 4197 ²)
433 4126 515 4180 Pertz
533 4133 554 4182 t.
574 4125 624 4180 III.
645 4141 670 4193 p.
689 4127 751 4178 672.

391 4205 413 4275 ⁸)
433 4205 471 4260 Ol.
491 4206 586 4270 Bolon,
605 4211 700 4260 auctor
717 4219 783 4258 sanc
805 4205 906 4273 gravis,
926 4220 975 4260 nec
993 4221 1025 4260 ex
1048 4206 1215 4275 Luitpranuo
1233 4205 1338 4272 celime
1358 4209 1415 4250 ω’·

318 4284 440 4339 oiliabuli
468 4285 533 4339 suni
561 4285 623 4346 963,
653 4299 703 4339 noc
731 4299 764 4338 ex
793 4284 853 4338 aliis
877 4285 1052 4353 senatoribus
1077 4295 1169 4343 censet
1194 4287 1274 4342 vitum
1290 4281 1409 4346 uttam
