2932 4836
296 486 349 541 306
450 484 524 540 XVI.
561 484 665 540 Causae
683 483 800 539 celebres
818 489 847 539 ct
864 484 1020 540 Decretales
1039 484 1263 538 Pseudo-Isidori.

389 629 462 694 100.
487 627 644 693 Attamen
664 629 702 692 3⁰
721 628 910 693 nullatenus
929 628 1064 714 speciali
1085 626 1228 714 quodam
1251 627 1344 692 modo
1367 649 1404 691 cx

296 727 387 791 hisce
412 726 660 802 Decretalibus‚
694 749 733 790 ac
766 727 793 790 si
824 727 865 790 iis
889 725 1037 810 indigeat
1065 726 1109 790 ad
1133 727 1358 790 auctoritatem
1377 739 1405 787 ut

298 824 472 910 privilegia
496 825 592 890 Sedis
617 824 825 909 Apostolicae
858 823 1079 909 vindicanda,
1113 823 1272 895 Nicolaus
1302 823 1401 887 eadem

297 920 473 1008 privilegia
496 921 716 1000 demonstrat,
749 942 980 1006 necunquam
1004 921 1150 1006 aliquam
1173 943 1217 984 ex
1240 921 1330 986 hisce
1351 922 1405 984 De·

298 1020 475 1084 cretalibus
499 1021 694 1084 nominatim
719 1019 807 1083 citat.
843 1017 919 1099 Sed,
944 1020 992 1082 uti
1009 1018 1166 1097 vidimus,
1190 1019 1403 1084 auctoritatum

298 1129 331 1181 et
356 1119 435 1203 jura
459 1117 525 1181 RR.
550 1116 750 1180 Pontificum
786 1115 904 1201 probat
928 1137 970 1180 ex
1002 1118 1176 1202 principiis
1199 1116 1405 1202 generalibus,
1449 1159 1450 1202 3

298 1213 518 1300 quaeverbis
543 1213 665 1277 Christi
690 1215 858 1294 nituntur,
883 1224 982 1277 etex
1005 1213 1254 1296 Decretalibus,
1290 1215 1404 1278 canoni·
1449 1255 1450 1280 r

299 1313 369 1393 bns,
394 1312 532 1398 aliisque
556 1311 744 1376 traditionis
768 1310 976 1375 documentis
999 1310 1081 1376 nulli
1105 1313 1348 1376 controversiae
1362 1311 1407 1374 ob·
1449 1295 1450 1372 ἶ

299 1411 408 1476 noxiis
442 1420 474 1473 et
501 1409 632 1495 jamdiu
665 1410 761 1474 notis.
815 1409 1059 1474 Tantummodo
1093 1409 1228 1474 fortasse
1262 1408 1407 1495 implicite
1449 1449 1450 1492 p

299 1519 331 1572 et
362 1507 602 1593 quadamtenus
638 1505 705 1570 dici
735 1517 845 1591 posset
876 1508 975 1570 etiam
1014 1506 1079 1570 illis
1108 1506 1406 1571 Pseudo-Decreta·
1449 1507 1450 1598 l

297 1606 386 1670 libus
410 1606 481 1686 niti,
506 1615 670 1690 quatenus
693 1615 827 1690 propter
850 1605 1062 1689 exceptiones
1087 1627 1107 1668 a
1130 1603 1330 1690 quibusdam
1348 1625 1408 1690 pro·
1449 1599 1450 1650 i

298 1704 398 1785 latas,
432 1704 614 1788 generatim
648 1701 797 1766 defendit
826 1701 972 1766 valorem
996 1702 1243 1783 Decrelalium,
1278 1703 1406 1789 quaein

301 1801 423 1866 Codice
447 1822 512 1864 non
538 1800 756 1880 continentur,
782 1809 814 1862 et
837 1800 954 1882 docet,
978 1801 1076 1864 etiam
1102 1821 1144 1864 ex
1167 1801 1207 1863 iis
1231 1803 1345 1864 merito
1367 1801 1407 1862 fir·
1449 1831 1450 1876 p

300 1901 381 1964 mari
407 1898 581 1983 privilegia
604 1907 737 1962 sanctae
762 1896 867 1964 Sedis.
913 1897 1118 1962 Nominatim
1142 1907 1252 1962 autem
1278 1920 1332 1962 eas
1353 1919 1408 1961 nou
1449 1897 1450 1982 J

300 1998 425 2079 citavit,
443 1997 521 2082 quia
534 1993 628 2059 erant
644 1995 843 2060 documenta
855 2015 952 2076 nova,
969 2016 1114 2080 eousque
1126 1997 1157 2058 in
1173 1995 1410 2081 quaestionibus

295 2096 382 2181 juris
403 2117 461 2158 as.
478 2093 564 2159 Sede
583 2114 650 2156 non
665 2091 826 2175 adhibita,
851 2092 1005 2178 quodque
1021 2092 1124 2178 aliqui
1141 2095 1290 2178 episcopi
1310 2113 1406 2157 earum

300 2194 528 2256 auctoritatam
550 2192 746 2256 canonicam
771 2191 1014 2276 impugnarent.
1054 2191 1154 2254 Haud
1175 2213 1253 2255 vcro
1274 2202 1405 2277 apparet,
1449 2243 1450 2264 ,

300 2290 474 2354 Nicolaum
497 2289 540 2372 da
563 2309 677 2353 earum
700 2289 906 2374 genuiuitate
929 2286 1033 2353 dubia
1055 2290 1199 2374 positiva
1222 2288 1383 2354 habuisse.
1449 2267 1450 2336 i

393 2388 465 2453 101.
490 2387 561 2452 Nec
584 2388 622 2450 4⁰
646 2385 746 2450 velim
771 2407 903 2471 negare,
927 2385 1101 2450 Nicolaum
1124 2389 1265 2472 cognitis
1281 2385 1412 2451 Pseudo·

304 2483 532 2551 Decretalibus
562 2484 729 2548 firmatum
762 2483 863 2548 fuisse
887 2487 921 2548 in
946 2505 985 2548 ea
1009 2485 1130 2568 agendi
1154 2487 1227 2564 uia,
1261 2507 1327 2570 qua
1350 2485 1410 2570 jam
1449 2479 1450 2560 i

301 2595 399 2649 antea
431 2582 600 2663 utebatur,
632 2603 764 2668 quaque
789 2581 942 2646 studebat
975 2581 1180 2647 difficillimis
1214 2581 1278 2646 illis
1301 2593 1412 2666 tempo·
1449 2595 1450 2650 ξ

300 2681 392 2746 ribus
425 2679 521 2746 Sedis
553 2679 764 2764 Apostolicae
802 2683 1031 2744 auctoritatem
1068 2688 1101 2744 et
1133 2680 1210 2765 jura
1248 2682 1283 2744 in
1317 2681 1414 2744 causis
1449 2675 1450 2748 l

300 2779 531 2844 ecclesiasticis
554 2776 769 2862 disponendis
793 2799 832 2840 ac
848 2776 1044 2841 dirimendis
1060 2797 1176 2860 urgere
1191 2789 1224 2841 et
1239 2777 1411 2841 vindicare.
1449 2781 1450 2784 ’

300 2877 454 2941 Pristinis
478 2879 566 2940 enim
598 2875 819 2960 temporibus,
853 2877 900 2937 uti
926 2875 1087 2956 diximus,
1122 2874 1299 2960 disciplina
1321 2874 1412 2940 ecclc·
1449 2903 1450 2962 p

301 2975 433 3038 siastica
463 2995 528 3038 non
553 2985 623 3037 erat
646 2974 679 3036 in
705 2973 859 3037 omnibns
889 2983 922 3035 et
944 2973 1054 3058 quoad
1078 2972 1207 3057 singula
1235 2985 1302 3038 tam
1327 2995 1412 3037 accu-
1449 2983 1450 3050 ᾗ

300 3081 370 3136 rate
395 3069 579 3136 canonibus
602 3082 635 3135 et
657 3071 779 3155 regulis
803 3070 1031 3151 determinata,
1056 3081 1181 3134 utnon
1205 3073 1310 3156 possit
1333 3074 1411 3135 inue-
1449 3059 1450 3138 i

300 3171 365 3235 uiri
390 3171 492 3232 variis
515 3170 550 3232 in
573 3169 774 3253 regionibus,
799 3169 901 3232 variis
924 3170 959 3232 in
983 3167 1149 3254 adjunctis
1173 3177 1205 3232 et
1227 3171 1329 3233 variis
1344 3180 1412 3232 tenu-
1449 3181 1450 3256 l

301 3265 437 3353 poribus
467 3266 631 3352 quaedam
665 3265 849 3330 diversitas.
896 3264 1086 3351 Aliquando
1118 3266 1359 3350 metropolitani
1386 3275 1414 3326 ct
1449 3259 1450 3320 l

302 3364 420 3449 synodi
444 3363 666 3449 provinciales
699 3364 925 3427 consentiente
949 3361 1096 3428 Romano
1121 3363 1281 3428 Pontifice
1306 3385 1412 3428 causas
1449 3363 1450 3402 l

301 3463 531 3548 cpiscoporum
567 3471 599 3524 ct
633 3460 847 3525 ecclesiarum
884 3461 1085 3546 judicabant
1122 3473 1155 3525 et
1189 3460 1411 3526 terminabant.

301 3558 480 3646 aliquando
506 3579 596 3640 vero,
623 3559 681 3622 ubi
705 3558 740 3622 id
764 3561 985 3622 necessarium
1011 3558 1064 3622 vel
1087 3569 1309 3645 opportunum
1332 3558 1412 3622 vidc-
1449 3623 1450 3630 ,

302 3659 418 3738 batur,
454 3657 631 3721 Pontifices
664 3657 742 3742 jura
774 3659 935 3742 primatus
968 3657 1018 3720 sui
1056 3657 1171 3742 majori
1204 3656 1412 3743 amplitudine
1449 3659 1450 3712 l

304 3755 485 3840 majorique
509 3756 624 3838 vigore
648 3755 857 3818 exercebant.
899 3754 971 3818 Hoc
995 3753 1114 3818 diebus
1135 3777 1160 3819 s.
1176 3754 1304 3819 Nicolai
1324 3753 1412 3817 valde
1449 3767 1450 3776 ¹

303 3854 523 3916 necessarium
549 3863 627 3932 erat,
653 3853 731 3937 quia
755 3851 875 3918 Oriens
898 3851 941 3920 ad
964 3851 1108 3916 schisma
1130 3851 1307 3938 vergebat,
1331 3862 1362 3915 et
1382 3851 1410 3912 in
1449 3865 1450 3906 l

289 3952 446 4014 'Francia
469 3971 508 4014 ac
532 3949 712 4014 Germania
743 3950 785 4014 ob
810 3971 924 4035 regum
953 3963 985 4012 ot
1006 3948 1189 4014 factionum
1212 3950 1410 4036 politicarum

303 4049 524 4112 dissensiones
557 4046 660 4111 multa
693 4048 866 4111 arbitrario
900 4047 996 4112 modo
1030 4047 1172 4128 fiebant,
1205 4050 1251 4112 ita
1283 4057 1318 4112 ut
1342 4047 1409 4131 jura

304 4146 419 4210 divina
444 4156 476 4208 et
499 4144 645 4209 humana
669 4144 880 4209 violarentur.
926 4145 1044 4208 Merito
1075 4146 1175 4230 igitur
1197 4145 1349 4210 Pontifex
1371 4144 1411 4205 in·
1449 4159 1450 4162 ’

303 4243 431 4306 fluxum
455 4265 552 4306 suum
575 4253 611 4306 ut
630 4243 799 4306 Ecclesiae
824 4244 950 4328 capitis,
976 4252 1008 4306 et
1026 4243 1104 4328 jura
1128 4244 1226 4307 insita
1248 4243 1410 4328 primatus.
