2922 4832
319 488 370 542 182
550 489 610 542 XX.
630 489 669 542 De
688 494 763 542 statu
783 489 852 543 Eeel.
871 489 959 542 medio
978 504 1051 546 saec.
1065 487 1215 542 undecimo.

319 651 497 724 antequam
522 639 701 724 Gregorius
726 639 784 720 VI,
814 661 913 725 quem
937 638 1138 724 opinabatur
1160 639 1338 724 Imperator
1357 663 1418 702 reus

319 759 391 801 esse
416 736 502 801 illius
525 736 620 819 labis,
644 737 876 823 pontificatum
900 736 1098 801 abdicasset.
1149 737 1325 801 Existimat
1345 760 1417 822 prae-

318 845 408 898 terea
431 844 546 898 auctor
570 837 699 916 citatus,
731 835 915 900 Henrioum
940 856 1044 920 quum
1070 834 1235 899 dominari
1259 835 1350 899 vellet
1370 835 1417 898 Ee·

319 932 455 1016 clesiae,
494 943 563 996 arte
587 933 722 1018 politica
745 943 825 996 tune
849 934 896 997 ita
918 932 1066 997 locutum
1095 954 1183 1015 esse,
1220 955 1284 1019 qno
1309 943 1419 996 terreret

319 1033 492 1116 episcopos
516 1052 636 1116 eosque
660 1030 818 1114 adigeret,
843 1039 880 1092 ut
904 1051 980 1094 eum
1010 1032 1081 1114 ipso
1115 1031 1320 1115 susciperent
1339 1053 1417 1116 expe·

318 1128 479 1193 ditionem
504 1129 698 1210 Romanam,
723 1129 758 1192 in
782 1149 848 1213 qua
871 1125 1070 1212 Gregorium
1094 1127 1143 1191 VI
1167 1131 1277 1213 coegit
1306 1138 1339 1193 ut
1358 1127 1420 1192 Sedi

318 1228 539 1306 renuntiaret,
573 1249 613 1290 ae
646 1225 722 1289 dein
756 1225 892 1289 arbitrio
924 1246 982 1289 suo
1017 1223 1222 1290 Clementem
1252 1227 1285 1290 II
1317 1229 1424 1290 crearit

319 1323 559 1405 Pontificem.¹)
617 1323 719 1388 Istam
755 1324 982 1408 quaestionem
1017 1323 1206 1408 expendere
1241 1324 1336 1388 modo
1368 1345 1420 1386 non

320 1431 435 1503 vacat,
461 1422 493 1485 id
520 1429 607 1485 certe
632 1443 674 1484 ex
690 1420 829 1484 Henrioi
854 1419 1052 1484 allocutione
1068 1419 1242 1504 colligitur,
1269 1424 1422 1486 simoniam
1458 1427 1459 1430 ’

320 1519 419 1583 valde
443 1541 653 1584 communem
677 1519 788 1584 fuisse.
822 1517 877 1582 Ad
895 1517 1086 1583 Conradum
1102 1518 1337 1604 Imperatorem
1350 1517 1424 1605 qued

320 1620 447 1700 attinet,
473 1619 543 1703 ejus
567 1628 714 1703 tempore
738 1616 792 1682 ille
816 1639 895 1680 usus
918 1616 1019 1680 fuisse
1043 1615 1186 1698 videtur,
1210 1626 1248 1681 ut
1271 1619 1425 1704 episcopus
1458 1667 1459 1670 ,

321 1717 374 1780 eui
401 1714 540 1780 ecelesia
564 1715 796 1780 conferebatur
819 1715 898 1779 fiseo
923 1716 1049 1778 aerario
1087 1715 1251 1800 imperiali
1284 1729 1425 1801 tanquan
1458 1783 1459 1786 Ἴ

320 1824 433 1878 texam
458 1835 613 1898 magnam
637 1835 800 1877 summam
816 1814 978 1898 pecuniae
1002 1811 1152 1879 solveret.
1185 1811 1253 1878 Sed
1277 1827 1425 1899 praeterea
1458 1887 1459 1890 Ἴ

320 1911 498 1998 aliquando
523 1915 623 1976 etiam
647 1912 847 1996 Imperator,
881 1913 938 1996 qui
963 1911 1124 1996 pecuniae
1149 1913 1290 1996 penuria
1318 1911 1426 1976 labora·
1458 1955 1459 1958 κ

321 2011 388 2091 bat,
413 2009 550 2074 ulterius
574 2011 743 2095 processit,
769 2018 805 2072 ut
829 2017 988 2094 quantam
1005 2018 1115 2093 posset
1138 2012 1300 2094 pecuniae
1323 2013 1386 2073 vim
1401 2011 1427 2071 in
1458 1985 1459 2050 Ῐ

321 2109 551 2194 episcoporum
576 2109 741 2172 creatione
767 2106 938 2171 obtineret.
989 2105 1102 2169 Refert
1125 2107 1216 2170 enim
1240 2105 1340 2193 Wipo
1369 2107 1427 2191 ejus
1458 2131 1459 2182 ,

321 2205 521 2291 capellanus,
533 2227 644 2290 regem
657 2204 849 2269 vendidisse
859 2206 1086 2290 episcopatum
1098 2202 1323 2268 Basileensem
1339 2204 1428 2268 multa
1458 2225 1459 2252 t

322 2305 456 2368 obtenta
467 2305 609 2391 pecunia
623 2303 741 2368 clerico
759 2302 862 2367 nobili
877 2302 1051 2382 Udalrie03
1077 2313 1190 2388 postea
1210 2313 1320 2367 tamen
1343 2303 1429 2385 hujus

321 2405 368 2466 rei
393 2425 468 2467 eum
493 2401 693 2488 poenituisse
717 2411 817 2487 atque
830 2403 938 2486 ipsum
954 2403 1098 2482 vovisse,
1123 2423 1157 2464 se
1177 2423 1234 2486 pre
1253 2401 1430 2486 episcopati·

321 2500 384 2564 bus
415 2511 447 2565 et
477 2500 620 2564 abbatiis
647 2500 718 2585 jam
749 2499 892 2585 amplius
924 2500 1102 2584 pecuniam
1134 2520 1201 2563 nen
1232 2509 1430 2585 accepturum

322 2621 401 2681 esse,
426 2598 574 2685 illudque
591 2607 706 2662 votum
730 2597 797 2662 fere
822 2619 952 2683 semper
966 2596 1169 2662 observasse.
1193 2597 1376 2662 Henrieum
1391 2593 1430 2658 lll

321 2719 401 2761 vere
427 2695 571 2762 Conradi
596 2717 820 2760 successorem
844 2719 864 2759 a
888 2697 1029 2759 simonia
1045 2697 1177 2780 penitus
1203 2693 1432 2759 abstinuisset

159 2851 296 2895 unesttv.
411 2831 464 2896 31.
511 2829 589 2894 Post
621 2837 758 2892 mortem
783 2850 861 2892 vcro
885 2827 1024 2891 Henrici
1049 2827 1110 2912 III,
1136 2827 1197 2892 sub
1223 2829 1294 2914 ejus
1319 2851 1432 2892 succes-

178 2927 281 2974 ΨΜ·
322 2950 393 2992 sore
410 2927 555 2991 Henrieo
573 2927 631 3011 IV,
648 2928 809 2991 simoniae
833 2927 952 2989 vitium
976 2927 1111 2990 omniuo
1135 2926 1289 2991 invaluit.
1313 2927 1434 2991 Etenim

322 3025 400 3089 dum
427 3026 572 3088 Henrieo
605 3024 814 3088 adolescente
845 3025 1031 3088 Wernerus
1064 3044 1175 3088 eomes
1208 3037 1241 3088 et
1271 3023 1330 3089 alii
1360 3046 1433 3103 rems

399 3267 418 3330 ι)
438 3262 550 3318 Gfrdrer
569 3262 674 3332 Greger
693 3263 755 3317 VII.
774 3263 806 3316 B.
826 3263 874 3318 Vl.
894 3279 916 3318 o,
934 3263 978 3318 46.
1001 3294 1031 3303 -
1052 3265 1154 3317 Auctor
1172 3263 1229 3318 acri
1247 3262 1322 3329 style
1340 3261 1434 3316 charte

321 3349 406 3399 terem
425 3343 537 3398 Henrioi
556 3345 600 3397 111
619 3343 761 3408 describit,
786 3351 818 3398 ut
836 3343 952 3398 hominis
971 3343 1080 3412 perfidi,
1106 3343 1152 3410 qui
1172 3343 1270 3398 callida
1288 3349 1351 3398 arte
1369 3359 1397 3396 ar
1414 3357 1433 3392 u

320 3425 531 3480 dominationem
555 3425 583 3478 in
608 3423 756 3477 Ecclesiam
784 3424 903 3491 arripere
931 3423 1055 3478 voluerit
1094 3423 1220 3489 Plerique
1249 3429 1342 3477 tamen
1368 3423 1434 3488 hujus

319 3505 495 3574 Imperatoris
515 3505 631 3558 virtutes
651 3509 733 3570 atquc
752 3505 874 3572 rigorem
893 3503 1014 3566 laudant,
1041 3503 1165 3570 quamvis
1182 3504 1297 3558 nimium
1316 3500 1434 3558 dominari

319 3585 457 3640 studuerit
475 3585 504 3638 in
531 3584 610 3638 rebus
629 3583 827 3639 ecelesiasticis.
849 3615 880 3624 -
900 3583 1058 3652 Radulphns
1077 3583 1178 3638 Glaber
1200 3586 1358 3652 generatim
1376 3584 1435 3652 pru·

320 3667 387 3735 cipis
405 3667 523 3720 virtutes
542 3665 653 3733 ejusque
671 3664 862 3720 fortitudinem
881 3665 1004 3719 bellicam
1023 3665 1226 3728 commendans,
1251 3665 1328 3719 aliud
1352 3667 1434 3718 ritino

319 3747 443 3815 deplorat
466 3745 598 3800 scribens:
631 3745 760 3812 „Turnum
786 3745 851 3814 proh
877 3743 975 3813 pudor!
1011 3761 1095 3798 unum
1126 3745 1154 3798 in
1182 3759 1214 3798 eo
1239 3755 1301 3798 erat
1336 3745 1435 3799 ninum

319 3826 536 3894 reprehensibile,
557 3826 626 3892 quod
644 3825 844 3880 incontinentia
863 3833 892 3880 et
910 3825 999 3880 carnis
1018 3825 1127 3878 luxuria
1146 3823 1359 3880 infamabatur*
1395 3829 1436 3889 Ap.

319 3908 417 3961 Baren.
438 3923 462 3960 a.
484 3907 561 3960 1047.
580 3922 607 3959 n.
626 3908 651 3961 9.

392 4011 416 4080 ¹)
436 4011 502 4080 „Sed
526 4013 598 4068 filius
623 4013 680 4081 ejus
708 4013 807 4067 tertius
832 4013 976 4067 Heinrieus
1094 4013 1123 4066 in
1148 4012 1221 4067 omni
1246 4013 1308 4066 rita
1334 4027 1382 4066 sua
1398 4025 1437 4076 pro

319 4093 443 4148 omnibus
461 4093 645 4162 dignitatibus
670 4093 860 4147 ecclesiasticis
883 4092 965 4147 unius
992 4091 1063 4147 oboli
1081 4093 1201 4161 precium
1214 4109 1270 4146 uon
1287 4093 1388 4147 dicitur
1403 4107 1436 4142 ae

320 4175 446 4242 cepisse!
485 4174 518 4227 In
536 4173 603 4228 Vita
621 4172 738 4227 conradi
756 4173 885 4241 Imperat.
905 4189 949 4241 ap.
968 4171 1050 4226 Pertz
1070 4174 1105 4228 Μ.
1125 4173 1157 4228 G.
1177 4171 1231 4228 Ser.
1253 4171 1301 4226 XI.
1322 4173 1380 4226 263.
