3002 4836
434 496 624 554 Controversia
641 498 670 553 in
689 497 788 556 Gellia.
1137 503 1172 555 77

80 665 178 707 sonae
200 645 338 720 comm,
354 639 566 728 relipiosioree
574 665 731 730 personas
746 643 988 730 postponebant,
1003 647 1059 732 qai
1075 646 1172 731 prins

80 761 178 804 arma
196 745 309 829 capitis
331 764 437 806 eor-mn
460 744 615 828 suscipere
630 740 783 821 solebant,
807 741 958 806 adhibitis
979 741 1170 827 imapinibtm

78 841 155 922 pat
165 842 195 905 in
214 844 317 906 sinens
340 865 449 907 earam
471 840 614 904 decidere
632 839 769 926 capillos
786 861 892 904 eorum
911 841 1066 905 sinebant.
1095 839 1170 914 Qni-

78 937 137 1002 lcn
152 961 214 1003 oero
235 940 434 1006 sacerdotum
457 950 487 1004 et
506 937 688 1003 clericorum
710 938 828 1003 colores
851 938 890 1002 de
913 939 1103 1024 insapinibos
1119 963 1169 1004 ra-

77 1037 165 1102 dentes
184 1039 414 1104 innasceseront
435 1034 647 1101 oblationibus
661 1047 691 1100 et
708 1037 790 1117 eino,
815 1048 846 1101 et
867 1060 908 1100 em
930 1037 988 1100 bac
1010 1036 1171 1102 oblatione

73 1147 132 1218 post
151 1138 311 1200 nissam
333 1135 571 1201 celebrationem
591 1134 714 1198 dabam
736 1136 961 1199 commonicare
983 1133 1167 1200 nolentibus.

75 1231 131 1295 Alii
159 1246 257 1298 ouum
288 1257 404 1321 corpus
436 1234 570 1298 Domiru
602 1234 638 1297 in
671 1254 783 1296 manos
806 1233 978 1317 inopinum
994 1234 1169 1320 ponebant,

75 1331 140 1394 ond
159 1334 380 1396 ammonicam
403 1329 540 1396 volentes
562 1331 703 1418 accipere
717 1329 876 1417 fecerunt.
916 1331 1076 1396 Nonnulli
1097 1357 1169 1398 vero

73 1440 161 1512 spreto
181 1429 312 1494 ccclesia
333 1433 369 1494 in
392 1429 602 1494 commonibus
616 1419 759 1493 domibus
775 1427 893 1492 tabulis
915 1431 1087 1514 inopinum
1102 1455 1167 1517 pro

74 1525 208 1591 oltmibas
228 1527 408 1604 utebanw,
433 1537 463 1592 et
485 1549 579 1612 super
602 1549 656 1590 eos
684 1549 808 1590 sacrum
830 1530 1010 1614 mysteriton
1033 1528 1164 1594 celebm

73 1621 141 1686 bont
182 1625 223 1688 La
244 1623 317 1690 alia
338 1624 438 1690 mislto
460 1623 581 1690 similia
612 1624 658 1687 ote
681 1624 798 1689 illicito
820 1635 850 1688 et
872 1636 998 1689 aomrce
1021 1626 1171 1714 relipioni

71 1722 211 1785 matroria
242 1723 277 1785 in
312 1723 450 1787 ecclesiis
476 1721 611 1806 fiebant,
644 1745 723 1807 qaae
756 1722 948 1786 doctioribus
983 1736 1013 1788 et
1044 1727 1166 1812 sapien

72 1819 182 1882 tioribns
203 1821 281 1884 viris
305 1822 385 1884 satis
407 1821 540 1904 indipna
573 1842 638 1884 esse
664 1820 862 1885 videbanter.
909 1822 1083 1908 Propterea
1105 1834 1167 1888 sta-

72 1925 175 1980 tuerunt
195 1919 366 1982 ortlsodotri
384 1920 595 2005 inperatores
618 1929 647 1982 et
670 1917 845 1982 doctissimi
867 1919 1044 1984 recordatae
1067 1921 1167 1986 locale

71 2014 192 2078 maore
213 2014 381 2080 canalium
404 2016 449 2080 ad
463 2017 697 2103 inquisitionem
711 2038 805 2102 saper
822 2017 870 2080 bis
893 2016 1090 2098 habendam
1113 2022 1170 2105 qui

71 2112 145 2174 inid
175 2115 277 2199 ipsam
301 2126 518 2193 convenerunt,
543 2113 659 2178 Sancto
684 2115 810 2201 Spiritu
832 2117 1020 2201 inspirante.
1070 2115 1166 2182 Talia

71 2207 160 2294 nbiqoe
190 2213 346 2276 wmmard
373 2211 505 2276 consilio
529 2212 603 2296 ficri
628 2212 866 2299 probibsseroot,
900 2225 930 2278 et
952 2215 1105 2302 imagines
1127 2215 1167 2279 de

69 2307 264 2375 lamilioribns
297 2309 375 2374 loeis
398 2309 504 2396 effmi
518 2309 684 2396 fecerant,
717 2321 824 2376 eteas
847 2313 984 2396 quaein
1007 2310 1166 2376 sublimio·

70 2405 138 2470 abiis
158 2407 233 2472 locis
249 2409 381 2495 positae
404 2418 510 2486 mant,
542 2419 578 2472 nt
599 2409 672 2494 apsa
690 2408 822 2494 pictura
838 2431 902 2493 pro
930 2411 1090 2494 scripttma
1111 2411 1167 2475 ba-

67 2499 177 2585 beretur,
199 2508 234 2570 in
258 2507 326 2571 ossis
348 2505 426 2570 locis
449 2507 616 2570 eorssimere
630 2507 864 2593 pereniter-unm
886 2529 926 2571 ne
949 2505 989 2570 ab
1012 2507 1165 2573 indoctio-

67 2599 134 2664 o'bos
155 2614 183 2666 et
204 2603 432 2690 infirmioribus
455 2605 678 2682 adorarentur,
702 2627 799 2689 neque
823 2605 869 2668 eis
892 2604 1037 2670 lucernas
1060 2629 1165 2672 accere

67 2697 165 2778 lerest,
182 2725 281 2788 neqsre
304 2704 463 2766 inscissum
486 2701 660 2780 adolerent,
670 2700 909 2788 probiboernnt.
960 2699 1164 2775 Quemadmo-

66 2795 122 2859 lon
142 2810 169 2862 et
191 2823 247 2864 nos
272 2825 353 2864 nunc
375 2803 526 2866 tentiones
548 2811 579 2864 et
603 2811 738 2864 mosmos
762 2799 945 2888 objicientes
968 2800 1007 2864 de
1021 2799 1166 2864 Ecclesia

68 2891 166 2960 lbricti
195 2921 257 2977 eos,
292 2900 345 2983 qui
367 2897 544 2987 bajasnsodi
566 2897 715 2982 malipnis
742 2897 974 2962 inventionibus
996 2896 1163 2982 emend).

65 2987 172 3058 Emissa
201 2995 280 3060 dein
313 2994 516 3080 professione
548 2994 751 3060 orthodoxae
774 2993 862 3076 fidei,
886 2992 1029 3059 Michael
1052 2995 1162 3060 Ludo·

66 3089 156 3155 vicum
187 3092 444 3178 deprecabatur,
469 3102 506 3156 ut
527 3091 652 3177 legatos
685 3113 761 3156 suos
791 3091 1084 3156 securos‘Romem
1108 3093 1162 3157 de·

65 3182 195 3271 duceret,
220 3199 253 3255 et
283 3190 374 3278 apud
397 3190 436 3256 R.
459 3191 656 3254 Pontificem
680 3191 715 3254 in
735 3189 934 3254 demandato
959 3189 1006 3253 eis
1029 3192 1162 3274 negotio

63 3281 226 3368 adjuverat,
251 3309 316 3374 quo
341 3289 526 3354 discordiae
550 3288 627 3353 finis
650 3289 913 3353 constitueretur.

134 3385 182 3450 90.
206 3386 402 3452 Ludovicus
432 3388 513 3452 Pius
545 3386 666 3450 fucatis
688 3387 900 3473 Imperatoris
928 3387 1040 3469 graeei
1063 3408 1161 3472 expo·
1178 3418 1287 3470 mmm
1305 3418 1332 3462 n

65 3478 274 3548 mlatonibus
297 3495 329 3549 et
352 3483 481 3550 callidis
495 3484 699 3569 argumentis
713 3506 809 3548 eures
832 3482 962 3548 facilius
985 3483 1161 3568 praebens,

65 3595 124 3640 cum
141 3577 341 3647 Graecorum
361 3581 477 3668 legetis
500 3582 623 3647 direxit
639 3581 829 3646 Freculfum
847 3582 1040 3667 episcopum
1056 3581 1161 3646 Lexo-

67 3675 189 3744 visnsem
213 3689 246 3744 et
259 3679 466 3766 Adngerinm
484 3682 608 3766 pariter
624 3682 830 3766 episcopum,
854 3679 1014 3766 petiitque
1038 3678 1080 3744 ab
1095 3679 1160 3744 Eu-

65 3775 152 3858 genio,
160 3787 200 3841 nt
218 3777 414 3843 concederet
435 3789 636 3844 conventum
654 3778 769 3844 haberi
792 3779 1021 3864 episcoporum
1039 3777 1160 3842 doctio-

67 3877 186 3959 anqui
198 3886 349 3940 veterum
357 3876 493 3941 Petrum
503 3877 693 3940 testimonio
701 3876 741 3940 de
752 3875 954 3960 imaginibus
962 3872 1159 3940 Sanctorum

66 3965 240 4056 colligerent,
265 3995 305 4038 se
328 3972 406 4038 dein
429 3995 488 4059 pro
504 3973 733 4059 componenda
755 3972 969 4038 ecclesiarum
993 3973 1159 4038 discordia

67 4059 181 4134 Romam
202 4073 470 4137 transmitterent.
517 4072 606 4136 Huic
620 4071 785 4135 Ludovici
800 4071 951 4156 petitioni
977 4093 1078 4158 quum
1093 4071 1159 4136 Eu-

79 4205 248 4222 ““““-·-·-ι--

124 4289 142 4355 ¹)
157 4289 223 4346 vite
241 4308 283 4361 ep.
301 4291 448 4348 Bononiam
466 4293 501 4347 nd
519 4309 543 4347 a.
563 4295 617 4348 824
634 4309 679 4348 nn.
699 4294 742 4348 26.
762 4294 805 4348 27.
