2950 4840
393 527 508 582 Joaanis
526 527 565 582 XI
584 529 772 585 Pontificatns.
1113 532 1147 586 65

58 670 95 732 rel
114 670 218 733 saltem
242 681 440 734 attentatum
465 671 575 738 fuisse.
616 671 690 736 Hac
714 673 748 738 in
772 697 807 737 re
823 673 988 739 Joanncm
1009 671 1060 736 XI
1085 671 1147 735 dis-

56 789 183 850 pensasse
204 767 306 853 aliqui
331 769 523 854 conjiciunt,
537 768 561 854 ¹)
585 769 643 834 sed
672 769 789 835 nullibi
814 772 956 835 occurrit
985 767 1147 856 ejusmodi

55 865 282 948 dispensationis
305 867 490 950 vestigium,
517 865 723 931 Flodoordus
746 879 778 932 et
793 868 1020 954 Lnitprandus
1040 876 1077 930 ut
1100 867 1147 931 io·

54 975 194 1026 restuosas
216 983 273 1026 eas
297 963 431 1048 nuptias
454 974 608 1048 arguunt,
643 965 779 1050 ipseque
803 965 902 1050 Hago
928 975 1042 1052 posteo
1066 963 1147 1028 illud

53 1062 274 1124 matrimonium
305 1069 343 1123 nt
369 1061 498 1124 irritum
526 1061 757 1127 consideravit.
803 1063 889 1128 Nam
913 1065 1029 1149 paucis
1052 1063 1148 1126 annis

52 1168 106 1240 post
118 1163 160 1245 (a.
174 1159 264 1238 938),
286 1157 427 1222 llarotia
447 1157 557 1224 adhuc
574 1161 717 1242 vivente,
742 1160 841 1226 aliam
857 1159 953 1225 duxit
968 1157 1147 1240 saxonem.²)

51 1253 100 1318 Sed
112 1256 206 1340 Hngo
220 1277 289 1336 rex,
304 1257 358 1318 vir
371 1255 525 1340 perfidus,
541 1259 671 1344 Impius,
686 1257 892 1342 libidinosas,
910 1258 975 1324 alia
987 1267 1056 1322 arte
1070 1265 1148 1320 tunc

12 1381 13 1400 κ
51 1375 110 1416 narn
124 1365 180 1418 est.
210 1352 390 1418 Contendit
414 1353 578 1440 videlicet,
599 1351 786 1420 Gnidonem
807 1355 995 1420 nullatenus
1013 1355 1148 1418 fratrem

50 1451 131 1532 ipsius
154 1451 271 1532 fnisse3
295 1449 453 1514 Bertbam
474 1454 562 1516 enim
584 1452 690 1517 nullos
705 1452 825 1517 liberos
848 1452 1029 1520 Adalberto
1053 1473 1148 1538 pepe·
1259 1487 1262 1495 ·

50 1549 119 1628 risse,
135 1550 193 1614 sed
209 1550 421 1636 supposuisse
438 1548 577 1614 aliorum
594 1550 728 1635 prolem,
754 1561 790 1614 ut
806 1561 879 1638 post
895 1561 1032 1617 mortem
1049 1547 1149 1612 Adel·

50 1643 113 1708 berti
145 1649 208 1732 ipsi
243 1647 408 1711 dominari
432 1645 543 1712 adhuc
566 1647 689 1712 liceret.
737 1647 809 1712 Hoc
826 1659 999 1734 praetextu
1024 1647 1148 1712 dixeris

48 1765 106 1806 «sam
129 1745 377 1808 matrimonium
402 1765 477 1808 cnm
501 1743 643 1810 Marotia
667 1747 790 1810 iniisse.
831 1745 968 1810 Caetera
991 1744 1149 1830 adjuncta

49 1841 257 1923 ignotescat,
284 1863 345 1905 nec
371 1863 419 1920 ea,
444 1863 529 1927 (puae
553 1843 634 1907 forte
658 1843 805 1908 Joannes
830 1845 880 1908 XI
908 1867 947 1908 ea
977 1842 1148 1906 occasione

49 1941 154 2002 decerit.

119 2041 171 2102 63.
201 2039 379 2102 Caeterum
396 2035 495 2124 Hugo
511 2049 640 2103 tantam
665 2038 758 2103 brevi
774 2050 921 2125 tempore
937 2039 1060 2104 Romae
1076 2038 1149 2103 sub·
1160 2040 1315 2143 Hudfmffffl·

46 2135 120 2199 stitit.
154 2134 292 2200 Nobiles
315 2137 404 2198 enim
420 2137 586 2201 Romanos
602 2147 635 2200 et
649 2136 842 2200 Albericum
857 2137 1018 2201 Marotiae
1034 2137 1148 2220 filiurn,
1258 2129 1265 2143 '

45 2229 175 2318 adeoque
206 2253 304 2296 snum
340 2234 548 2318 privignum,
585 2235 719 2319 procaci
754 2233 921 2320 superbia
949 2234 1149 2302 offendebat.

46 2332 208 2416 Quumque
224 2329 405 2416 aliquando
422 2339 525 2395 matre
542 2331 692 2395 hortante
707 2330 883 2396 Albericns
906 2354 1026 2418 aquam
1043 2331 1150 2396 infun-

47 2425 123 2490 deret
145 2427 303 2492 manibus
326 2431 413 2513 regis
428 2437 461 2492 et
483 2431 593 2494 minus
609 2429 743 2493 dextere
767 2428 849 2494 illud
864 2431 1035 2494 servitium
1060 2453 1151 2516 pera-

43 2539 128 2604 reret,
159 2525 262 2609 Hugo
296 2527 399 2589 iratus
432 2526 562 2614 alapam
596 2526 644 2590 illi
677 2529 824 2612 impegit.
876 2526 942 2592 Sed
975 2527 1151 2592 Albericus
1230 2521 1233 2530 '

44 2623 276 2688 excandescens
305 2622 534 2708 Indignatione
565 2647 643 2688 mox
666 2623 828 2689 nobilium
857 2624 982 2712 colligit
1005 2647 1150 2709 manum,

44 2739 88 2782 eos
110 2723 142 2785 in
165 2721 357 2804 Hngonem,
383 2721 611 2804 Burgundum,
636 2733 842 2804 extraneum,
866 2723 990 2787 Romae
1014 2723 1151 2807 ignomi-

44 2819 120 2882 niose
143 2819 390 2901 dominantem,
427 2821 584 2884 excitat'
607 2819 787 2885 Obsidetur
810 2843 870 2886 arx
895 2845 919 2885 s.
951 2819 1082 2904 Angeli,
1106 2829 1152 2882 at·

43 2935 95 2996 quc
128 2939 226 3001 aegre
251 2917 350 3002 Hugo
384 2939 424 2980 ex
459 2939 551 2982 muro
581 2919 658 2982 fune
692 2919 852 2984 demissus
876 2919 987 2982 salvus
1010 2917 1052 2982 ad
1077 2937 1152 2981 suos

43 3027 122 3076 exn-a
153 3013 280 3078 Urbem
314 3013 434 3078 milites
466 3017 605 3100 annfugit.
636 3054 679 3063 -
712 3017 806 3080 Tunc
839 3015 1014 3081 Albericus
1052 3015 1152 3080 Urbis

43 3108 291 3176 dominationem
309 3133 348 3174 ac
366 3114 588 3198 principatum
604 3113 737 3177 civilem
754 3115 903 3198 arripuit,
928 3115 1151 3179 Romanorum

43 3209 215 3295 principem
240 3229 280 3272 ac
295 3209 465 3273 tribunam
483 3233 517 3274 se
541 3211 730 3296 appellavit,
756 3221 787 3274 ct
807 3211 891 3275 ultra
906 3213 1025 3296 viginti
1049 3233 1152 3275 annos

43 3305 154 3370 Itomae
177 3305 377 3390 gubernium
402 3310 517 3372 tenuit.
565 3309 738 3372 llarotiam
767 3330 845 3372 vero
870 3319 1006 3373 matrem
1031 3308 1152 3394 palatio

42 3401 177 3468 clausam
202 3407 351 3469 servavit
374 3405 564 3486 Albericus3
589 3406 647 3470 sed
672 3415 703 3468 et
726 3407 891 3470 Joannem
916 3405 975 3488 XI,
1007 3407 1151 3496 fratrem,

44 3499 238 3586 Pontificem,
264 3501 326 3565 sub
341 3502 491 3567 custodio
507 3504 659 3585 detinuit,
676 3504 829 3589 adempto
846 3506 1033 3591 principatu
1051 3503 1152 3584 civili,

43 3617 142 3662 sacras
157 3610 288 3663 tantum
302 3601 489 3664 structiones
513 3603 543 3664 ei
568 3604 769 3687 permittens.
806 3601 876 3664 Irno
901 3605 999 3666 ctiam
1015 3603 1153 3666 admini-

42 3699 179 3760 strattoni
217 3697 386 3762 Ecclesiae
423 3721 457 3763 se
496 3701 712 3763 immiscuisse
750 3699 891 3764 videtur.
923 3739 966 3746 —
1001 3699 1154 3764 Advertit

42 3813 129 3875 porro
151 3795 322 3870 Muratori,
347 3797 513 3860 Romanos
537 3799 698 3874 timuisse,
731 3820 771 3860 ne
802 3799 827 3860 si
857 3796 1004 3861 Joanncs
1027 3798 1077 3861 XI
1108 3819 1153 3860 re-

42 3891 152 3956 tineret
188 3896 430 3978 principatum,
468 3895 608 3958 llarotia
652 3907 755 3957 mater
795 3895 1020 3958 dominaretur
1055 3902 1153 3979 atque

50 4069 229 4082 Ἢ
241 4077 245 4081 .

111 4165 129 4230 ξι
148 4167 200 4222 I't'r¹
223 4167 389 4235 Darnberger
409 4169 502 4222 (desc-h.
523 4168 569 4222 IV.
590 4169 614 4221 S.
636 4170 695 4220 591.

110 4245 129 4294 ἰ
148 4247 348 4301 Matrimonium
369 4248 431 4302 iniit
450 4249 531 4316 Hngo
551 4265 574 4302 n.
595 4249 648 4301 938
673 4263 731 4300 crim
751 4245 853 4300 Berthe
872 4245 954 4298 sidua
972 4245 1106 4312 Rndolpbi
1127 4247 1153 4299 II

47 4325 113 4390 regis
130 4325 304 4396 Bmgnndiae
322 4327 368 4393 qni
388 4343 410 4379 a.
431 4329 481 4380 937
502 4327 612 4382 obierat.
645 4327 678 4382 V.
698 4326 828 4380 IInratori
843 4326 943 4379 Annali
961 4325 995 4378 ad
1014 4342 1037 4380 a.
1057 4329 1117 4380 938.

71 4422 199 4468 Ᾰῐῑῑῑϊιιιιιηῐι.
215 4427 404 4467 latmia-rationes.
420 4429 484 4466 'I'orm
501 4429 539 4467 IV.
1031 4433 1048 4468 I)
