2898 4836
369 497 494 566 Gregorii
515 498 537 550 I'
558 498 743 554 Pontificatus.
1076 505 1126 556 105

32 641 112 704 stiam
133 643 164 704 in
187 638 339 705 Caesaris
362 649 557 725 potestatem
581 639 734 706 redactus
758 651 816 722 est,
843 664 918 708 cum
948 641 1124 708 duodecim

33 739 110 800 sociis
130 738 241 803 ultimo
266 738 427 824 supplicio
443 759 566 824 poenas
581 739 714 804 meritas
737 739 808 805 luit.
833 776 876 786 —-
900 738 1080 826 Gregorius
1095 741 1125 804 V

31 833 92 898 Sedi
120 836 288 900 restitutus
319 857 396 901 mox
431 837 556 900 Romm
591 836 757 920 synodum
792 837 973 904 celebravit
1007 839 1126 923 viginti

35 943 137 1017 septem
159 936 401 1020 episcoporum.
448 934 489 999 In
512 956 551 998 ea
575 933 703 1018 syuodo
719 935 866 1002 Joannes
889 935 1063 1018 adductus,
1089 959 1128 1000 ao

30 1033 168 1095 ananus
191 1033 226 1096 in
251 1053 327 1097 eum
350 1031 418 1096 lata
440 1054 458 1096 e
482 1031 560 1096 sede
584 1041 760 1118 usurpator
783 1033 930 1119 dejectus
953 1043 1018 1114 est3
1050 1034 1127 1098 dein

30 1149 89 1190 cum
120 1127 271 1195 ludibriis
311 1151 371 1216 per
409 1131 519 1194 varias
555 1129 656 1194 Urbis
692 1132 843 1215 regiones
881 1131 1128 1196 circumductus

29 1225 85 1288 luit.
108 1226 155 1306 ,A
171 1249 265 1292 sacro
290 1227 440 1310 concilio,
466 1227 590 1293 dicitur
602 1230 637 1292 in
662 1227 817 1293 chronico
835 1229 1036 1294 Venetorum
1050 1228 1072 1294 l.
1089 1252 1128 1306 c.,

30 1321 222 1407 depositionis
246 1327 443 1390 sententium
468 1327 646 1408 sustinens,
679 1336 712 1389 ct
735 1349 754 1390 a
777 1327 935 1391 Romanis
958 1328 1130 1413 impositus
1163 1321 1165 1326 ’

27 1419 163 1485 deformis
179 1421 272 1487 aselli
289 1433 391 1506 tergo,
417 1444 511 1487 versa
533 1423 617 1487 facie
641 1423 685 1487 ad
709 1424 850 1488 caudam
873 1423 934 1488 sub
958 1425 1130 1510 praeconis

28 1539 93 1581 voce
114 1543 173 1606 per
196 1521 364 1584 Romanas
388 1523 539 1606 regiones
564 1519 778 1586 ducebatur.“
827 1522 916 1586 Dein
940 1520 1073 1586 videtur
1097 1523 1130 1586 in

26 1617 191 1682 custodiam
216 1618 373 1683 reductus
388 1619 500 1700 fuisse,
525 1621 559 1682 iu
584 1641 650 1706 qua
674 1618 763 1683 diem
788 1643 978 1705 supremum
1003 1618 1130 1684 clausit.

25 1711 157 1780 —Sunt
180 1718 239 1803 qui
265 1716 462 1801 GregorIum
483 1715 513 1778 V
536 1727 680 1802 arguunt
714 1717 755 1782 de
791 1717 952 1804 ejusmodi
985 1719 1067 1780 actis
1097 1719 1129 1780 in

23 1811 169 1878 loannem
185 1813 506 1900 pseudopontificem
517 1813 557 1899 3¹)
580 1813 725 1878 ludibria
740 1825 850 1879 tamen
876 1817 937 1880 ists
952 1814 1044 1880 haud
1060 1815 1130 1901 ejus

27 1909 163 1976 inundato
189 1933 363 1976 censemus
388 1935 457 1975 esse
482 1913 667 1976 commissa.
690 1979 692 1990 ,

97 2010 169 2077 106.
195 2009 237 2074 In
253 2010 380 2095 synodo
398 2008 454 2073 illa
469 2011 570 2073 etiam
584 2031 636 2073 res
652 2008 780 2074 Galliae
796 2009 950 2075 Pontifex
966 2033 1041 2074 cum
1057 2033 1133 2074 auc·
1155 2041 1196 2082 a„
1210 2039 1292 2080 aare.

25 2109 136 2172 toritate
153 2109 329 2194 disposuit.
355 2106 556 2194 Conjugium
566 2107 702 2172 Roberti
715 2129 791 2171 cum
803 2107 927 2172 Bertba
940 2109 1133 2192 consangui·
1153 2101 1286 2144 parantur.

22 2223 71 2265 rea
93 2205 223 2270 nullum
250 2204 447 2286 declaravit,
478 2204 566 2268 hanc
589 2215 622 2268 et
645 2203 738 2268 illum
762 2205 984 2290 poenitentiae
1008 2215 1132 2291 septem

20 2321 169 2368 annorum
195 2303 347 2389 subjecit,
372 2302 548 2367 anathema
570 2325 648 2367 vero
673 2305 721 2367 eis
745 2304 964 2367 comminatus
988 2314 1045 2386 est,
1070 2305 1133 2368 nisi

19 2421 77 2461 sese
100 2400 142 2464 ab
179 2402 327 2465 invicem
359 2411 559 2486 separarent.
606 2401 637 2464 A
661 2402 894 2466 communione
922 2422 977 2465 eos
1001 2423 1135 2487 suspen-

19 2493 72 2578 dit,
105 2498 215 2564 donec
245 2498 289 2563 ad
323 2497 552 2585 Apostolicam
587 2497 705 2564 Sedem
740 2500 893 2562 venirent
924 2498 1135 2570 satisfacturi,

18 2595 102 2672 Quod
128 2605 262 2683 spectat
293 2595 335 2660 ad
360 2596 446 2661 hanc
471 2618 604 2661 causam
629 2595 914 2678 matrimonialem,
939 2594 1021 2660 illud
1044 2618 1136 2682 prae·

18 2693 101 2778 cipue
139 2704 216 2759 erat
255 2695 410 2760 Pontifici
450 2693 634 2759 curandum
676 2693 824 2780 illudque
863 2701 1032 2757 assecutus
1070 2703 1134 2775 est,

17 2811 50 2852 ue
79 2795 231 2879 episcopi
262 2793 325 2858 sibi
354 2794 410 2878 jus
440 2802 646 2857 assumerent
680 2814 738 2879 pro
778 2791 882 2857 lubito
922 2789 1136 2876 dispensandi

17 2887 44 2951 in
57 2889 230 2956 Ecclesiae
253 2889 383 2976 legibus
400 2891 441 2956 de
466 2891 686 2955 matrimonio.
723 2888 801 2954 Jam
819 2890 907 2952 euim
932 2889 1137 2973 experientia

16 2988 196 3071 constabat,
221 3011 315 3074 reges
338 2998 371 3052 et
385 2989 553 3074 principes
577 2989 640 3051 ista
664 2989 699 3051 iu
722 3009 758 3051 re
783 2987 894 3051 omnia
918 2985 1033 3049 fraena
1056 2985 1137 3072 abji-

14 3103 90 3167 cere,
115 3088 294 3174 episcopos
310 3107 388 3150 vero
412 3087 534 3172 passim
550 3085 769 3172 promptiores
793 3093 919 3147 esseut
942 3082 1137 3169 obsequium

15 3179 71 3246 Illis
93 3193 316 3271 praestarent.
363 3183 523 3270 Adeoque
546 3181 756 3268 Apostolicae
781 3181 859 3247 Sedi
891 3180 1136 3266 invigilandum

16 3293 92 3368 erat,
126 3305 171 3348 ne
191 3282 271 3368 jura
296 3284 399 3367 ipsius
423 3281 642 3362 laederentur,
667 3301 752 3344 neve
777 3282 912 3365 impune
936 3278 1139 3344 violarentur

15 3383 217 3467 praescripta
230 3379 411 3444 Ecclesiae.
427 3417 471 3426 -
486 3379 599 3443 Etiam
614 3375 679 3442 alia
695 3377 791 3463 plura
814 3375 993 3462 Gregorius
1018 3399 1138 3462 magno

14 3497 82 3542 cum
107 3481 228 3564 vigore
252 3478 433 3564 disposuit,
467 3474 588 3564 quibus
616 3477 844 3540 auctoritatem
874 3472 1079 3560 pontificiam
1104 3477 1139 3540 in

14 3575 117 3640 Gallia
152 3575 370 3640 vacillantem
398 3577 541 3638 restituit
574 3583 606 3637 et
637 3571 815 3637 roboravit.
871 3571 1046 3636 Mandavit
1078 3573 1140 3638 Re

15 3667 109 3756 berto,
136 3683 177 3739 ut
200 3671 414 3760 Arnulphum
437 3671 657 3736 Rhemensem
681 3693 701 3734 a
724 3679 817 3756 patre
849 3671 884 3734 in
909 3669 1058 3734 custodia
1086 3670 1139 3735 dc-

14 3781 135 3836 tentum
161 3771 234 3836 sedi
257 3773 454 3852 restitueret,
479 3771 671 3857 episcopum
696 3769 894 3832 Ausciorum
924 3766 1049 3852 (Aucb)
1073 3767 1139 3832 ille·

11 3869 185 3951 gitimum,
225 3871 415 3955 pariterque
453 3870 646 3954 episcopum
686 3866 865 3930 Puteorum
907 3865 1008 3952 (Puyp
1041 3887 1139 3952 quem

14 3977 148 4048 patruus
180 3968 217 4031 in
247 3987 469 4031 successorem
493 3967 728 4046 destinaverat,
754 3963 915 4048 deposuit,
939 3961 1139 4027 Herluiuum

12 4063 182 4130 ordinavit
205 4065 240 4128 iu
264 4066 456 4150 episcopum
488 4063 575 4128 sedis
600 4061 876 4140 Cambriacensis,
900 4059 1066 4147 hujusque
1090 4083 1141 4126 ec·
1200 4113 1204 4122 .

82 4299 102 4360 ¹)
122 4295 186 4350 Gir.
205 4295 305 4359 Balan,
323 4293 413 4348 Storis.
431 4292 547 4358 d'Italis,
566 4292 597 4346 L.
617 4292 721 4346 XVIII.
741 4307 767 4346 n.
787 4289 914 4345 XXXIX.
