2932 4836
327 491 380 546 358
642 491 729 546 XVH.
770 491 808 544 De
826 491 970 544 schismate
987 489 1130 549 Phasiane.

236 656 241 667 ·
327 634 426 699 simul
448 634 635 716 advertens,
660 637 792 698 inanem
810 635 945 698 omnino
962 654 1033 696 esse
1049 632 1179 697 Nicolai
1196 635 1423 720 oppositionem.

328 733 391 796 Sed
413 733 503 809 dicis,
527 731 642 796 scribit
657 731 812 796 Pontifex
835 753 887 816 ep.
903 732 946 812 9¹,
971 733 1067 794 etiam
1090 732 1157 796 sine
1176 753 1326 796 coaetanea
1337 743 1423 794 norim

327 830 470 894 Plzotium
494 840 523 892 et
545 829 706 893 ecclesiam
727 839 934 906 retentarum,
970 839 1000 892 et
1023 821 1266 894 communiendos
1288 828 1424 894 Ecclesiae

326 927 514 1007 dabitur-ram,
539 929 696 1014 Ipsaatium
719 949 791 992 vero
814 927 897 991 nilsil
916 949 976 1013 par
997 949 1056 992 nos
1070 925 1301 992 meliorationis
1318 929 1426 1013 penitus

326 1025 523 1112 adeptnmem.
561 1025 730 1111 Exigebat
753 1027 864 1106 etiam,
889 1033 925 1088 ut
938 1023 1167 1109 Theognostue
1187 1024 1425 1089 archimandrita

326 1133 358 1188 et
373 1123 491 1210 reliqui
505 1123 626 1208 ignatii
640 1124 738 1187 amici
752 1125 815 1208 ipsi
828 1123 1023 1208 Imperatori
1035 1122 1253 1188 traderentur.
1277 1123 1425 1187 Postremo

325 1223 390 1286 nisi
407 1221 572 1307 postulata
587 1220 784 1306 adimpleret
797 1219 963 1302 Pontifex,
988 1219 1080 1284 urbis
1095 1221 1330 1284 exterminium
1345 1222 1427 1283 mina-

325 1319 432 1384 batur.
479 1319 792 1383 Intemninationidua
815 1319 932 1382 crebris
964 1318 1120 1383 &temne
1152 1340 1210 1382 nos
1242 1328 1273 1381 et
1302 1319 1429 1381 minitari

324 1418 492 1499 uidemini,
517 1428 667 1502 tanquam
690 1416 761 1479 sitis
780 1418 910 1501 patrius
934 1427 963 1479 et
986 1415 1058 1480 ambi
1079 1427 1207 1479 noemae
1230 1415 1371 1480 clamem
1390 1437 1428 1477 as·

326 1516 501 1578 terminium
525 1514 663 1578 illaturi.

413 1612 468 1676 48.
491 1610 647 1675 Nicolaus
672 1609 884 1696 Imperatoris
908 1610 1034 1675 litteras
1057 1611 1196 1696 accepit,
1222 1631 1325 1696 quum
1349 1611 1380 1674 in
1401 1629 1429 1671 co

325 1719 425 1790 esset,
462 1719 498 1771 ut
522 1707 844 1793 Constantinopolim
877 1711 1021 1772 mitteret
1052 1709 1177 1793 legatos
1209 1729 1286 1772 cum
1309 1703 1450 1794 epistola,

324 1805 504 1870 admodum
527 1805 689 1870 benevola
712 1806 756 1870 ad
779 1806 1030 1892 Imperatorem,
1055 1815 1157 1892 utque
1181 1827 1286 1870 novos
1310 1799 1450 1869 conatus

323 1903 447 1966 laceret
468 1902 511 1967 ad
526 1924 642 1989 pacem
658 1902 944 1990 Constantinopoli
961 1903 1221 1970 restaurandam.
1261 1903 1327 1969 Sed
1342 1923 1430 1989 quum

323 2023 343 2064 a
366 2000 530 2064 Michaiile
553 2000 633 2066 talia
657 2003 780 2087 scripte
804 2001 846 2066 ad
871 2004 980 2087 ipsum
1005 2001 1132 2066 directa
1156 2012 1279 2084 essent,
1304 2013 1335 2065 et
1357 2000 1432 2064 illins

323 2120 455 2185 quoque
478 2099 606 2183 lagatus
629 2101 778 2164 animum
801 2100 956 2165 Pontifici
980 2099 1146 2164 infensum
1175 2121 1254 2185 prae
1279 2121 1313 2162 se
1336 2082 1451 2162 temeti

324 2196 481 2261 Nicolaus
505 2197 548 2262 ad
571 2197 808 2283 Imperatorem
838 2219 958 2282 graves
980 2197 1128 2262 reddidit
1149 2197 1290 2280 litteras,
1324 2195 1433 2282 quibus

323 2294 503 2379 apostolico
528 2297 642 2379 vigore
666 2295 799 2380 sugillat
822 2297 892 2381 ejus
917 2297 1185 2374 irreverentiam,
1209 2297 1430 2379 arrogantiam.

323 2403 356 2455 at
380 2391 501 2456 malam
524 2393 624 2457 fidem
657 2415 722 2480 qua
746 2393 1003 2480 sophismatibus
1033 2395 1122 2458 facta
1155 2403 1187 2458 et
1210 2395 1333 2478 scripta
1355 2403 1452 2458 ante-3

323 2491 410 2554 riora
441 2513 461 2554 a
485 2512 563 2554 vero
588 2491 814 2577 detorquebat.
862 2491 1016 2558 Ostendit
1039 2491 1134 2574 dein,
1167 2512 1267 2576 quam
1292 2492 1381 2576 juste
1401 2511 1432 2552 ac

322 2588 503 2673 prudenter
535 2587 726 2674 Apostolica
750 2587 851 2654 Sedes
884 2590 918 2653 in
952 2611 1053 2653 causa
1075 2589 1197 2672 Ignatii
1230 2589 1350 2671 egerit,
1382 2587 1434 2649 Ro·

323 2687 412 2749 mani
429 2685 600 2750 Pontifiois
615 2687 693 2774 jura
710 2695 743 2751 et
761 2689 940 2772 primatum
960 2685 1110 2772 pluribus
1127 2686 1286 2764 vindicat,
1306 2694 1339 2749 et
1351 2685 1434 2748 irrite

323 2783 484 2864 declarat,
510 2805 594 2869 quae
619 2795 733 2850 contra
757 2786 828 2872 ejus
852 2807 1047 2850 consensum
1072 2785 1355 2848 etauctoritatem
1380 2782 1435 2846 dis·

322 2892 496 2966 ponantur.
543 2881 656 2946 Veluti
686 2884 758 2969 jam
792 2884 993 2968 praevidens
1027 2883 1202 2946 conamina
1234 2881 1435 2946 schismatica

322 2977 542 3045 Orientalium
566 3002 682 3045 severa
706 2982 993 3066 argumentatione
1017 2980 1177 3059 ostendit,
1209 2981 1386 3065 primatum
1409 2992 1437 3040 er.

316 3077 394 3162 jura
410 3078 551 3142 Romani
568 3077 741 3142 Pontificis
765 3079 900 3143 divinae
924 3079 1140 3144 institutionis
1164 3099 1245 3158 esse,
1271 3087 1335 3141 cta
1351 3075 1436 3140 nullo

321 3197 415 3260 posse
448 3173 566 3240 violari
605 3174 656 3240 vel
691 3177 807 3241 minui.
859 3175 897 3240 Si
933 3187 1044 3240 contra
1074 3174 1249 3261 prisilepa'a
1281 3177 1438 3240 Romanas

320 3272 485 3350 ecclesiae,
510 3270 635 3350 scribit,
659 3274 748 3338 nisus
771 3284 889 3338 nsanos
913 3274 1044 3359 eripitis,
1068 3281 1188 3348 caeeta,
1211 3295 1250 3334 ne
1275 3294 1367 3358 snper
1390 3293 1438 3334 eos

320 3379 549 3434 convertantur.
598 3371 721 3434 Duram
744 3373 860 3457 qnippe
884 3382 930 3434 est
951 3371 1048 3447 vodis,
1073 3380 1183 3433 eontra
1202 3369 1358 3434 stimulum
1380 3367 1437 3430 ccl·

320 3469 444 3531 daune.
493 3467 591 3532 Porro
624 3470 732 3532 sinos
764 3492 828 3532 non
850 3469 1037 3545 audieritis,
1070 3477 1169 3531 restat
1200 3475 1235 3528 nt
1264 3467 1333 3530 sitis
1354 3463 1439 3551 apml

319 3587 377 3628 nos
409 3569 602 3646 cerasano,
635 3566 744 3650 quales
773 3567 930 3632 Dominus
962 3577 1068 3630 noster
1090 3565 1186 3631 Jeme
1212 3563 1355 3630 Christro
1389 3565 1438 3625 loe

319 3661 428 3726 baberi
454 3665 635 3749 praecepit,
671 3665 726 3748 qni
748 3663 922 3728 Ecclemam
953 3665 1017 3728 Dei
1048 3662 1161 3727 audire
1193 3661 1438 3747 contempserint.

313 3762 507 3844 praesertim
537 3783 605 3824 mssa
627 3761 774 3826 ecclesiae
799 3765 962 3827 Romanae
992 3761 1164 3849 priuileyia
1191 3757 1312 3824 Christi
1331 3781 1384 3821 ore
1409 3761 1438 3820 iu

321 3857 410 3920 beato
437 3859 527 3922 iecra
550 3859 702 3942 mata,
734 3862 770 3923 in
793 3859 937 3925 Ecclesia
964 3863 1038 3947 ipsa
1061 3859 1237 3944 disposita,
1271 3857 1439 3939 anticanis-

320 3954 495 4032 obseruata,
520 3966 549 4020 et
573 3981 593 4020 a
617 3958 735 4021 sanans
757 3957 989 4022 universalibus
1006 3957 1145 4044 Synodis
1159 3951 1324 4030 celebrata,
1347 3963 1440 4036 atqua

205 4097 207 4104 ι
321 4076 342 4114 a
365 4063 476 4115 cancta
500 4054 638 4116 Ecclesia
656 4057 779 4145 jupiter
800 4066 960 4133 venerata,
984 4056 1166 4119 nullatenus
1183 4053 1309 4137 possint
1328 4051 1438 4113 muni.

320 4148 502 4213 nullatenus
532 4151 682 4236 infiinpi,
717 4152 900 4216 vnullatenus
922 4153 1106 4217 commutari
1113 4203 1121 4230 ,
1157 4153 1302 4234 queniam
1314 4147 1438 4234 francla·

321 4256 455 4309 incretum
479 4247 562 4332 qseocl
577 4247 665 4311 Dens
682 4251 804 4336 posuit,
827 4251 980 4314 leonianus
1002 4275 1066 4314 non
1087 4249 1173 4315 valet
1196 4273 1328 4316 amovere
1345 4266 1438 4308 mma-
