2952 4832
317 501 357 554 De
376 500 542 554 Pontificem
561 501 586 556 S.
607 499 734 568 Gregorii
752 499 814 555 Vll.
1101 498 1155 552 265

48 649 193 728 arrogantis
217 648 284 733 eja-s
307 645 481 728 nequitiam
504 645 662 728 patienter
681 642 927 730 perlaturem¹).
944 681 986 690 -
1002 641 1152 706 Dubium

49 755 142 805 tamen
167 742 309 820 ridetur,
340 763 382 804 au
408 743 571 826 expressis
600 741 713 805 verbis
737 741 916 824 Gregorius
940 740 1003 803 hac
1026 741 1154 802 ratione

47 839 81 901 ed
105 841 282 904 Henricum
306 841 483 924 scripserit.
533 840 630 903 Forte
656 839 752 902 modo
776 837 920 923 generali
946 838 1094 919 asseruit,
1119 859 1154 899 se

48 937 204 1001 Ecclesiae
222 939 300 1022 jura
325 947 357 1000 et
382 937 594 1022 disciplinam
618 937 732 1002 sedulo
756 939 918 1000 tuiturum
943 957 1022 999 csse.

123 1081 174 1142 55.
223 1077 422 1142 Accuratius
464 1101 549 1165 qnae
588 1081 622 1142 in
662 1079 737 1143 aula
770 1077 931 1164 imperiali
972 1077 1327 1148 acciderintmmeemm-

48 1177 192 1239 discimus
216 1199 258 1239 ex
289 1199 411 1240 coaevo
437 1179 595 1262 scriptore
619 1178 785 1242 Germano
812 1176 987 1262 Lamberto
1013 1176 1153 1240 Hcrsfel·
1219 1175 1280 1217 ¹²⁸¹&

48 1273 128 1336 densi
152 1273 194 1336 ad
210 1298 239 1336 a.
260 1273 356 1339 1073.
373 1313 416 1321 -
435 1274 648 1354 „Alexander
672 1298 768 1360 papa,
794 1275 917 1358 scribit,
943 1277 999 1360 qui
1024 1284 1057 1338 ct
1072 1275 1154 1338 Ans-

49 1370 180 1450 lrclmus,
214 1369 364 1436 decessit.
415 1371 475 1434 Cni
510 1374 650 1436 Romani
684 1375 833 1458 protinus
864 1373 1048 1437 inconsulto
1079 1397 1155 1456 rege

46 1491 254 1532 successorem
280 1468 450 1553 elegerunt
473 1469 751 1552 Hildebrandum,
785 1472 886 1534 sacris
909 1470 1026 1534 litteris
1050 1470 1156 1533 crudi·

46 1568 195 1628 tissimum
221 1579 254 1629 et
278 1569 311 1630 in
327 1577 395 1631 tota
408 1568 568 1648 Ecclesia,
594 1579 741 1654 tempore
764 1590 894 1654 quoque
912 1570 1057 1654 priorum
1074 1569 1156 1631 Pon·

45 1664 175 1738 cilicum,
209 1667 356 1728 omnium
382 1667 542 1729 virtutum
565 1689 686 1750 genere
711 1665 973 1732 celeberrimum.
1023 1667 1054 1728 Is
1078 1687 1156 1750 qne-

46 1763 122 1824 niam
148 1762 216 1826 zelo
242 1763 306 1825 Dei
329 1763 593 1828 lasciuissimus
618 1775 697 1843 erat,
723 1766 869 1850 episcopi
887 1761 1072 1828 Galliarum
1098 1763 1156 1850 (sc.

46 1857 163 1924 Galliac
188 1873 219 1924 et
236 1859 450 1941 Germaniae)
476 1863 625 1948 protinus
649 1862 766 1946 grandi
792 1861 945 1946 scrupulo
970 1863 1156 1948 permoveri

46 1969 223 2042 coeperunt,
259 1980 299 2020 nc
326 1960 376 2021 vir
400 1957 605 2023 vehementis
630 1961 756 2045 ingenii
780 1969 812 2023 et
836 1961 921 2024 cieris
945 1982 1023 2043 erga
1047 1960 1157 2022 Deum

46 2055 112 2118 fidei
137 2056 319 2120 districtius
343 2079 397 2120 eos
412 2080 471 2143 pro
496 2058 707 2140 negligentiis
731 2059 798 2122 suis
824 2058 1026 2144 quaudoque
1051 2057 1157 2120 discu-

46 2168 126 2218 teret.
174 2155 284 2240 Atque
321 2154 403 2218 adeo
442 2156 674 2219 communibus
715 2179 828 2220 omnes
870 2157 1015 2220 consiliis
1046 2177 1157 2240 regem

45 2251 141 2314 adorti
157 2251 305 2330 orabant,
331 2263 366 2314 ut
383 2252 576 2316 electionem
594 2276 678 2338 quae
694 2256 764 2339 ejus
780 2255 908 2337 injussu
926 2255 1014 2317 lacta
1037 2254 1156 2335 iuerat,

48 2349 164 2412 irritem
189 2349 258 2412 fore
282 2350 483 2432 decerneret,
509 2361 699 2433 asserentes
726 2350 894 2436 quodnisi
920 2355 1079 2438 impetum
1104 2351 1158 2414 he-

48 2448 137 2509 minis
161 2449 356 2532 praevenire
380 2458 569 2531 maturaret,
595 2449 717 2513 malum
741 2449 804 2512 hoe
821 2471 884 2513 non
912 2451 945 2513 in
962 2449 1064 2512 alium
1088 2471 1160 2531 gra-

47 2544 113 2607 vius
137 2567 236 2629 quam
262 2547 295 2608 in
320 2547 429 2630 ipsum
453 2569 563 2630 regem
588 2547 851 2611 redundaturum
876 2556 961 2610 esset
983 2547 1006 2631 )
1039 2546 1158 2610 Statim

47 2663 99 2704 rex
121 2667 140 2706 a
163 2641 265 2706 latere
289 2666 346 2706 suo
363 2643 594 2708 Eberhardum
620 2648 773 2708 comitem
799 2647 896 2724 misit,
922 2648 977 2731 qui
993 2646 1159 2709 Romanos

47 2760 189 2822 proceres
221 2743 424 2806 conveniens
457 2764 591 2807 causam
623 2743 665 2806 ab
699 2745 747 2806 eis
786 2744 1023 2824 sciscitaretur,
1058 2765 1159 2828 quare

47 2851 167 2918 praeter
190 2839 461 2904 consuetudinem
489 2841 651 2926 majorum
674 2863 751 2926 rege
776 2840 962 2904 inconsulto
988 2840 1159 2905 Ecclesiae

46 2935 228 3016 pontificem
263 2937 480 3014 ordinassent,
514 2941 687 3026 ipsumque
712 2941 738 3002 si
763 2961 828 3003 non
853 2939 970 3003 idonee
995 2939 1159 3002 satisface-

47 3043 99 3114 ret,
130 3032 242 3098 illicite
266 3047 403 3120 acccpta
428 3035 589 3120 dignitate
613 3038 769 3101 abdicare
801 3059 835 3101 se
865 3039 1079 3122 praeciperet.
1126 3037 1160 3100 Is

47 3132 175 3195 veniens
199 3133 338 3195 Romam
373 3132 515 3218 benigne
546 3157 566 3197 a
589 3135 759 3220 praedicto
793 3137 864 3199 viro
897 3145 1069 3220 susceptus
1100 3145 1158 3198 est.

47 3225 188 3314 (Jamque
213 3228 260 3294 illi
287 3231 443 3294 mandata
467 3234 553 3314 regis
577 3235 792 3318 exposuisset,
816 3234 996 3319 respondit,
1029 3255 1062 3296 se
1086 3234 1160 3296 Deo

65 3383 176 3392 --—-.

115 3469 135 3536 ¹)
153 3471 191 3525 De
210 3485 310 3538 persec.
329 3471 360 3523 L.
380 3471 428 3524 III.
449 3488 490 3538 ap.
511 3471 675 3536 Watterielr,
696 3473 717 3524 Ι.
737 3472 797 3526 309.

113 3557 133 3618 Ἰ)
150 3559 243 3614 Etiam
262 3560 425 3630 Gregorium
443 3559 641 3614 vercellensem
669 3561 822 3628 episcopum
841 3561 938 3614 ltaliae
966 3562 1158 3616 cancellarium

46 3635 183 3705 obstitisse,
208 3657 242 3694 ue
262 3641 388 3709 Gregorii
414 3640 540 3695 electioni
568 3641 700 3694 Hearicus
723 3641 762 3694 IV
788 3641 965 3707 consentiret,
991 3642 1096 3696 cruitur
1121 3657 1154 3695 ex

46 3714 157 3782 epacta
183 3719 316 3774 Guilelmi
341 3721 456 3774 Abbatis
480 3721 610 3775 tielensis
644 3721 678 3774 acl
704 3721 864 3790 Gregorinm
892 3723 1014 3776 electum.
1059 3723 1160 3789 „Unda

45 3795 141 3862 scribit,
165 3805 193 3854 et
212 3799 258 3854 ille
277 3801 398 3856 diabolus
417 3800 595 3856 Vercellensis
613 3817 673 3855 cnm
697 3801 753 3855 suis
780 3801 951 3868 complicibus
971 3802 1100 3867 elaborat,
1128 3811 1162 3856 ut

46 3879 75 3926 tu
94 3876 120 3930 in
137 3881 197 3936 sede
216 3897 270 3935 uon
289 3881 386 3936 debeas
404 3881 564 3946 confirmari,
589 3889 712 3936 metuens
731 3881 818 3946 miser,
845 3898 878 3936 ne
897 3882 944 3936 illo
963 3881 1020 3935 zelo
1040 3887 1087 3936 tuo
1107 3897 1161 3948 quo

46 3954 72 4007 in
90 3956 175 4014 hostes
194 3961 330 4016 Ecclesiae
348 3962 521 4016 exardescere
539 3961 616 4026 soles,
635 3979 707 4016 nnuc
726 3962 784 4028 ejus
802 3961 918 4031 flagitia,
944 3962 1001 4030 ejus
1021 3963 1160 4037 dedecora,

47 4035 102 4102 ejus
118 4039 229 4094 debeant
247 4041 345 4110 probra
363 4043 493 4098 damnari.
519 4042 620 4096 Verum
639 4043 761 4096 omnibus
780 4043 856 4096 bonis
870 4059 900 4097 eo
913 4044 971 4110 ipso
989 4042 1159 4117 plasmasse,

47 4131 97 4180 qno
118 4120 236 4186 pessimis
261 4122 398 4191 displices3
427 4123 491 4189 quio
514 4138 568 4176 non
593 4122 652 4176 leve
679 4122 723 4176 rel
749 4123 888 4176 minimum
914 4129 956 4176 est
974 4123 1160 4177 testimoninm

46 4196 189 4266 probitatis,
208 4201 376 4270 displicuisse
393 4203 458 4256 liliis
476 4203 657 4270 iniquitatis.“
694 4205 745 4270 Ap.
766 4203 901 4266 ilabillon,
921 4203 1060 4268 Analecta,
1086 4203 1116 4259 T.
1139 4203 1161 4255 i.

47 4295 71 4343 p.
91 4281 145 4334 lio.
183 4283 218 4337 ll.
239 4283 278 4349 G,
298 4283 395 4352 Script.
415 4283 475 4339 xii.
496 4285 555 4338 172.
