2952 4832
298 464 352 516 265
531 463 605 517 XXI.
625 463 665 516 De
684 463 708 516 S.
729 462 861 531 Gregorio
880 464 934 516 Vll
953 465 1027 516 Rom.
1051 463 1188 518 Pontifice.

300 617 382 670 teste
415 607 548 670 honoris
580 607 679 692 hujus
716 608 845 691 apicem
886 629 1065 692 numquam
1108 629 1165 691 per
1203 609 1397 673 ambitionem

298 707 480 786 affectasse,
521 705 578 768 sed
621 705 760 768 eloctum
797 728 830 768 se
864 728 882 767 a
913 706 1071 769 Romanis
1104 716 1136 768 et
1164 707 1323 770 violenter
1350 709 1398 770 sibi

302 805 488 888 impositam
514 805 613 866 larissa
637 803 850 867 ecclesiastici
874 805 1046 882 regiminis
1070 807 1312 881 necessitatem,
1343 809 1397 888 cogi
1460 832 1469 866 l

300 913 412 965 tamen
437 902 524 965 nullo
550 901 646 964 modo
672 903 826 986 potuisse,
851 913 887 964 ut
907 901 1052 965 ordinari
1077 923 1112 966 se
1128 904 1338 987 permitteret,
1359 903 1399 966 do·
1468 949 1469 956 κ

301 1021 364 1063 nec
387 1001 422 1063 in
439 1000 631 1064 electionem
657 1021 750 1063 suam
773 1009 841 1063 tam
865 1021 976 1082 regem
992 1021 1091 1085 quam
1108 1001 1278 1086 principes
1291 1000 1315 1085 ¹)
1335 1002 1400 1064 Ten·
1468 1019 1469 1054 ὲ

299 1099 403 1162 tonici
428 1100 520 1182 regni
546 1099 762 1179 consensisse,
796 1107 885 1161 certa
908 1097 1072 1180 legatione
1097 1109 1327 1182 cognosceret3
1354 1099 1400 1161 hac
1468 1129 1469 1151 1

301 1198 427 1260 ratione
453 1196 615 1260 distulisse
639 1195 748 1259 adhuc
773 1195 1014 1259 ordinationem
1039 1217 1143 1278 suam,
1168 1205 1202 1258 et
1225 1197 1298 1260 sine
1320 1195 1401 1260 dubio
1468 1243 1469 1250 κ

302 1295 492 1371 dilaturum,
518 1293 622 1356 donec
647 1292 709 1356 sibi
724 1293 928 1357 voluntatem
952 1295 1039 1378 regis
1059 1303 1169 1357 certus
1184 1293 1264 1356 inde
1289 1295 1403 1356 veniens

302 1394 439 1456 nuntius
464 1393 640 1455 intimaret.
676 1391 749 1454 Hoc
773 1391 831 1454 ubi
855 1393 924 1476 regi
949 1401 998 1454 est
1021 1393 1259 1474 renuntiatum,
1284 1391 1404 1456 libenter
1459 1430 1463 1467 :

302 1493 447 1575 suscepit
463 1489 730 1570 satisfactionem,
748 1500 780 1552 et
794 1489 973 1553 laetissimo
989 1489 1145 1572 suffragio
1163 1499 1199 1552 ut
1215 1489 1404 1554 ordinaretur
1460 1560 1464 1569 Ι

304 1589 507 1653 nrandavit.“
530 1587 706 1651 -Attulit
728 1589 815 1670 regis
839 1609 1035 1651 consensum
1048 1586 1228 1671 Gregorius
1240 1587 1404 1652 Vercellae-

303 1688 359 1749 sis.
407 1688 478 1749 Iter
501 1685 587 1748 illico
617 1687 711 1763 misit,
744 1688 790 1749 ait
813 1685 947 1768 Bonizo,
986 1683 1172 1770 Gregorium
1202 1683 1404 1750 Vercelleueen
1459 1656 1469 1749 l

303 1786 483 1870 episcopum
504 1783 612 1846 Italici
634 1786 723 1868 regni
745 1783 980 1862 cancellariam,
1005 1786 1059 1868 qai
1082 1788 1149 1872 ejus
1172 1783 1350 1848 electionem
1362 1783 1406 1866 fir·
1468 1809 1469 1812 ¹

294 1892 405 1945 ,erraret
428 1893 457 1944 et
481 1886 546 1972 ejus
571 1885 734 1944 interesset
757 1883 995 1944 consecrationi.

130 2028 230 2078 Grosorii
251 2039 294 2068 ma
394 2016 446 2080 56.
495 2015 544 2078 Ea
568 2015 725 2078 hocloco
751 2037 821 2078 sese
846 2015 994 2100 quaestio
1019 2015 1123 2094 offert,
1150 2012 1407 2098 quomodoque¹
1468 2025 1469 2032 ’

305 2111 484 2196 Gregorius
509 2113 570 2175 hac
595 2114 628 2176 iu
653 2115 814 2196 regessit,
841 2112 1039 2176 cohaereant
1063 2134 1137 2175 oum
1159 2115 1229 2174 suis
1253 2112 1408 2196 principiis
1468 2153 1469 2184 ,

305 2211 347 2274 de
363 2210 533 2274 Ecclesiae
549 2211 709 2295 dignitate
724 2219 756 2274 et
771 2210 1038 2296 independentia,
1064 2220 1095 2274 et
1118 2231 1283 2296 quaenam
1307 2209 1409 2272 luerint

306 2310 431 2372 motiva
455 2309 664 2384 HenricilV,
690 2320 726 2372 ut
750 2310 960 2372 confirmaret
983 2308 1176 2372 electionem
1203 2309 1301 2390 illius,
1327 2330 1409 2394 quem

139 2097 181 2139 dus
197 2097 282 2149 madi.

1468 2195 1469 2234 l

305 2407 432 2470 sciebat
454 2406 623 2470 Ecclesiae
653 2407 730 2492 jura
754 2419 787 2471 et
810 2405 1020 2491 disciplinam
1048 2427 1167 2487 magno
1198 2429 1274 2470 cnm
1299 2407 1411 2471 ferron:

304 2507 400 2570 tueri.
413 2543 455 2551 —
470 2504 673 2590 Adprimam
684 2507 910 2590 quaestionem
925 2504 1013 2590 quod
1027 2506 1154 2580 attinet,
1170 2504 1412 2590 repensorem
1466 2581 1467 2592 ἵ

305 2613 338 2667 et
361 2603 608 2688 bambergerr)
644 2603 843 2686 inficiantur,
880 2627 901 2668 a
924 2601 1083 2685 Gregorio
1108 2601 1174 2665 Vll.
1200 2625 1316 2667 revera
1338 2603 1412 2665 Han·

305 2704 374 2766 rico
387 2701 436 2764 IV
460 2725 553 2765 suam
574 2701 768 2766 electionem
785 2702 971 2765 nuntiatam
987 2702 1086 2764 fuisse
1110 2722 1147 2763 eo
1165 2723 1277 2786 scopo,
1303 2711 1337 2764 nt
1352 2723 1412 2763 earu
1466 2711 1467 2776 ζ

306 2821 469 2864 consensu
494 2821 552 2863 suo
577 2800 732 2864 firmaret.
780 2798 960 2864 Contendit
988 2799 1008 2864 l.
1035 2821 1063 2864 c.
1087 2799 1307 2882 Damberger‚
1340 2799 1413 2861 illico

306 2897 441 2984 quidem
458 2897 655 2962 urbanitatis
670 2899 786 2982 gratia,
812 2899 860 2962 uti
880 2897 954 2961 aliis
977 2897 1196 2983 principibus,
1222 2899 1269 2960 ita
1293 2909 1325 2960 et
1341 2897 1415 2960 Hen-

305 2996 374 3058 rico
406 3018 426 3059 a
450 2994 609 3080 Gregorio
641 2997 828 3060 nuntiatam
852 2995 953 3059 fuisse
977 3017 1070 3058 suam
1099 2994 1306 3072 electionem,
1337 2991 1413 3057 haud

307 3116 386 3158 vero
410 3094 499 3179 quod
515 3095 576 3178 ipsi
593 3093 728 3180 aliquod
737 3095 794 3178 jus
809 3094 1069 3158 confirmationis
1084 3091 1269 3174 tribuisset3
1294 3103 1325 3155 et
1339 3089 1414 3178 quod

306 3193 438 3277 petierit
462 3202 498 3255 ut
522 3214 700 3256 consensus
725 3191 952 3275 denegaretur,
977 3190 1123 3255 fabulam
1148 3213 1218 3254 esse
1238 3191 1413 3254 llonizonis.

306 3289 529 3354 -Attamen
553 3291 613 3353 etsi
638 3290 720 3353 forte
744 3290 855 3376 quoad
880 3289 966 3353 hanc
989 3290 1182 3374 petitionem
1201 3287 1361 3374 quaedam
1383 3287 1415 3350 sit

305 3390 396 3473 apud
420 3389 623 3452 Bonizonem
648 3387 992 3472 exaggeratio,'nulla
1021 3397 1070 3450 est
1099 3389 1180 3450 ratio
1206 3409 1266 3450 cur
1289 3397 1413 3450 caetera.

307 3509 392 3575 quae
416 3498 566 3552 auctores
590 3487 705 3550 coaevi
729 3497 761 3552 et
785 3508 914 3571 graves,
939 3485 1063 3549 Bonizo
1088 3495 1121 3548 et
1144 3485 1351 3564 Lambertus,
1377 3505 1416 3545 m·

306 3587 426 3666 ferunt,
451 3594 622 3668 negentur.

397 3702 452 3765 57.
491 3701 671 3785 Gregorius
687 3700 822 3786 quidem
840 3699 983 3780 tenebat,
1003 3699 1060 3786 jus
1078 3701 1333 3764 confirmationis
1356 3695 1416 3762 nul·

306 3799 437 3864 latenus
461 3822 521 3887 per
545 3823 578 3863 se
602 3801 669 3883 regi
696 3800 884 3880 convenire,
910 3797 967 3861 sed
992 3797 1112 3882 agebat
1135 3799 1313 3862 secundum
1337 3817 1415 3858 men·

310 3935 417 3943 ----.--
424 3935 483 3942 -.-.....
495 3936 499 3941 .

383 4008 402 4070 ¹)
422 4007 569 4075 stiricipee
590 4011 665 4060 certe
678 4009 790 4060 eatenus
811 4009 926 4070 tantum,
946 4009 1079 4072 quatenus
1092 4003 1166 4072 regis
1179 4001 1319 4056 consiliarii
1331 4007 1414 4055 erana

308 4086 431 4141 conditio
450 4103 595 4142 consensus
614 4093 674 4140 erat
693 4085 764 4140 enim
782 4083 957 4154 privilegium
975 4083 1115 4152 personale
1133 4082 1244 4137 Henrici
1262 4081 1305 4135 lV.

382 4167 517 4315 ggeeglp
535 4167 562 4299 g.
575 4166 661 4300 7S9tpdt
680 4167 756 4220 Rom.
782 4165 807 4218 Β.
827 4167 888 4220 208.
908 4180 935 4220 n.
954 4167 979 4219 ἓ.
