3054 4834
140 3341 304 3393 Synodurltom

171 3425 191 3453 a.
207 3413 273 3454 tots.

309 480 364 531 348
545 481 619 537 XXI.
640 483 679 537 De
698 484 724 538 S.
744 483 876 553 Gregorio
895 484 950 538 tn
969 485 1044 538 Rom.
1065 484 1205 538 Pontifice.

311 621 405 688 libris
430 625 660 690 vehementius
692 629 861 714 impetitus
892 639 986 706 esset,
1019 639 1060 698 et.
1086 629 1186 692 etiam
1211 629 1337 713 passim
1366 627 1438 692 aliis

312 722 377 785 viis
400 722 614 810 lacessitus¹),
638 725 860 808 contenderet,
886 749 920 790 se
944 728 1166 812 persecutioni
1192 726 1310 790 obesse
1335 728 1439 789 inimi-

311 841 426 884 corum
452 843 595 888 suorum.
634 821 770 887 Studuit
795 827 896 904 igitur·
921 823 1076 888 Pontifex
1101 833 1274 888 mansuete
1300 846 1376 888 eum
1400 825 1440 888 ad

313 941 426 982 veram
452 918 636 984 doctrinam
655 921 824 985 reducere.
855 921 966 1008 Atque
984 921 1155 1006 probabile
1180 933 1239 1003 est,
1264 921 1440 986 formulam

311 1018 466 1102 priorem,
491 1040 593 1103 quum
610 1019 832 1106 Berengarius
857 1042 929 1084 eam
955 1021 1048 1105 quasi
1074 1021 1246 1105 proprium
1262 1019 1442 1083 Humberti

310 1115 437 1180 foetum
461 1119 616 1180 atrociter
638 1115 822 1200 lacerasset,
855 1139 1023 1204 quumque
1054 1117 1184 1182 facilius
1215 1117 1347 1204 aliquot
1375 1119 1442 1203 ejus

314 1211 417 1277 verbe
448 1224 658 1299 praepostere
691 1227 826 1301 possent
859 1217 966 1302 accipi
987 1225 1032 1279 'et
1061 1217 1194 1303 exponi,
1232 1215 1442 1300 indulgentia

313 1310 468 1396 prudenti
494 1314 669 1398 sepositam
706 1335 786 1378 esse.
833 1314 1035 1394 Berengario
1072 1335 1267 1379 concessum
1310 1324 1371 1396 est,
1413 1328 1444 1376 ut

311 1409 378 1474 alia
392 1411 595 1495 professione
618 1410 718 1476 fidem
743 1434 837 1476 suam
854 1412 1057 1497 explicaret;
1081 1421 1114 1475 et
1131 1413 1165 1474 in
1182 1412 1314 1495 synodo
1333 1365 1443 1498 aliqua

313 1509 444 1581 minori,
469 1509 593 1572 Romae
617 1509 699 1573 festo
724 1531 872 1574 ommuni
889 1510 1117 1576 Sanctorum
1110 1532 1189 1574 annr
1182 1511 1291 1574 1078
1319 1509 1444 1578 lrabita
1507 1519 1508 1544 ³

314 1606 402 1670 hanc
426 1606 531 1670 edidit
554 1607 809 1691 professionem:
836 1609 989 1692 ltuflteor
999 1631 1120 1694 partem
1135 1606 1253 1671 altares
1272 1619 1352 1694 post
1377 1634 1446 1671 coa

312 1706 528 1782 secretionem,
561 1727 625 1768 ease
648 1728 755 1770 verum
787 1729 901 1792 corpus
928 1703 1056 1784 Christi,
1088 1707 1170 1791 quod
1200 1718 1313 1770 tratrem
1338 1719 1387 1770 est
1411 1709 1446 1768 de
1507 1777 1508 1788 ἶ

322 1805 458 1889 Virpr'rre,
482 1803 567 1888 quod
583 1825 719 1889 parsum
743 1815 789 1868 ert
812 1807 847 1868 ia
871 1827 969 1883 crece,
994 1805 1078 1889 quod
1102 1804 1187 1868 sedet
1212 1805 1256 1867 ad
1280 1806 1445 1869 deaeteraor
1507 1821 1508 1856 2

312 1901 432 1978 Patres,
458 1911 488 1964 et
509 1903 615 1964 aarum
630 1901 747 1966 altorio
755 1913 926 1987 postquam
940 1913 1153 1966 consecraturos
1174 1913 1229 1979 eat,
1255 1925 1323 1966 esse
1341 1927 1445 1967 cerum

312 2001 506 2084 sanquinem,
531 2000 739 2084 quimaaaoit
762 2000 800 2062 de
825 1999 925 2062 latere
953 1997 1082 2064 Ctrtsrt.
1122 2001 1164 2062 Et
1188 2002 1269 2064 sicut
1294 2024 1351 2064 ore
1373 2024 1445 2087 pro-

310 2099 434 2176 arratr'o,
467 2098 516 2161 ita
539 2119 586 2160 me
610 2098 702 2160 corde
726 2097 838 2161 babere
862 2098 1030 2178 confirmo,
1064 2099 1107 2162 sic
1132 2121 1177 2160 me
1202 2097 1336 2186 adjacet
1362 2099 1447 2161 Deua

310 2206 343 2257 et
365 2195 440 2258 laec
464 2217 566 2260 sacra.
604 2193 792 2258 Videbatur
815 2217 895 2259 sane
918 2194 1001 2259 haec
1025 2193 1168 2258 formula
1192 2209 1281 2280 apta,
1309 2205 1348 2259 ut
1374 2198 1445 2258 sim-

313 2291 390 2376 plici
422 2292 530 2371 modo,
563 2291 781 2375 ambiguitate
806 2295 895 2356 omni
920 2303 1055 2374 remota,
1090 2292 1172 2357 fides
1197 2292 1368 2358 catholiea
1394 2316 1448 2356 ex·
1507 2317 1508 2340 ÷

312 2391 518 2474 primeretur,
553 2393 615 2454 nisi
646 2390 744 2476 plane
779 2391 874 2456 vafer
898 2401 930 2455 et
953 2391 1129 2476 hypocrite
1153 2413 1256 2456 senex
1281 2415 1446 2478 suppone·

312 2498 412 2553 retur.
459 2489 549 2553 Hinc
580 2487 761 2573 Gregorius
794 2487 983 2554 nullatenus
1016 2481 1214 2574 reprehendi
1246 2501 1364 2575 potest
1397 2489 1446 2552 rel

311 2585 437 2651 favoris
451 2587 564 2672 injusti
590 2587 624 2650 in
638 2587 878 2669 Berengarium
903 2589 1063 2670 accusari,
1088 2588 1176 2673 quod
1193 2589 1224 2650 ei
1238 2591 1448 2674 permitteret

312 2683 377 2746 hac
408 2684 610 2770 professione
642 2684 827 2749 doctrinam
853 2707 947 2750 suam
972 2684 1190 2749 orthodoxam
1215 2688 1344 2750 testari.
1396 2687 1448 2750 at-

314 2780 494 2846 hilominus
518 2805 621 2867 quum
645 2782 756 2868 plures
780 2785 927 2869 episcopi
952 2793 1154 2864 vererentur,
1179 2806 1218 2846 ac
1234 2785 1369 2866 merito,
1397 2786 1446 2849 do·

312 2879 381 2943 lcsc
406 2879 575 2944 hominem
599 2903 697 2966 agere
722 2903 864 2967 suosque
889 2881 1025 2966 palliare
1045 2902 1181 2962 errores,
1206 2891 1373 2947 statutum
1393 2897 1447 2948 est.

314 2987 351 3041 ut
374 2979 596 3062 Berengarius
621 2989 806 3044 remaneret
830 2979 954 3043 Rornae
980 3001 1081 3066 usque
1106 2979 1149 3044 ad
1173 2980 1343 3064 synodum
1371 3004 1447 3068 qua·

314 3077 568 3160 dragesimalem
602 3080 681 3142 anni
710 3079 805 3158 1079,
839 3080 873 3142 in
898 3101 973 3164 qua,
1007 3079 1032 3142 si
1058 3088 1233 3163 oporteret,
1266 3081 1372 3144 etiarn
1400 3105 1447 3144 ar-

315 3177 461 3239 curatius
484 3175 584 3239 fidem
609 3198 702 3240 suam
728 3186 912 3241 testaretur

407 3329 480 3392 148
527 3327 640 3393 Mense
666 3327 847 3392 februario
880 3327 1012 3416 (diell
1020 3328 1158 3410 ⁰)illud
1183 3327 1368 3393 concilium
1394 3329 1444 3393 ha·

314 3427 420 3491 bitum
455 3437 513 3508 est,
548 3437 580 3489 et
610 3449 669 3512 per
701 3436 767 3490 tres
797 3425 867 3490 dies
891 3425 931 3491 de
956 3425 1035 3490 reali
1060 3427 1247 3512 praesentia
1281 3425 1442 3492 disens-rio

313 3525 412 3590 facta.
460 3477 625 3608 Videlicet
659 3525 815 3611 ,quidam
846 3527 1005 3589 caecitate
1038 3525 1141 3589 nimia
1172 3533 1204 3587 et
1238 3524 1340 3602 longa
1378 3549 1442 3612 per·

314 3623 397 3687 culsi
422 3624 528 3704 figura
552 3635 681 3688 tantum
706 3645 787 3705 erse,
820 3645 854 3686 se
885 3623 1032 3709 aliosque
1061 3623 1275 3708 decipientes,
1311 3624 1441 3709 quibus·

314 3722 391 3786 dam
417 3721 685 3786 cavillationibus
716 3721 924 3785 conabantur
947 3731 1103 3785 astruere.
1151 3719 1216 3784 Sed
1251 3743 1328 3784 mox
1362 3724 1441 3786 refu·

313 3822 385 3901 tati,
420 3831 452 3884 ct
482 3821 626 3907 denique
651 3820 873 3902 Berengarius
905 3819 1005 3905 hujus
1037 3816 1157 3883 erroris
1188 3821 1349 3898 magister
1374 3831 1441 3905 post

390 4124 409 4172 ¹t
429 4123 517 4188 Quum
536 4139 559 4176 a.
582 4123 651 4176 1075
670 4137 758 4175 coram
777 4121 878 4187 synodo
897 4119 1065 4175 Pictariensi
1084 4121 1285 4187 comparuisset,
1314 4131 1341 4174 et
1361 4138 1381 4173 s.
1394 4119 1440 4172 lii·

313 4203 413 4258 larium
437 4210 531 4256 contro
557 4203 641 4270 ipsius
666 4201 804 4256 doctrinas
823 4202 938 4254 citatum
957 4215 1077 4254 erromm
1103 4206 1249 4264 sccumret,
1275 4208 1357 4254 tauta
1375 4217 1437 4253 <ons

313 4283 398 4337 ructio
418 4283 446 4336 in
466 4282 660 4350 Bereugorium
681 4289 741 4336 orta
761 4287 810 4344 est,
829 4289 860 4334 nt
881 4281 939 4334 vita.
958 4281 1016 4348 ejus
1035 4279 1185 4348 periclitari
1205 4279 1353 4335 videretur.
