2922 4832
442 474 482 530 De
501 473 636 529 Simoniae
654 473 721 529 laba
1101 477 1152 531 181

47 625 137 690 Patris
158 648 217 712 por
239 625 405 709 virginem
429 625 473 690 ad
496 647 555 690 nos
579 637 677 691 natus
701 635 750 690 est
772 626 995 709 redimendos,
1019 629 1067 692 ita
1082 631 1150 692 suis

47 727 205 811 praecepit,
230 725 364 788 mittens
375 744 431 788 eos
446 725 482 788 in
496 722 609 788 orbem
623 726 815 790 universum
829 724 1014 811 Apostolis:
1039 723 1152 792 Gratis

44 824 220 907 accepistis,
243 823 347 906 gratis
371 821 456 886 date.
503 821 572 886 Vos
603 831 715 886 autem
738 823 879 888 avaritia
903 833 935 886 et
968 825 1152 909 cupiditate

44 923 183 1006 corrupti,
215 921 272 1007 qui
298 919 377 984 dum
401 919 550 984 conferre
575 919 749 1005 deberetis,
775 921 809 984 in
833 919 1024 1005 hujusmodi
1049 930 1153 986 trans-

42 1020 209 1101 gressione,
246 1017 356 1082 dando
380 1027 414 1081 et
435 1018 631 1104 accipiendo
656 1040 835 1097 canonem,
871 1018 1040 1083 maledicti
1064 1021 1151 1086 estis.
1237 1041 1240 1046 ’

44 1116 115 1180 Nam
137 1127 169 1182 et
192 1125 287 1202 pater
310 1137 412 1199 meus,
437 1115 478 1180 de
502 1116 597 1201 cujus
614 1118 746 1181 animae
760 1115 907 1202 periculo
933 1116 1031 1182 valde
1055 1119 1153 1203 perti·

41 1234 147 1296 mesco,
172 1213 398 1278 damnabilem
422 1216 599 1278 avaritiam
623 1217 658 1278 in
684 1217 753 1279 vita
777 1215 877 1278 nimis
901 1216 1060 1282 exercuit.
1100 1215 1152 1280 Id·

42 1313 116 1375 circo
132 1313 333 1398 quicumque
348 1320 534 1376 vestrorum
550 1311 688 1398 hujusce
702 1313 851 1377 criminis
864 1335 898 1376 se
911 1321 1034 1377 norunt
1043 1322 1152 1377 conta-

42 1413 178 1492 minatos,
192 1419 320 1495 oportet
329 1419 366 1473 nt
375 1431 467 1474 sacro
481 1411 664 1475 ministerio
677 1409 860 1475 secundum
871 1409 1151 1496 dispensationem

41 1510 222 1572 canonicam
247 1517 432 1574 arceantur.
467 1508 565 1572 Patet
588 1529 664 1593 ergo
690 1508 968 1592 manifestissime,
994 1511 1152 1596 quoniam

41 1617 161 1691 propter
184 1606 273 1670 hanc
296 1607 457 1671 offensam
480 1615 646 1671 venerunt
675 1628 774 1691 super
797 1606 882 1671 filios
907 1605 1080 1672 hominum
1105 1608 1151 1672 di-

40 1724 141 1768 versae
165 1703 294 1786 clades,
326 1704 431 1768 fames
453 1702 611 1768 videlicet
633 1713 732 1790 atque
757 1703 937 1769 mortalitas
965 1726 1096 1770 necnon
1120 1715 1153 1768 et

39 1800 166 1884 gladius.
215 1801 340 1868 Omnes
372 1803 496 1888 quippe
519 1801 643 1887 gradus
679 1801 910 1883 ecelesiastici,
948 1825 968 1867 a
1005 1805 1151 1868 maximo

39 1897 188 1965 Pontifice
212 1900 384 1987 usquead
408 1900 589 1981 ostiarium,
614 1901 848 1985 opprimuntur
877 1923 936 1986 per
959 1923 1037 1966 auae
1061 1900 1152 1966 dam·

38 2001 171 2064 nationis
195 2001 358 2084 pretium,
390 2020 430 2062 ac
448 1997 548 2084 juxta
571 2019 688 2062 vocem
713 1998 930 2079 dominicam,
964 2000 999 2063 in
1024 2001 1151 2064 cunctis

37 2106 197 2177 grassatur
227 2095 397 2182 spirituale
428 2095 650 2162 latrocinium.
674 2135 719 2144 —
742 2096 805 2160 His
837 2095 980 2183 denique
1013 2097 1055 2162 ab
1088 2098 1151 2162 Inu-

36 2205 178 2276 peratore
202 2196 383 2260 accerrime
415 2193 551 2280 prolatis
583 2194 761 2280 stupefacti
784 2194 968 2279 pontifices,
999 2193 1080 2281 qnid
1105 2195 1152 2260 illi

36 2292 266 2376 responderent
296 2314 364 2357 non
393 2291 573 2357 habebant.
619 2292 903 2358 Pertimescebant
927 2295 1015 2357 enim
1040 2315 1152 2358 carere

34 2388 72 2450 ob
95 2389 182 2455 hanc
208 2389 340 2476 culpam
365 2391 507 2476 propriis
531 2391 782 2475 episcopatuum
814 2390 959 2455 sedibus.
1007 2391 1050 2456 Et
1074 2413 1152 2476 quo-

36 2487 117 2551 niam
143 2510 212 2554 non
236 2488 342 2552 solum
366 2490 401 2552 in
417 2485 600 2553 Gallicanis
624 2489 789 2574 episcopis
814 2489 896 2552 baec
919 2490 1062 2574 pessima
1082 2488 1153 2575 pul-

33 2582 192 2650 lulaverat
213 2586 379 2672 nequitia,
411 2607 528 2650 verum
553 2587 653 2650 etiam
677 2584 780 2650 multo
805 2585 947 2671 amplius
975 2596 1077 2652 totam
1102 2608 1152 2651 oc-

34 2693 211 2768 cupaverat
233 2682 376 2765 Italiam,
408 2683 535 2771 (omnia
559 2686 683 2770 quippe
714 2685 897 2749 ministeria
929 2684 1153 2749 ecclesiastica
1199 2675 1204 2688 ⁵

33 2781 74 2843 ita
96 2803 133 2845 eo
159 2791 308 2867 tempore
332 2780 542 2846 habebantur
569 2780 703 2846 venalia
711 2833 720 2864 ,
754 2783 848 2867 quasi
881 2784 915 2847 in
938 2782 1007 2847 foro
1041 2805 1152 2848 saecu-

32 2874 109 2942 laria
133 2881 377 2963 mercimonia),
403 2889 575 2944 cernentes
599 2881 724 2966 quippe
756 2883 903 2967 episcopi
927 2883 1022 2966 gravi
1047 2904 1081 2946 se
1105 2883 1152 2947 in·

32 2978 181 3041 vectione
214 2978 375 3061 irretitos,
410 2977 656 3042 misericordiae
688 3000 784 3064 opem
817 2979 1049 3064 implorabant.
1106 2979 1153 3044 At

32 3073 95 3157 ipse
118 3077 277 3161 princeps
301 3076 527 3140 misericordia
551 3086 669 3158 motus,
694 3076 759 3140 tale
784 3077 1017 3143 consolationis
1042 3088 1151 3165 protu-

29 3169 64 3234 lit
85 3172 246 3237 verbum:
276 3169 336 3257 Ite,
361 3185 394 3238 et
417 3173 505 3260 quod
530 3173 643 3239 illicite
660 3177 843 3260 accepistis,
869 3173 954 3240 bene
978 3176 1152 3263 disponere

28 3273 176 3356 satagite,
202 3295 242 3336 ac
264 3293 323 3357 pro
348 3273 462 3336 anima
485 3273 589 3358 patris
613 3274 688 3356 mei,
720 3274 776 3358 qui
800 3272 864 3337 bac
886 3295 975 3338 noxa
998 3297 1073 3338 reus
1097 3297 1151 3339 vo-

29 3367 156 3434 biscum
180 3379 320 3453 tenetur,
345 3372 504 3436 attentius
528 3369 732 3435 intercedere
756 3380 965 3455 mementote,
990 3382 1153 3458 quatenus

27 3467 55 3530 ei
79 3467 325 3552 indulgentiam
348 3467 448 3554 hujus
466 3467 625 3533 facinoris
649 3491 669 3532 a
683 3471 757 3532 Deo
781 3470 914 3555 possitis
939 3472 1151 3556 acquirere.¹)

112 3594 169 3658 30.
217 3593 309 3656 Haec
333 3592 496 3657 Buronius
528 3593 628 3657 refert
651 3591 694 3657 ad
718 3615 843 3657 annum
870 3591 966 3674 1047,
1003 3615 1042 3656 ac
1066 3605 1151 3678 post·

25 3711 123 3774 quam
152 3691 317 3756 Henricus
341 3691 391 3755 Ill
416 3691 520 3755 Roma
550 3691 695 3756 redierat
725 3693 957 3755 existimatae
981 3691 1151 3757 accidisse.

25 3787 90 3853 Sed
115 3788 256 3854 Girbrer
280 3800 401 3872 censet,
427 3800 504 3854 ante
528 3789 772 3876 expeditionem
799 3789 834 3853 in
851 3799 1018 3854 conventu
1032 3788 1151 3875 Aquis-

24 3891 118 3972 grani
145 3909 175 3954 a.
203 3888 288 3952 1046
320 3887 446 3969 habite,
471 3886 709 3973 Imperatorem
733 3888 779 3951 ita
803 3886 961 3954 locutum.
1007 3886 1048 3951 ld
1073 3887 1151 3952 inde

26 3985 216 4050 confirmari
242 3985 383 4068 videtur,
409 3985 497 4072 quod
520 3986 687 4050 Henricus
711 3986 810 4050 etiam
834 3985 1030 4050 Pontificem
1048 3988 1151 4048 maxi·

25 4103 115 4147 mum
150 4085 311 4148 simoniae
346 4093 496 4167 accuset,
533 4085 682 4170 adeoque
714 4082 798 4147 haec
829 4082 954 4148 dixisse
987 4083 1151 4164 videatur,

98 4289 122 4355 ¹)
143 4285 216 4340 Hist.
236 4287 266 4340 L.
286 4285 319 4340 V.
338 4302 360 4342 e
379 4289 405 4353 b,
424 4301 466 4355 ap.
485 4286 634 4341 Barouium
653 4287 688 4340 ad
706 4303 732 4342 a.
753 4287 821 4340 1047
842 4303 866 4340 n.
887 4289 911 4341 6.
