2904 4834
326 489 449 543 Eventus
467 497 529 556 post
548 489 694 544 Concilium
713 505 767 544 oec
785 489 860 543 vm.
1100 493 1156 546 429

58 631 128 716 quod
157 631 257 716 aliqui
294 630 357 696 hac
386 633 421 696 in
453 653 489 696 re
519 631 630 696 adhuc
660 632 895 697 discordarent
942 633 1152 718 Metrophani

57 729 226 812 smyrnensi
260 728 504 814 metropolitae,
547 731 605 815 qui
642 751 772 815 semper
806 753 831 794 s.
866 729 996 814 Ignatio
1033 730 1154 796 adhae-
1237 774 1243 786 ·

55 839 140 908 urat,
181 837 213 890 et
249 829 515 892 communionem
555 827 665 893 Photii
703 829 802 892 etiam
840 849 930 892 nunc
965 837 1155 894 constanter

54 923 221 1006 recusabat,
256 924 327 990 dics
356 924 446 990 dicta
479 933 541 1006 est,
578 925 636 990 sed
668 926 807 1007 frustra3
843 928 1007 990 sententia
1039 927 1080 990 de
1112 949 1153 992 eo

52 1021 168 1086 luenda
199 1022 277 1088 dein
307 1022 426 1087 Photis
459 1025 635 1087 commissa
665 1033 723 1088 est.
769 1022 858 1087 Dein
888 1022 1006 1108 legatis
1033 1025 1151 1090 Roma-

52 1121 92 1182 nis
117 1119 390 1206 proponentibus,
425 1121 452 1184 si
481 1120 576 1186 Actis
605 1121 708 1186 fidere
737 1120 828 1202 licet,
861 1142 968 1185 canon
998 1123 1154 1188 conditus

50 1231 100 1298 est,
131 1241 194 1306 quo
227 1220 399 1300 statuitur,
442 1229 478 1282 ut
508 1219 625 1283 Italiae
658 1219 813 1305 episcopi,
855 1217 962 1284 elerici
992 1219 1042 1284 vel
1074 1218 1154 1285 laici

49 1319 193 1382 odoonne
209 1319 354 1382 Romano
369 1317 519 1402 Pontifiee
542 1317 681 1404 depositi
702 1317 752 1380 cei
767 1319 1035 1396 eccmnmunicati,
1056 1321 1152 1384 etium

49 1417 183 1480 oPlsotie
206 1437 270 1501 pro
293 1415 447 1500 depositis
473 1425 503 1478 et
525 1417 800 1479 ecccommonicatis
823 1414 1014 1493 habeantur,
1047 1426 1077 1479 et
1105 1421 1149 1481 ci-

47 1515 134 1579 cissim
156 1513 295 1599 depositi
317 1510 365 1576 vel
388 1513 646 1577 enodemutieoti
668 1536 690 1576 a
712 1513 842 1592 Plotio,
873 1536 894 1575 o
916 1513 1045 1577 Joanne
1069 1515 1151 1578 Pon·

47 1613 110 1694 ejice
131 1623 161 1674 et
183 1614 331 1676 [immane
353 1610 485 1674 ecclesia
507 1611 645 1698 ejsudem
668 1632 795 1696 poenae
817 1610 978 1699 judicium
1007 1612 1147 1677 subeant.

47 1710 107 1790 Quo
122 1730 248 1774 canone
265 1707 474 1792 patriarchae
488 1708 643 1794 aequales
656 1708 896 1792 significantur,
921 1717 954 1771 et
975 1730 1035 1793 per
1057 1713 1149 1773 cuni-

46 1808 121 1872 culos
143 1805 342 1872 convellitur
360 1807 417 1889 jus
440 1805 698 1890 appellationum
722 1805 765 1870 ad
786 1804 1012 1891 Apostolicam
1027 1806 1147 1872 Sedem

45 1917 70 1968 et
87 1906 224 1970 Romani
238 1903 411 1968 Pontificis
434 1906 606 1988 primatus.
636 1902 850 1968 Addiderunt
872 1912 993 1984 tamen,
1018 1913 1054 1968 ut
1078 1927 1147 1989 spe-

43 2005 174 2068 cietenus
192 2001 271 2087 jura
294 2000 391 2066 Sedis
413 2001 582 2064 Romanae
610 2003 754 2064 revereri
778 1999 986 2082 viderentur,
1013 2002 1148 2086 priuile-

41 2102 91 2184 piis
120 2123 198 2186 quoe
231 2101 448 2164 sanctissimae
481 2099 550 2162 sedi
580 2100 768 2162 conueniunt
802 2098 949 2162 ecclesiae
982 2100 1150 2164 lienteriae

41 2210 87 2261 out
108 2199 207 2285 ipsius
231 2197 384 2275 antiditi,
417 2194 506 2260 nullo
535 2196 627 2260 modo
656 2197 847 2274 immutatis,
881 2197 944 2260 eive
967 2196 1058 2260 modo
1082 2200 1149 2262 sire

41 2297 67 2358 iu
83 2296 283 2382 postenun¹)
305 2331 350 2342 --
374 2293 489 2358 Canon
518 2293 683 2359 secundus
705 2295 834 2374 statuit,
863 2303 899 2356 ut
921 2295 951 2357 si
974 2296 1043 2379 quis
1066 2297 1146 2382 epis·

39 2417 131 2480 crpus,
154 2403 210 2458 out
233 2395 262 2457 ei
283 2395 354 2478 quis
376 2391 651 2478 ellespontificoli
674 2393 828 2476 dipnitote
853 2391 897 2454 od
919 2393 1016 2455 uitem
1038 2415 1145 2457 mona·

38 2494 133 2556 ιαέαπι
159 2491 235 2556 velit
258 2490 459 2569 descendere,
493 2500 523 2554 et
547 2491 759 2576 poenitentioe
788 2489 889 2553 lomus
915 2489 1063 2575 implere,
1096 2493 1148 2555 lu'c

38 2613 90 2652 nors
119 2589 181 2654 sibi
213 2589 362 2674 deinceps
395 2587 611 2674 pontificalem
641 2587 778 2652 uindicet
814 2587 1007 2673 dipniwtem.
1069 2588 1148 2668 Quo

37 2709 149 2751 canons
173 2686 331 2750 videntur
353 2684 514 2749 indirecte
537 2684 680 2749 voluisse
703 2683 944 2771 reprehendere
965 2683 1144 2768 Ignatium,

36 2783 112 2868 quod
135 2787 169 2848 in
193 2783 306 2849 sedem
329 2805 422 2846 suam
445 2782 590 2847 redierit.
606 2821 650 2830 -
670 2781 785 2846 Canon
808 2783 924 2846 tertius
947 2784 1147 2848 suanenses

31 2881 166 2966 percellit
187 2881 368 2946 saeculares
386 2882 601 2965 mopistrotus,
626 2882 680 2965 poi
702 2882 866 2966 episcopos
885 2880 1016 2944 celeiae
1036 2904 1145 2960 muso,

36 2979 75 3042 rel
97 2981 204 3066 aliquo
227 2978 359 3062 conficto
381 3001 478 3042 causa
502 2980 537 3042 in
559 2999 713 3042 carcerem
736 2978 939 3066 conjicerent,
963 2988 1019 3042 aut
1040 2977 1144 3042 uerbe-

35 3075 111 3138 riius
133 3073 337 3162 officerent.¹)
384 3071 565 3161 Completis
588 3077 728 3159 negotiis
751 3073 889 3139 Photius
919 3096 995 3139 cum
1024 3077 1143 3161 gratia-

34 3195 97 3236 rum
119 3175 248 3238 actione
272 3173 436 3256 synodum
460 3175 666 3254 terminavit,
699 3171 1028 3258 subscripseruntque
1052 3193 1143 3257 prae·

33 3283 131 3334 sentes
153 3271 319 3356 episcopi,
344 3293 384 3334 ac
407 3272 505 3357 primi
529 3270 663 3356 quidem
688 3269 787 3355 legati
812 3269 908 3335 Sedis
931 3268 1143 3356 Romanae.⁸)

115 3397 186 3460 123.
219 3395 272 3458 De
305 3397 512 3479 processione
536 3393 678 3480 Spiritus
702 3392 815 3458 Sancti
849 3393 913 3457 hac
944 3395 979 3456 in
1013 3393 1141 3477 synodo
1162 3411 1309 3462 ammon

32 3505 132 3556 actum
163 3515 230 3556 non
261 3491 340 3574 fuit,
373 3515 433 3556 nec
456 3491 566 3556 Photii
597 3513 713 3578 perse
738 3491 878 3556 multum
903 3493 1075 3572 intererat,
1107 3501 1144 3555 ut
1172 3471 1297 3523 slim

33 3589 62 3652 in
93 3589 166 3655 sede
200 3589 413 3656 confirmatus
450 3591 676 3676 quaestionem
708 3588 799 3654 illam
831 3590 981 3674 agitaret.
1032 3587 1141 3654 Homo

33 3702 133 3752 tamen
158 3698 310 3752 versutus
335 3687 398 3751 sibi
422 3687 597 3773 providere
622 3687 736 3768 voluit,
761 3697 798 3750 ut
820 3688 847 3750 si
871 3685 973 3752 Sedes
992 3686 1142 3750 Romana

97 3927 116 3996 ι)
134 3926 167 3988 Y.
186 3926 319 3980 Harduin.
338 3925 371 3980 V.
391 3926 454 3980 319.
563 3927 582 3988 ²)
601 3925 633 3978 V.
653 3924 784 3980 Harduim
803 3924 836 3979 V.
855 3924 917 3980 323.

95 4013 115 4082 ⁸)
133 4016 166 4070 V.
185 4013 319 4068 Herduin.
338 4014 372 4068 V.
391 4016 443 4069 326
462 4030 516 4082 sqq.
533 4045 564 4055 -
584 4015 685 4067 Eorum
702 4013 871 4080 subscriptio,
890 4013 932 4066 uti
952 4028 1023 4067 nunc
1041 4019 1142 4078 exstat,

31 4105 69 4145 esc
90 4095 166 4150 valde
191 4093 304 4158 diffusa,
336 4094 364 4148 in
389 4109 473 4161 eaque
500 4094 600 4149 diserte
625 4093 748 4162 rejicitur
772 4091 919 4146 Concilium
944 4093 1142 4149 oecumenicum

31 4175 87 4228 anni
105 4173 165 4230 869.
203 4175 255 4230 Sed
279 4174 345 4227 haec
369 4173 484 4228 tonnule
502 4174 599 4228 merito
617 4172 733 4227 habetur
756 4179 790 4226 ut
808 4170 922 4226 conficta
946 4177 975 4226 et
992 4174 1142 4242 supposita.

32 4251 62 4307 V.
77 4253 288 4324 Hergenrtther,
306 4253 426 4320 Photins,
445 4254 475 4308 T.
493 4253 531 4308 ΙΙ.
549 4267 594 4321 pp.
613 4253 666 4308 ola
684 4267 741 4319 sqq.
