3054 4834
439 465 580 520 vindiciae
598 465 623 518 S.
645 464 772 532 Gregorii
790 464 852 518 Vll.
1177 465 1232 518 343

120 616 246 678 santiani
263 611 384 676 Christi
410 613 443 674 in
463 609 685 688 Eucharistia,
711 607 769 672 sed
794 619 923 673 tantum
948 607 1133 672 absentiam
1159 607 1232 672 sub-

120 714 248 776 stantiae
273 712 367 796 panis
391 719 423 772 et
447 709 529 787 vini,
562 705 710 792 adeoque
744 709 994 770 conversionem
1031 706 1130 792 hujus
1159 706 1233 769 sub·

120 814 249 874 stantiae
285 831 342 872 seu
381 806 794 871 transsubstantiationem.
850 805 915 870 Sed
953 827 1035 890 opus
1078 806 1233 890 princeps

119 907 300 992 Berengerii
331 907 380 970 De
413 928 506 970 sacro
537 927 650 980 rocoa,
689 903 778 988 quod
811 904 868 968 din
909 905 1067 968 amissum
1101 901 1232 968 saeculo

117 1008 284 1091 praeterito
309 1003 425 1092 (1770)
449 1025 469 1067 a
491 1003 632 1086 Lessing
655 1013 822 1086 repertum
847 1011 880 1064 et
903 1001 1028 1066 editum
1053 1002 1127 1079 suit,
1151 1003 1232 1066 satis

116 1105 261 1184 ostendit,
277 1125 352 1166 eum
366 1103 466 1166 etiam
479 1121 617 1184 negasse
632 1101 854 1184 praesentiam
867 1098 989 1163 realem
995 1098 1031 1186 ¹).
1049 1097 1233 1164 Obscurius

116 1217 217 1266 armen
243 1204 312 1288 ipse
336 1199 542 1286 loquebatur,
567 1199 829 1284 irnpanationem
853 1197 1032 1283 quamdam
1055 1197 1233 1262 videbatur

115 1302 229 1386 passim
254 1299 437 1378 admittere,
470 1299 575 1382 magis
599 1295 774 1360 insistebat
797 1298 965 1380 negationi
990 1295 1232 1361 transsubstan-

114 1401 263 1478 tiationis,
296 1408 329 1461 et
352 1395 499 1460 versatili
524 1396 646 1476 animo,
678 1395 810 1480 quando
842 1394 1032 1478 urgebatur,
1063 1394 1232 1458 doctrinae

113 1497 277 1561 Ecclesiae
301 1519 334 1558 se
359 1494 539 1558 videbatur
562 1490 765 1556 submittere.
813 1492 1033 1556 Adversarios
1057 1514 1142 1574 suos,
1167 1513 1232 1555 ma-

113 1595 196 1659 xime
211 1595 448 1669 Lanfraneum,
474 1589 698 1676 oppugnabat,
724 1591 813 1676 quod
829 1590 1101 1656 materialismum
1120 1613 1231 1676 quem·

113 1693 185 1756 darn
209 1697 244 1757 in
269 1693 452 1757 doctrinam
478 1691 520 1754 de
536 1689 749 1754 Eucharistia
773 1689 1031 1770 introducerent,
1057 1712 1159 1775 quuni
1185 1688 1233 1752 di·

111 1805 219 1856 cerent
252 1813 371 1876 corpus
402 1788 524 1852 Christi
562 1788 669 1867 frangi
695 1799 726 1850 et
750 1786 906 1850 dentibus
932 1789 1009 1870 teri,
1051 1790 1121 1873 ipse
1154 1809 1231 1850 vero
1278 1824 1284 1838 ·

111 1889 249 1953 multum
274 1889 449 1954 insistebat
472 1889 644 1950 sententiis
669 1886 757 1950 Secti
785 1885 958 1966 llrigenae.

200 2069 272 2130 142.
320 2066 419 2130 Anno
454 2067 538 2130 1040
573 2064 743 2150 epistolam
770 2067 903 2150 scripsit
926 2065 968 2129 ad
994 2066 1231 2144 Lant'ranoum,

108 2187 172 2249 qua
196 2166 315 2229 erroris
339 2187 414 2228 eum
438 2164 608 2249 arguebat,
634 2166 667 2227 in
692 2187 834 2249 suasque
853 2173 963 2248 partes
979 2163 1109 2227 trabere
1134 2185 1229 2227 cona·

110 2261 213 2327 batur.
262 2263 470 2328 Lanfruneus
502 2284 574 2326 eam
612 2261 785 2346 epistolam
815 2263 940 2346 recepit
970 2285 1073 2348 quum
1105 2262 1229 2326 Romae
1244 2269 1324 2312 0⁰³0st
1341 2271 1393 2311 Vn·

106 2373 201 2442 esset,
228 2361 339 2446 ibique
364 2383 451 2426 anno
471 2359 556 2425 1050
580 2359 641 2423 sub
659 2359 771 2424 Leone
787 2361 838 2424 IX
863 2361 1011 2444 synodus
1035 2359 1150 2424 habita
1171 2369 1229 2432 est,
1265 2341 1369 2454 :lm

107 2459 140 2520 in
156 2482 223 2544 qna
238 2459 447 2524 Lanfranous
472 2482 505 2522 sc
530 2459 572 2522 ab
598 2461 686 2523 omni
713 2481 820 2522 errore
847 2461 1012 2544 purgavit,
1037 2459 1230 2543 Berengarii

106 2578 184 2620 vero
209 2559 392 2622 sententiae
417 2557 558 2642 rejectae
584 2567 670 2631 sunt,
696 2567 728 2620 et
752 2559 822 2642 ipse
847 2557 890 2620 ad
914 2556 1084 2639 synodum
1101 2555 1231 2619 Vercel-

104 2652 144 2718 lis
168 2657 320 2741 proxime
344 2656 488 2719 futuram
514 2657 633 2718 citatus
650 2666 707 2718 ost.
740 2653 927 2719 Concilium
946 2654 1105 2718 Vercellis
1121 2676 1231 2718 mense

103 2751 292 2838 Septembri
310 2756 388 2817 anni
405 2753 500 2833 1050,
523 2753 731 2838 praesidente
745 2753 857 2816 Leone
871 2753 931 2830 IX,
949 2775 1066 2816 revera
1080 2752 1230 2816 habitum

103 2861 168 2930 cst3
207 2849 428 2933 Berengarins
463 2863 573 2914 autem
607 2873 673 2916 non
704 2852 826 2928 adfuit,
863 2853 941 2937 quia
973 2851 1015 2914 ab
1044 2851 1231 2915 Henricol

101 2946 233 3011 Galliae
257 2967 333 3032 rege
358 2949 527 3012 custodiae
552 2948 729 3013 mandatus
753 2961 832 3014 erat.
875 2949 960 3012 (lum
984 2949 1096 3013 clerici
1125 2948 1167 3012 ab
1192 2971 1230 3014 eo

103 3047 194 3109 missi
227 3045 259 3107 in
286 3047 391 3130 primo
424 3048 534 3110 statim
559 3044 761 3110 defensionis
796 3071 873 3110 suae
904 3047 997 3111 aditu
1022 3047 1229 3128 ‹lefeoissent,

100 3143 295 3227 Berengarii
348 3143 497 3209 doctrina
548 3148 751 3230 proscripta,
802 3157 835 3208 et
880 3146 1022 3210 loannis
1065 3145 1230 3228 llrigenae

98 3239 195 3324 liber,
221 3262 285 3326 quo
309 3242 524 3325 gloriabatur,
549 3242 653 3307 lectus
678 3254 710 3306 ct
735 3245 804 3321 igni
829 3244 971 3308 traditus
995 3253 1053 3306 est.
1102 3241 1229 3306 Eadem

97 3339 163 3403 fnit
193 3343 356 3404 sententia
385 3341 503 3424 synodi
530 3341 735 3420 Parisiensis
773 3363 857 3426 (pirae
890 3363 976 3406 atino
1005 3341 1088 3405 1051
1115 3340 1230 3404 habita

113 3505 310 3512 „no—*u

173 3603 196 3672 ¹)
222 3603 295 3658 Dicit
320 3619 342 3660 e.
367 3621 393 3673 g.
423 3606 456 3660 de
475 3605 566 3658 Coena
586 3607 693 3660 Donrini
719 3623 743 3674 p.
766 3608 832 3661 145:
860 3608 1025 3672 „Mutationi
1044 3609 1071 3662 in
1092 3609 1227 3677 placatum

94 3681 164 3736 irati
189 3683 284 3737 similis
303 3691 364 3738 erat
382 3686 499 3739 ructatio
518 3687 596 3753 panis
622 3688 651 3741 in
670 3703 765 3755 eorpus
785 3687 894 3750 Christi,
920 3688 984 3753 qnia
1012 3687 1140 3742 inefficax
1167 3695 1227 3742 erat

96 3762 177 3829 panis
196 3767 296 3818 natura
315 3771 380 3818 ante
399 3766 629 3822 consecrationem
649 3769 683 3822 ad
702 3768 789 3822 vitam
808 3773 955 3832 aeternam,
975 3774 1036 3836 post
1048 3769 1226 3823 consecratio·

95 3859 160 3896 nem
178 3843 283 3909 efficax,
309 3884 316 3898 .
336 3888 342 3900 .
363 3887 370 3900 .
396 3851 425 3899 et
444 3846 513 3912 qnod
532 3847 634 3902 dicitur
652 3847 731 3916 panis
750 3847 847 3900 altaris
866 3863 962 3916 corpus
982 3847 1084 3902 Christi
1103 3863 1135 3901 eci
1155 3847 1227 3902 loon-

95 3922 181 3976 tionis
198 3923 416 3992 diciturgenere
436 3941 488 3992 qno
508 3925 622 3983 dicitnr:
644 3928 769 3982 Christus
788 3933 830 3981 est
843 3943 961 3982 summus
975 3927 1116 3996 angularis
1128 3927 1226 3996 lapid.

93 4003 134 4055 Et
160 4018 184 4070 p.
204 4005 270 4058 223:
301 4003 416 4073 ,Exigit
435 4005 590 4070 (Christus),
617 4015 648 4060 ut
667 4023 716 4075 per
734 4009 924 4062 comestionem
943 4015 971 4063 et
991 4007 1149 4062 bibitionem
1168 4025 1225 4063 oer-

92 4083 222 4149 poralem,
243 4099 311 4150 quae
324 4085 356 4138 fit
369 4101 416 4154 per
435 4101 478 4140 res
496 4087 653 4152 exteriores,
673 4103 828 4156 perpetrem
847 4096 875 4141 ct
889 4089 989 4152 vinnm,
1003 4089 1224 4143 commonefacias

91 4169 121 4215 te
141 4162 292 4230 spiritualis
311 4166 487 4221 comestionis·
500 4173 528 4220 et
539 4165 685 4234 bibitionis,
705 4183 774 4236 quae
789 4167 820 4222 lit
833 4168 861 4222 in
874 4175 965 4222 mente
978 4169 1010 4222 de
1024 4168 1126 4222 Christi
1140 4185 1221 4222 carne

90 4251 123 4296 et
142 4245 276 4313 sangnine
289 4251 302 4274 ⁸⁴
341 4245 396 4300 cfr.
416 4263 459 4315 pp.
480 4249 539 4312 157,
561 4249 620 4301 179,
646 4248 720 4305 Edit.
741 4249 861 4314 Vischer,
881 4249 1000 4302 Beroliui
1022 4249 1097 4303 1834.
