2904 4834
326 494 380 550 tot
640 492 730 549 XVII.
767 493 807 550 De
824 493 969 550 schismme
987 493 1130 550 Photiano.

327 635 528 701 videbantur
559 637 691 720 penitus
722 638 970 718 amiserunt.“¹)
1016 635 1070 700 Ex
1102 634 1194 699 hisce
1218 633 1328 714 vides,
1353 633 1424 718 apul

327 731 512 798 Orientales
546 733 682 818 quidem
717 735 864 819 viguisse
902 733 1022 819 dogma
1057 733 1098 798 de
1131 733 1276 818 primatu
1308 731 1424 796 Romani

327 831 508 914 Pontificis,
533 830 592 895 sed
614 829 726 896 verbis
751 842 783 896 et
804 832 900 897 sactis
917 834 1040 918 passim
1055 831 1258 916 apparuisse,
1284 829 1323 894 de
1337 829 1426 894 indole

328 939 361 994 et
384 931 575 994 extensione
599 928 698 1015 hujus
722 932 883 1015 primatus
908 931 1059 994 notiones
1090 929 1189 993 fuisse
1213 949 1329 1012 parum
1351 943 1440 990 accus

327 1037 428 1108 ratas,
465 1037 497 1090 et
530 1026 629 1092 facile
659 1048 715 1091 eos
746 1025 929 1092 declinasse
960 1027 1002 1090 ad
1031 1037 1105 1092 acta
1132 1027 1295 1112 primatus
1316 1025 1428 1110 juribus

329 1126 488 1210 opposita.

166 1243 268 1296 omero
282 1243 309 1287 ἃ·
417 1241 470 1306 94.
495 1239 606 1304 Etiam
631 1241 778 1325 quaestio
811 1239 852 1303 de
876 1239 1051 1324 Bulpariae
1082 1239 1214 1304 asteria
1237 1248 1310 1324 post
1333 1237 1440 1330 Conci,

184 1305 292 1358 suam

327 1336 409 1400 lium
435 1359 472 1402 eo
496 1337 560 1401 fuit
584 1336 748 1422 dirempta
772 1337 889 1418 modo,
915 1347 952 1400 ut
970 1337 1048 1421 jura
1071 1334 1167 1402 Sedis
1191 1335 1357 1400 Romanae
1378 1339 1440 1420 om}

329 1437 407 1500 nino
430 1434 649 1500 laederentur.
698 1434 809 1514 Quum
833 1434 971 1518 Bogoris
995 1455 1053 1498 rex
1076 1433 1175 1519 paulo
1199 1441 1277 1500 aute
1299 1434 1341 1499 ad
1363 1431 1440 1497 Pon-³

328 1529 451 1596 tifioem
464 1532 638 1597 Nicolaum
656 1555 690 1596 se
707 1533 869 1612 vertisset,
887 1541 920 1596 et
932 1531 1170 1616 patriarchatui
1186 1531 1379 1596 occidentali
1393 1539 1440 1610 se}

329 1628 428 1694 olesia
452 1650 566 1693 recens
588 1629 766 1713 Bulgariae
785 1630 903 1715 juncta
927 1630 1052 1708 fuisset,
1077 1651 1155 1694 mox
1178 1639 1290 1694 umen
1313 1629 1365 1694 ille
1385 1619 1440 1696 rexl

327 1727 371 1792 ad
396 1725 547 1792 CPtanos
570 1730 690 1796 iterum
714 1728 805 1792 visus
831 1737 880 1792 est
903 1727 1079 1792 declinare.
1126 1728 1236 1812 Aegre
1259 1726 1370 1790 tulisse
1396 1708 1440 1796 sil

328 1825 434 1906 detur,
459 1825 547 1910 quod
562 1825 720 1890 Nicolaus
744 1826 774 1889 ei
798 1847 861 1888 nec
883 1825 1079 1890 Formosum
1105 1847 1165 1891 noo
1190 1826 1268 1890 dein
1284 1825 1430 1888 Marinum

327 1924 526 1986 concesserit
550 1932 586 1986 ut
601 1921 777 2007 Bulgariae
801 1921 1099 2008 archiepiscopum,
1124 1925 1278 2009 quamvis
1297 1922 1440 1988 Pontiler‘

327 2021 358 2083 ei
382 2019 574 2084 facultatem
597 2021 721 2084 faceret
750 2019 853 2084 alium
877 2041 1121 2107 quemcumque
1152 2021 1297 2105 eligendi
1321 2019 1372 2084 vel
1392 2039 1431 2102 pe·

326 2117 429 2182 tendi.
460 2117 636 2184 Praeterea
662 2118 797 2196 dixeris,
823 2128 948 2182 mutato
968 2120 1079 2182 animo
1096 2120 1210 2184 utilius
1226 2121 1334 2182 visum
1349 2119 1430 2182 fuisse

324 2216 392 2299 rogi
418 2237 477 2300 pro
502 2238 599 2301 scopo
627 2214 772 2300 politico,
798 2225 834 2278 ut
857 2217 1039 2279 amicitiam
1063 2239 1139 2280 cunr
1157 2215 1292 2280 CPtano
1308 2216 1430 2299 Imperio

325 2311 455 2394 coleret,
481 2333 584 2397 quum
609 2322 684 2398 post
706 2313 879 2378 Michaelis
904 2315 1075 2378 interitum
1098 2313 1242 2379 Basilius
1257 2315 1430 2400 Imperator.

325 2409 416 2474 fama
449 2409 594 2492 celeber,
629 2411 722 2495 regni
755 2409 862 2474 felicis
885 2433 978 2495 spem
1001 2412 1134 2478 faceret.
1182 2411 1309 2478 CPtani
1340 2421 1429 2474 auten

325 2517 357 2572 et
380 2509 525 2572 maxime
548 2508 738 2593 Imperator
768 2511 858 2572 omni
890 2531 955 2594 quo
979 2519 1130 2595 poterant
1153 2511 1250 2576 modo
1282 2509 1430 2574 adlabora-

324 2603 421 2686 bant,
446 2626 509 2690 quo
533 2606 687 2690 Bulgaris
711 2606 971 2692 persuaderent,
996 2616 1032 2670 ut
1055 2608 1293 2693 patriarchatui
1316 2607 1430 2672 OPtano

324 2704 533 2787 provinciam
566 2723 660 2767 suam
694 2702 941 2768 submitterent.
988 2705 1149 2790 Tempore
1179 2703 1306 2790 Synodi
1339 2707 1430 2788 igitur.

325 2799 415 2864 haud
446 2800 547 2864 dubie
572 2799 714 2866 CPtanis
744 2800 920 2884 agentibus
945 2811 977 2866 et
1001 2804 1254 2887 instigantibus,
1292 2803 1429 2868 Constan-

325 2897 499 2982 tinopolim
531 2907 696 2962 venerunt
718 2899 941 2982 Bulgarorum
973 2899 1072 2983 legati
1106 2903 1162 2987 qui
1196 2904 1375 2986 petierunt.
1406 2915 1430 2958 ut

326 3017 346 3058 a
369 2996 504 3059 vicariis
527 2995 791 3081 patriarcharum
824 2996 1035 3062 dirimeretur
1058 3021 1095 3062 ea
1120 3001 1287 3085 quaestio,
1319 3001 1368 3062 cui
1391 3019 1431 3082 pa·

327 3091 524 3156 triarchatui
549 3093 705 3178 Bulgaria
729 3093 828 3158 subdi
852 3093 997 3158 deberet.

172 3211 302 3260 aarum
416 3199 469 3264 95.
511 3199 635 3286 Triduo
676 3211 749 3286 post
781 3201 909 3265 finitam
943 3201 1108 3285 synodum
1148 3202 1247 3288 legati
1280 3205 1431 3270 Pontifici<

192 3271 287 3314 habitus.

328 3294 474 3382 oollidel)
508 3300 681 3362 convocati
715 3307 792 3362 sunt
814 3298 856 3362 ad
881 3320 1110 3382 congressum,
1144 3303 1199 3364 cui
1232 3305 1431 3368 interfuerunt

327 3404 458 3478 praeter
481 3397 585 3479 ipsos,
618 3395 761 3459 Basilius
785 3396 887 3481 Imp,
912 3395 1078 3481 Ignatius,
1107 3401 1226 3464 vicarii
1250 3402 1430 3488 reliquorum

328 3492 593 3577 patriarcharum
618 3491 774 3574 Orientis,
799 3505 832 3557 et
850 3493 1068 3579 Bulgarorum
1091 3495 1191 3582 legati
1215 3497 1337 3584 quibus
1359 3519 1430 3584 prae·

329 3599 399 3654 erat
413 3590 531 3654 Petrus
554 3591 609 3656 ille
632 3593 719 3676 regis
743 3593 948 3679 propinquus
972 3594 1029 3677 qui
1053 3595 1307 3661 etiamltomam
1333 3600 1430 3661 missus

329 3688 452 3770 fuerat3
485 3710 570 3752 unus
601 3698 771 3773 praeterea
794 3697 923 3753 tantum
954 3689 1069 3754 aderet
1099 3693 1277 3779 interpres,
1308 3707 1343 3758 ut
1365 3697 1431 3757 inter

329 3787 418 3850 viros
441 3785 562 3850 diversi
581 3786 757 3860 idiomatis.
782 3788 904 3870 Latini,
929 3785 1060 3870 Graeci,
1084 3789 1263 3874 Bulgarici,
1285 3813 1429 3856 sermons

359 3945 444 3952 --.ι-ι-
462 3947 542 3952 ---.

404 4012 424 4078 ¹)
444 4013 545 4068 Concil.
564 4013 639 4068 v111.
660 4017 720 4070 Act.
740 4015 770 4081 1,
789 4015 876 4070 Notae
896 4017 924 4070 in
943 4017 1063 4072 libellum
1083 4019 1152 4074 fidei.
1182 4019 1271 4076 Labbe
1291 4021 1365 4076 VIII.
1381 4022 1428 4074 989.

330 4091 382 4160 Ap.
401 4091 548 4148 Barouium
566 4095 600 4148 ad
619 4111 643 4151 a.
663 4096 724 4161 869,
743 4113 768 4150 n.
788 4098 823 4150 sa
841 4113 897 4164 sqq.

403 4181 423 4248 ²)
443 4181 488 4235 Ite
507 4188 602 4238 auctor
628 4185 704 4238 Vttoe
721 4187 866 4239 Hadriani
884 4205 905 4240 o.
925 4189 1041 4254 XLVI,
1065 4191 1134 4246 satis
1152 4192 1273 4247 indicans
1290 4193 1366 4247 tinen
1382 4207 1427 4244 uu·

329 4273 440 4328 gressm
458 4261 560 4330 legatis
577 4262 649 4317 houd
668 4263 817 4320 indicatum
835 4265 927 4322 fuisse.
