2932 4836
410 486 524 544 Photiua
540 487 804 556 pseudopatriarcha.
1113 486 1167 542 375

70 643 126 694 um
157 639 190 694 ut
227 629 428 712 invalidam,
465 653 603 717 eamque
635 648 763 695 sacram
795 632 985 695 unctionem
1022 629 1064 695 ab
1103 631 1166 696 illis

44 731 167 814 ,repeti
203 729 300 794 Forte
324 727 486 816 ejusmodi
510 725 635 792 iactum
658 728 872 814 adscripseris
885 729 1166 793 missionariorum

70 825 180 890 illorum
203 828 303 891 errori
329 848 393 912 quo
418 829 544 914 opinati
568 830 648 906 sint,
683 827 966 892 confirmationem
990 849 1010 890 a
1033 827 1166 912 presby·

69 925 134 986 teris
154 946 321 1011 nunquam
344 923 455 989 valide
477 924 712 990 administrari.
751 920 853 988 Haud
868 933 979 988 tamen
996 942 1167 988 censemus

70 1019 140 1085 hanc
161 1023 259 1086 fuisse
283 1022 454 1106 rationem,
479 1045 538 1086 our
561 1019 745 1087 invalidam
767 1025 863 1086 istam
884 1021 1166 1087 confirmationem

67 1118 163 1182 Latini
198 1119 392 1202 habuerint3
429 1119 486 1184 sed
519 1119 603 1200 alia,
640 1141 744 1207 eaque
781 1119 886 1184 solida
922 1120 1056 1184 fuerunt
1087 1121 1167 1204 ipsis

68 1219 185 1282 motiva.
229 1218 282 1282 Ea
305 1217 346 1282 de
369 1240 404 1281 re
428 1217 543 1282 scribit
565 1217 640 1283 Em.
657 1217 918 1304 Hergenrdther:
944 1217 1077 1301 ,Quum
1091 1217 1167 1280 Bul·

65 1335 201 1397 garorum
226 1317 317 1400 regio
350 1313 613 1380 consideraretur
635 1337 656 1380 a
678 1315 809 1380 Latinis
839 1325 876 1379 ut
899 1316 1047 1400 subjecta
1069 1317 1167 1401 patri-

65 1411 199 1476 archatui
223 1412 389 1494 Romano,
418 1435 586 1499 quumque
610 1414 645 1478 in
668 1412 731 1478 hoc
755 1411 979 1500 patriarchatu
1002 1413 1167 1478 ordinarie

67 1509 254 1574 confirmatio
280 1511 420 1574 conferri
445 1533 512 1575 non
535 1521 653 1596 posset,
678 1513 742 1576 nisi
757 1511 799 1576 ab
816 1513 987 1597 episcopis,
1011 1510 1168 1575 videntur

66 1603 131 1668 inde
152 1606 301 1671 intulisse
325 1607 453 1690 Latini,
485 1607 751 1696 presbyterorum
781 1629 973 1694 graecorum
998 1607 1167 1672 confirma·

66 1705 173 1768 tionem
195 1704 344 1770 validam
368 1706 415 1770 ibi
435 1728 501 1770 non
521 1725 591 1770 esse
615 1705 813 1772 habendam.
853 1705 1054 1788 Accedebat,
1079 1707 1167 1792 quod

65 1801 231 1886 presbyteri
256 1801 304 1866 illi
328 1813 437 1868 essent
459 1805 632 1868 manifeste
650 1804 815 1886 Photiani,
840 1824 979 1891 quorum
1003 1803 1167 1869 ordinatio

63 1919 99 1960 ex
127 1899 266 1964 decretis
292 1899 421 1966 Nicolai
454 1901 676 1987 rejiciebatur.
728 1903 902 1967 Praeterea
933 1921 1031 1986 vero,
1067 1901 1167 1988 idqu'e

66 1999 186 2062 maximi
211 1999 371 2063 momenti
394 1997 596 2081 babendum,
622 2000 826 2064 confirmatio
849 1999 966 2064 collata
982 2008 1052 2064 erat
1067 1999 1167 2064 chris-

65 2105 138 2157 mato
159 2118 179 2158 s
194 2095 314 2160 Photio
339 2107 544 2178 consecrato3
570 2099 849 2162 consecrationem
874 2097 1059 2162 chrismatis
1078 2098 1165 2162 enim

62 2193 183 2278 antiqua
216 2194 457 2260 consuetudins
480 2196 515 2258 in
538 2194 674 2260 Oriente
697 2193 904 2282 patriarchae
937 2193 1000 2260 sibi
1022 2206 1166 2259 reserva·

64 2286 139 2353 baut.
184 2291 420 2377 Metrophanes
444 2292 563 2357 diserte
588 2291 682 2374 dicit,
707 2316 726 2357 a
748 2293 878 2358 Latinis
901 2294 1033 2356 otmarus
1056 2291 1165 2355 Photii

61 2407 119 2450 ease
146 2389 324 2474 rejectum,
358 2385 602 2472 ἀπεδοκίμασαν
633 2393 691 2454 τοῦ
718 2385 846 2454 oratos
877 2389 915 2454 ss
944 2387 1051 2473 μύρον.
1059 2387 1083 2474 ¹)
1130 2387 1164 2452 Si

63 2483 231 2569 presbyteri
256 2485 352 2552 latini
366 2487 476 2552 Photii
501 2486 644 2552 chrisma
667 2489 889 2574 agnovissent,
914 2509 952 2552 eo
976 2489 1046 2571 ipso
1066 2489 1164 2550 etiam

59 2585 260 2663 agnovissent
284 2607 360 2650 eum
384 2596 421 2650 ut
443 2584 731 2672 patriarchamfff)
770 2583 901 2653 Similes
924 2586 1066 2650 rationes
1090 2585 1165 2648 affe-

60 2689 162 2746 runtur
184 2705 205 2746 a
228 2683 410 2748 Benedicto
425 2683 523 2766 XIV,
548 2706 651 2770 quum
674 2683 727 2750 Do
750 2681 875 2768 Synod.
899 2683 938 2750 L.
958 2682 1034 2748 Vll.
1060 2706 1087 2747 c.
1103 2683 1163 2749 IX.

62 2797 87 2838 n.
106 2777 135 2842 3.
156 2777 245 2844 banc
269 2783 495 2867 quaestionem
519 2783 635 2866 tangit.

135 2875 186 2942 68.
210 2877 410 2943 Praesertim
426 2899 503 2942 vero
527 2878 610 2944 haee
631 2878 674 2944 ad
691 2881 916 2966 quaestionem
935 2875 1164 2941 illustrandam
1174 2881 1336 2986 magedie-

61 2967 251 3040 advertenda
283 2976 520 3042 existimamus.
565 2975 705 3041 Vetusta
735 2985 783 3040 est
813 2975 870 3041 illa
899 2973 989 3062 apud
1019 2974 1163 3040 Graecos
1223 2956 1289 2996 Μ

60 3071 268 3154 cousuetudo,
302 3083 338 3138 ut
370 3073 536 3159 simplices
568 3074 754 3140 sacerdotes
785 3082 1027 3138 sacramentum
1051 3071 1164 3138 confir·

62 3169 200 3234 metionis
230 3169 478 3252 administrent,
512 3194 696 3258 puerosque
719 3173 830 3237 statim
860 3180 934 3256 post
961 3170 1164 3257 baptismum

59 3283 139 3328 sacro
176 3265 353 3332 chrismate
384 3268 511 3333 liniant.
564 3264 737 3356 Ejusmodi
768 3277 878 3333 autem
910 3267 1114 3332 confirmatio
1144 3291 1163 3332 a

61 3359 188 3448 simplici
212 3364 403 3452 presbytero
428 3364 675 3451 administrata,
703 3384 789 3450 ,non
812 3373 919 3452 potest
941 3363 1092 3448 aliunde,
1117 3367 1164 3430 ait

61 3453 247 3526 Benedictus
269 3459 354 3527 XIV
382 3462 404 3529 l.
435 3487 480 3546 c.,
512 3465 599 3528 vires
630 3465 756 3546 sortiri,
785 3485 884 3550 quam
915 3462 1163 3548 adelegatione

61 3555 120 3619 sire
141 3581 293 3646 expresse
323 3562 394 3626 sive
418 3563 517 3628 tacite
536 3561 643 3628 eidem
668 3561 831 3627 sacerdoti
857 3563 949 3626 ¹facta
971 3585 991 3626 a
1014 3561 1164 3626 Romano

60 3649 244 3738 Pontifice‚“
279 3657 388 3743 adque
424 3659 584 3744 ejusmodi
617 3657 829 3745 privilegium
862 3659 975 3723 saltem
1011 3660 1111 3722 tacite
1143 3681 1164 3724 a

59 3747 133 3816 Sede
165 3754 353 3840 Apostolica
386 3754 600 3822 orientalibus
632 3755 832 3842 presbyteris
866 3777 1073 3839 concessum,
1107 3755 1163 3821 illa

60 3859 189 3932 potestas
212 3851 429 3918 confirmandi
453 3853 719 3940 presbyterorum
744 3854 952 3920 orientalium
974 3853 1161 3922 reducenda

86 4003 254 4016 ---.........

124 4087 145 4155 ¹)
161 4089 344 4159 Metrophanis
361 4089 502 4158 Metropol.
521 4087 690 4158 smyrnensis
716 4105 756 4159 ep.
782 4091 816 4146 ad
834 4091 985 4147 Manedum
1004 4092 1161 4149 Patritium.

60 4161 131 4220 uara
148 4167 213 4224 Call.
233 4170 312 4228 Couc.
330 4176 351 4225 t
370 4168 403 4226 V.
422 4170 471 4226 ool.
491 4171 569 4227 1114.

122 4253 142 4322 ¹)
159 4257 271 4314 Photius
288 4257 319 4312 Τ,
339 4260 361 4316 1.
380 4275 406 4328 p.
425 4259 486 4316 640.
