2926 4840
441 499 481 552 De
498 511 580 552 causa
598 497 735 552 Rotbadii.
1098 502 1151 554 ‘249

60 667 118 708 cum
147 643 257 708 litteris
284 642 473 727 apostolicis
504 642 641 706 remisit.
688 639 773 704 Cum
807 643 877 728 ipso
911 642 1085 727 deputavit
1115 653 1153 707 ut

60 743 181 826 legatum
204 763 299 805 suum
324 741 359 803 in
377 738 521 804 Galliam
537 739 713 804 Arsenium
738 741 929 825 episcopum
946 740 1153 822 Hortensem,

59 842 138 925 eique
151 838 270 903 litteras
285 838 378 902 dedit
392 839 434 902 ad
453 836 607 902 Gerulum
623 857 744 920 regem,
769 837 811 901 ad
829 839 1000 923 episcopos
1014 838 1153 920 Galliae,

56 955 138 1022 atque
159 937 199 1000 ad
220 937 451 1000 Hincmarum.
498 935 588 998 Huic
612 935 850 1019 depositionem
875 937 1020 999 minatus
1044 948 1101 1018 est,
1126 939 1153 1000 si

57 1035 229 1098 restitutioni
262 1033 419 1098 Rothadii
453 1055 521 1098 sese
555 1043 744 1118 opponeret.
790 1033 975 1098 Rothadius
1008 1056 1085 1099 vero
1119 1039 1153 1100 in

56 1132 177 1196 [talliam
200 1131 308 1196 redux
322 1153 437 1216 reapse
458 1130 501 1194 ab
516 1131 657 1195 Arscnio
680 1130 787 1214 legato
802 1131 973 1195 Pontificio
992 1133 1026 1197 in
1042 1133 1152 1197 sedem

55 1253 129 1294 susm
152 1233 319 1294 restitimus
343 1239 407 1310 est,
439 1249 578 1314 eamque
602 1229 772 1314 usquead
796 1228 923 1292 obitum
948 1253 1043 1294 suum
1067 1234 1151 1316 paci-

54 1329 102 1392 tise
123 1327 304 1413 possedit1)

125 1427 176 1491 36.
208 1425 296 1490 Illud
321 1424 418 1488 modo
444 1424 616 1488 advertere
641 1423 792 1510 juvabit,
827 1445 868 1486 ex
891 1423 1020 1489 Nicolai
1045 1427 1249 1511 Ponti-neue
1266 1441 1326 1490 aun·

54 1525 110 1587 licis
130 1524 244 1588 litteris
268 1533 301 1587 et
323 1521 534 1586 Allocutione
558 1523 594 1585 in
616 1522 790 1606 pervigilio
811 1523 1002 1587 Natiuitatis
1016 1519 1154 1588 Domini
1209 1511 1271 1552 ‘¹¹³¹‘

53 1623 146 1686 allii-l
169 1621 284 1688 habita
307 1622 456 1704 apprime
481 1618 602 1703 colligi,
626 1640 790 1704 quaenam
816 1621 936 1705 ipsein
952 1621 1156 1686 vindicanda

54 1726 228 1784 auctoritate
263 1717 359 1782 Sedis
394 1716 605 1802 Apostolicae
649 1718 814 1801 principia
848 1727 980 1782 secutus
1015 1721 1072 1801 sit3
1113 1743 1156 1784 ex

55 1817 208 1882 Hiucmari
233 1827 345 1881 autem
369 1814 526 1901 epistolis,
553 1837 620 1901 qua
642 1817 677 1878 in
701 1835 736 1877 re
760 1837 836 1878 cum
860 1815 997 1880 Nicolao
1022 1838 1156 1881 eonsen-

53 1919 124 1995 serit,
147 1937 211 2002 qua
237 1916 271 1978 in
294 1936 330 1978 re
354 1913 602 1998 discrepaverit.
648 1912 806 1976 Nicolaus
825 1913 860 1976 1⁰
883 1907 1065 1978 universim
1084 1937 1156 2000 pro·

53 2013 156 2077 sumat
177 2013 396 2078 amtor-itatem
419 2022 448 2073 et
465 2011 641 2097 privilegia
664 2009 760 2074 Sedis
776 2011 985 2096 Apostolicae
1008 2013 1155 2078 remedia

53 2133 108 2174 esse
129 2113 227 2174 totius
246 2109 418 2174 Ecclesiae
440 2107 640 2190 catholicae,
665 2129 705 2173 ac
729 2111 901 2174 munimen
925 2112 1154 2195 episcoporum

52 2225 75 2270 et
103 2231 192 2273 arma
224 2219 341 2272 eontra
372 2227 503 2270 omnem
537 2209 745 2290 pravitatem.
802 2207 858 2273 Sic
890 2208 1006 2272 scribit
1037 2207 1155 2273 Carolo

52 2308 124 2390 regi:
158 2304 317 2379 Quomodo
339 2305 481 2390 putatis,
515 2307 790 2390 siopportunitas
810 2309 963 2393 eoeperit,
996 2319 1031 2370 nt
1053 2319 1155 2372 sterno

53 2427 147 2491 repro,
181 2407 291 2468 vestrm
313 2403 451 2481 nisibus,
475 2403 571 2466 uestri
593 2405 683 2487 repna'
706 2404 843 2468 ecclesiis
867 2405 997 2490 aliquod
1014 2417 1155 2492 prauma-

52 2525 106 2563 nas
127 2501 290 2582 ιοίιιιίιιιιι,
326 2511 382 2564 out
414 2511 526 2564 contro
549 2501 751 2564 adrrersurs'os
777 2505 985 2588 protectionis
1015 2504 1156 2590 clypeum

47 2599 245 2685 proferamus,
270 2599 299 2662 si
317 2609 469 2684 quantum
487 2600 521 2660 in
541 2600 638 2661 osani
655 2602 744 2685 repni
757 2600 906 2685 partibus
929 2613 983 2682 est,
1009 2603 1157 2687 quoniam

52 2695 98 2760 illa
128 2696 317 2784 (privilegia
340 2695 435 2760 Sedis
459 2695 684 2782 Apostolicae)
717 2700 842 2760 omnino
865 2700 969 2762 scindi
999 2721 1063 2762 non
1080 2721 1155 2786 pos-

53 2807 120 2873 sunt,
142 2819 179 2858 aa
202 2817 257 2858 uos
281 2794 482 2880 aliquatenus
505 2796 661 2858 minorari
683 2797 818 2874 sinatis,
842 2796 954 2880 quibus
975 2797 1027 2859 usi
1044 2807 1157 2881 patres

53 2895 132 2956 ratri
153 2915 241 2956 omna
265 2915 394 2955 suanam
417 2892 607 2977 dipuitatum
629 2893 869 2972 incrementum,
893 2917 1070 2979 omnemque
1092 2895 1156 2978 plo-

48 2991 119 3052 rium
149 2991 381 3076 percepsmmt?
434 2987 606 3075 Privilepiu
644 3013 776 3076 nouaque
812 2993 975 3055 Romanae
1010 2991 1156 3056 acclesiae

52 3090 132 3151 otim
153 3099 226 3152 mant
251 3085 382 3165 Clu-isti,
407 3098 442 3150 ut
464 3089 512 3150 ita
536 3089 697 3166 dicamus,
720 3089 861 3152 remedio
885 3089 1032 3152 ecclesiae
1055 3090 1156 3153 catlto-

52 3181 126 3249 licus.
170 3184 361 3271 Pmrrilepio,
394 3185 540 3270 inquiam,
574 3186 662 3248 Petri
692 3209 783 3249 orma
814 3199 887 3250 sunt
920 3197 1029 3251 oontm
1052 3209 1157 3251 onmes

53 3283 166 3366 inipetus
182 3284 402 3370 pravitatum,
434 3293 464 3346 at
486 3285 679 3347 munimenta
702 3293 795 3369 atque
818 3285 1002 3349 docuusenta
1025 3286 1158 3349 Domini

51 3377 248 3459 taedarum,
273 3393 302 3444 et
326 3382 461 3444 omnium
476 3403 612 3466 prorsus
635 3383 688 3466 qui
707 3384 742 3446 in
762 3381 954 3446 sublimitate
973 3384 1156 3463 consistunt,

51 3477 102 3539 ino
123 3490 307 3557 cunctorum,
331 3480 387 3563 qui
401 3479 441 3541 ab
457 3478 571 3542 iisdem
586 3480 800 3564 potestatibus
820 3481 954 3544 diuersis
972 3482 1157 3567 afficiuntur

52 3575 281 3658 incommodis&
305 3613 349 3624 -
374 3577 411 3640 2⁰
435 3575 566 3656 Statuit,
592 3597 667 3640 eum
691 3579 748 3662 qui
773 3577 954 3662 appellavit
976 3580 1020 3643 ad
1037 3577 1156 3644 Sedem

51 3669 260 3756 Apostolicam
301 3695 363 3738 nec
398 3674 553 3760 impediri
588 3696 683 3760 posse
718 3673 846 3760 legibus
881 3676 1052 3756 civilibus,
1095 3699 1157 3741 nec

52 3789 149 3854 posse,
181 3783 310 3836 mutata
333 3773 512 3853 sententia,
547 3772 591 3836 ad
625 3772 796 3836 Inferiores
820 3773 938 3837 iterum
972 3797 1005 3838 se
1029 3785 1157 3838 vertere

47 3863 203 3954 judicenl)
226 3907 272 3916 -
295 3871 333 3934 3⁰
357 3867 495 3952 Statuit,
532 3873 704 3956 episcopos
728 3873 857 3935 etiamsi
881 3893 948 3936 non
972 3871 1157 3958 appellave-

117 4045 135 4114 ¹)
151 4046 202 4100 cn.
222 4045 318 4102 uerus
336 4046 364 4102 c.
384 4045 416 4100 o.
436 4045 484 4100 ιι.
503 4047 545 4118 55.
565 4049 626 4104 sea.
645 4050 706 4102 aa.
725 4050 784 4103 ιιι.

115 4123 252 4191 ’lNieolsi
271 4143 313 4196 ep.
332 4127 418 4183 XXX.
438 4143 480 4194 sp.
499 4126 591 4182 stbt
608 4127 683 4181 VIII.
703 4129 765 4183 409.
850 4134 857 4149 “

52 4203 186 4340 mov&
197 4205 300 4342 Npppld
318 4207 523 4274 allocutionem,
542 4213 571 4262 et
589 4207 731 4276 epistolam
750 4208 783 4262 ad
797 4207 921 4264 Carolum
940 4223 1044 4280 regem3
1064 4209 1157 4265 Labhe
