2922 4832
442 529 482 583 De
501 528 636 583 Simonias
654 527 724 583 labe.
1101 529 1154 582 179

123 673 171 738 26.
207 672 461 737 Advertendum
495 682 553 754 est,
579 695 603 736 s.
627 674 762 738 Petrum
787 671 992 736 Damianum
1016 672 1056 736 de
1080 695 1154 758 pro-

49 773 204 854 pagatione
236 771 368 836 illorum
398 772 554 834 vitiorum
586 770 677 836 haud
700 769 790 855 loqui
814 779 973 855 tanquam
998 770 1039 834 de
1063 771 1152 856 turpi

48 868 267 933 consuetudine
286 869 359 955 jam
383 871 567 952 communi,
599 867 658 932 sed
687 878 725 931 ut
748 867 789 930 (ie
813 866 939 950 flagitio
970 879 1152 932 monstroso

49 965 123 1048 quod
143 977 222 1030 tunc
252 970 287 1030 in
317 967 389 1030 istis
420 965 613 1050 regionibus
645 988 775 1051 serpere
800 967 961 1050 coeperit,
996 977 1029 1030 et
1052 967 1153 1030 etiam

46 1063 153 1128 clerum
175 1065 334 1129 affecerit.
381 1063 484 1150 Optat
506 1086 602 1144 vero,
639 1073 676 1127 ut
699 1065 874 1128 severitate
899 1061 1050 1126 adhibita
1074 1075 1154 1126 tem-

48 1181 112 1244 pore
133 1162 345 1247 Apostolatus
368 1162 492 1226 Leonis
515 1161 566 1226 IX
591 1161 690 1246 hujus
714 1162 788 1226 vitii
812 1171 996 1225 monstrum
1021 1183 1154 1245 prorsus

46 1261 177 1324 intereat.
203 1299 246 1307 —
271 1261 426 1346 Ineptum
451 1282 530 1324 vero
556 1271 621 1340 est,
658 1260 748 1346 quod
779 1282 821 1322 ex
853 1260 1062 1343 corruptione
1087 1280 1151 1323 mo-

45 1379 105 1420 rum
127 1381 159 1421 se
191 1369 435 1444 propagaverat
467 1359 590 1421 vitium
615 1367 652 1420 ut
674 1359 829 1421 effectum
854 1356 1036 1421 coelibatus
1062 1357 1152 1421 cleri-

43 1476 141 1519 corum
165 1455 335 1536 exhibere,
368 1458 416 1520 uti
440 1467 590 1520 auctores
614 1465 834 1542 protestantes
857 1455 966 1519 facere
1003 1477 1152 1519 consues-

45 1564 119 1616 cunt
165 1553 230 1618 Per
253 1554 408 1618 accidens
424 1555 559 1640 quidem
584 1555 624 1617 iis
649 1555 705 1639 qui
731 1554 939 1616 vocationem
965 1574 1030 1617 non
1055 1553 1152 1618 habe-

43 1649 120 1733 bant,
135 1651 190 1715 vel
202 1654 259 1738 qui
274 1650 484 1738 disciplinam
502 1652 705 1738 negligentes
721 1653 797 1732 otia,
814 1651 910 1734 nugis
921 1673 960 1714 ac
975 1653 1061 1714 vitae
1075 1650 1153 1714 libe-

43 1749 108 1813 riori
124 1749 304 1832 sedabant,
321 1751 718 1815 coelibatusoccasionem
734 1749 845 1834 lapsus
861 1749 1018 1834 praebere
1030 1751 1153 1834 potuit3

42 1845 113 1909 nihil
136 1869 216 1911 vero
253 1859 368 1911 contra
403 1848 607 1934 praeclaram
632 1847 814 1912 coelibatus
846 1847 1087 1910 institutionem
1112 1869 1154 1910 ox

41 1943 191 2028 ejusmodi
215 1944 312 2009 tactis
336 1946 608 2031 consequebatur.
655 1945 760 2031 quue
785 1947 907 2030 optime
931 1944 1079 2030 cujusvis
1104 1967 1153 2008 ae-

40 2043 106 2104 tatis
128 2043 194 2106 viri
219 2065 297 2107 vere
322 2047 488 2130 sapientes
513 2063 545 2107 er
561 2043 731 2108 Ecclesiae
756 2043 881 2106 addicti
899 2055 1153 2128 conspexerunt,

39 2141 86 2224 qui
110 2151 145 2204 ut
168 2142 379 2206 sanctitatem
405 2141 483 2206 cleri
508 2150 756 2228 promoverent,
791 2139 888 2203 simul
919 2141 1023 2204 vitam
1054 2141 1154 2204 conti-

37 2251 161 2303 nentem
199 2261 238 2303 ac
270 2238 430 2303 coelibem
456 2241 614 2304 encomiis
646 2240 714 2302 suis
738 2250 922 2302 evexerunt
952 2247 985 2301 ct
1011 2237 1154 2302 inculca-

38 2347 118 2418 mnt,
151 2336 251 2401 simul
276 2359 354 2401 vero
378 2340 526 2422 graviter
549 2348 765 2409 monuerunt,
798 2361 839 2400 ne
874 2336 1022 2421 neglecto
1055 2335 1153 2400 disci-

37 2433 129 2519 plina,
153 2437 392 2521 temperantia,
423 2438 597 2521 gravitate,
631 2458 670 2500 ae
694 2457 733 2499 ea
755 2437 845 2498 vitae
869 2437 1045 2498 severitate
1069 2456 1153 2520 quac

39 2530 158 2596 clericis
185 2535 359 2618 convenit,
394 2535 562 2598 variorum
593 2533 747 2620 lapsuum
780 2533 963 2596 discrimini
997 2533 1059 2617 ipsi
1084 2555 1154 2597 sese

36 2642 244 2714 exponerent.

563 2955 622 3018 11.

332 3095 405 3178 De
434 3097 698 3161 Simonide
729 3097 851 3161 labe.

118 3272 173 3336 27.
222 3269 373 3334 Alterum
406 3271 495 3357 quod
526 3271 656 3336 saeculo
681 3273 732 3336 XI
766 3295 836 3335 sese
867 3271 965 3336 valde
996 3296 1326 3360 propaga-ermonens-

34 3381 121 3432 verat
147 3370 286 3450 vitium,
321 3380 390 3432 crat
414 3369 575 3434 Simonias
599 3369 690 3434 labes
714 3371 908 3456 perniciosa,
942 3394 1006 3456 qua
1031 3375 1065 3436 in
1089 3375 1154 3458 epi·
1215 3369 1278 3410 Μ’·

31 3479 245 3552 scopatuum,
271 3466 499 3548 abbatiarum,
525 3468 778 3553 beneficiorum,
808 3469 961 3533 ordinum
986 3493 1154 3536 sacrorum

31 3564 216 3646 collatione,
242 3567 403 3650 pecuniae
429 3568 571 3652 pretium
597 3565 796 3632 solvebatur.
821 3605 853 3613 -
888 3567 970 3632 Inde
995 3591 1013 3630 a
1039 3571 1154 3654 primis

30 3663 172 3726 saeculis
197 3664 386 3726 invenimus
408 3664 594 3729 Ecclesiam
628 3665 741 3730 sedulo
777 3687 910 3750 operam
943 3665 1072 3730 dedisse
1102 3668 1154 3732 de-

29 3765 127 3824 cretis
154 3773 188 3825 et
211 3763 425 3847 praescriptis
450 3785 615 3826 canonum
639 3787 678 3827 ac
707 3763 941 3844 conciliorum,
975 3786 1016 3828 nc
1049 3767 1154 3848 pretio

31 3859 202 3945 temporali
229 3859 413 3944 spiritualia
437 3871 638 3944 prostarent,
672 3883 711 3925 ac
735 3863 929 3948 praesertim
954 3863 988 3926 id
1016 3863 1155 3948 jtrssisse

29 3957 139 4040 quoad
167 3955 376 4022 collationem
400 3981 568 4023 sacrorum
592 3960 757 4024 ordinum.
805 3960 890 4024 Cum
915 3963 1002 4024 enim
1027 3959 1156 4026 ordina-

32 4055 118 4119 tione
145 4055 334 4120 evehantur
365 4056 515 4120 homines
546 4057 590 4121 ad
621 4056 718 4142 longe
740 4059 1057 4145 praestantissimam
1089 4083 1155 4122 om·

75 4201 90 4206 —
98 4199 235 4207 .-m

29 4258 78 4314 top.
96 4249 156 4311 28),
178 4245 207 4298 in
225 4261 277 4312 quo
296 4246 450 4300 clericorum
469 4247 653 4316 ignorantiam
667 4249 815 4302 Damianus
839 4249 927 4302 acrius
946 4251 1081 4318 carpebat.
1118 4251 1152 4306 V.

27 4325 241 4380 Kleinermanns
259 4327 276 4380 l.
297 4343 319 4382 o.
338 4343 363 4395 p.
385 4329 434 4382 101
454 4335 520 4381 nota
539 4331 564 4382 2.

994 4420 1048 4472 12*
