2926 4840
333 526 374 580 De
395 524 479 578 variis
496 539 628 578 canonum
647 523 863 579 collectionibus.
1108 529 1163 582 257

63 683 154 732 uuum
176 667 314 733 Romani
341 669 517 732 Pontifices
541 667 632 732 hisce
656 667 887 733 Decretalibua
910 671 1099 750 institerint,
1122 682 1160 735 ut

54 768 119 852 jura
148 787 202 829 saa
234 764 320 830 ultra
354 765 489 830 modum
522 763 780 850 amplificarent,
819 769 856 830 et'
883 765 991 831 deleta
1022 770 1160 855 antiqua

62 863 207 927 Ecclesiae
222 863 400 948 disciplina
415 883 548 944 noram,
566 883 705 948 eamque
717 862 887 928 Ecclesiae
901 885 1020 949 parum
1033 865 1158 950 utilem,

58 961 294 1025 introducerent.
339 959 434 1025 Haec
464 968 512 1024 est
543 962 631 1024 enim
656 960 912 1025 Protestantium
943 962 1157 1050 aliorumque,

55 1063 101 1143 qui
128 1059 300 1144 privilegia
330 1058 363 1124 S.
395 1057 490 1124 Sedis
521 1059 777 1144 impugnarunt,
813 1059 954 1145 querela.
1009 1061 1161 1127 Sufficiat

57 1155 100 1219 illa
129 1160 244 1236 citare,
277 1177 362 1242 quae
387 1156 554 1236 Balutius,
589 1156 642 1218 vir
670 1155 852 1220 catholicus
884 1156 942 1221 sed
965 1157 1158 1243 gallicanus,

54 1255 151 1318 scribit
174 1257 207 1319 in
223 1253 429 1340 Racsatioae
452 1253 495 1318 ad
519 1275 602 1339 opus
619 1255 792 1340 Repiaoais
815 1255 853 1318 de
877 1255 1051 1342 disciplina
1066 1259 1156 1322 accle-

52 1355 177 1430 siaatiea,
200 1352 339 1438 loquens
356 1352 396 1416 de
412 1353 594 1416 Hincmaro
609 1351 805 1416 Rhemensi:
830 1353 949 1416 Incidit
964 1357 1046 1417 caim
1060 1357 1157 1420 Hinc-

54 1473 143 1514 mosua
173 1455 208 1516 ia
241 1449 437 1536 dffcs'llima
470 1461 612 1535 tempora
641 1449 774 1514 Nicolai
799 1451 901 1537 primi
933 1461 963 1514 et
993 1453 1159 1518 Hadriani

51 1549 180 1626 ucuaffi,
213 1550 270 1634 qui
290 1547 375 1610 nulii
396 1545 598 1632 diligentiae,
630 1547 730 1610 uallis
754 1545 914 1611 laboribus
938 1563 1157 1634 pepercerunt,

51 1655 77 1706 al
96 1647 176 1710 udis
199 1671 274 1710 suae
299 1645 485 1732 dignitatem
508 1692 567 1710 ...
592 1647 627 1708 ia
649 1646 830 1708 immensum
854 1645 1049 1711 eutoilcroat.
1095 1649 1158 1713 Sed

51 1745 181 1828 inprimis
211 1747 247 1806 ia
269 1743 411 1808 omuibus
434 1745 539 1806 cauma
567 1754 759 1828 opportune,
788 1745 982 1829 importune,
1015 1744 1157 1812 obtrude-

49 1839 114 1904 bcat
134 1842 287 1928 epistolas
309 1840 401 1919 illas,
432 1861 511 1926 qim
534 1840 673 1904 condam
702 1842 840 1924 pralium
870 1843 1043 1906 ooniscroat
1072 1847 1156 1908 uoci-

50 1941 129 2009 raus,
162 1939 274 2025 qssibm
296 1961 368 2002 cero
382 1939 468 2021 fides
491 1948 521 2001 et
544 1939 718 2002 auctoritas
742 1950 915 2002 accesserat
938 1963 978 2004 erc
1000 1943 1156 2027 stupendo

47 2059 78 2096 cr.
95 2037 233 2101 mirabili
253 2039 470 2101 taciturnitate
494 2047 523 2098 ot
544 2035 670 2100 silentio
690 2037 843 2100 bominum
865 2037 954 2102 illius
972 2038 1099 2101 sacculi,
1113 2077 1156 2086 —

48 2136 289 2200 ,lecamtionem
306 2133 392 2198 hanc
407 2134 511 2200 solido
528 2133 745 2198 fundamento
761 2132 852 2199 haud
867 2136 939 2212 niti,
955 2135 1154 2202 videbimus.

123 2235 176 2298 44.
210 2233 380 2318 Imprimis
403 2254 511 2316 pauca
535 2231 686 2296 dieamus
710 2231 751 2294 de
776 2231 1032 2296 Collectionibus
1050 2231 1150 2299 Cano·

47 2351 133 2412 num,
165 2352 251 2416 qnae
284 2331 461 2415 praecipue
493 2331 528 2394 in
563 2339 759 2411 uenerant,
793 2339 971 2415 antequam
996 2329 1153 2397 Collectio

47 2425 152 2492 Isidori
168 2429 361 2493 blercatoris
384 2426 517 2512 prodiit.
533 2465 577 2474 -
600 2426 715 2492 Plures
738 2427 874 2513 quidem
899 2430 1045 2514 quinque
1069 2432 1152 2514 prio·

46 2523 126 2589 ribus
147 2525 317 2591 Ecclesiae
347 2524 488 2590 saeculis
517 2537 695 2590 occurrunt
725 2524 899 2590 Oanonum
925 2525 1151 2610 Collectiones,

46 2623 94 2686 sed
125 2624 284 2690 celebrior
313 2623 378 2686 luit
405 2645 462 2704 ea,
497 2645 597 2708 quam
631 2624 724 2686 initio
759 2623 880 2687 saeculi
905 2624 954 2687 VI
977 2625 1324 2711 Dionynmcuqcopa

45 2720 174 2807 ffiyusu
203 2723 355 2786 confecit.
402 2719 545 2786 Sedente
575 2719 731 2785 videlicet
755 2719 955 2804 Symmacho
978 2722 1151 2805 Pontifice,
1170 2695 1324 2746 ”mm

47 2817 213 2904 Dionysius
237 2829 453 2906 cognomento
478 2819 647 2902 Exiguus,
678 2820 811 2883 natione
835 2818 962 2901 Scytha
986 2831 1018 2882 et
1041 2843 1151 2884 mona·

45 2916 115 2982 chus
142 2919 328 3000 Romanus,
369 2916 505 2981 latinam
543 2938 707 2980 canonum
743 2939 935 3000 graecorum
967 2921 1152 2983 versionem

44 3016 181 3096 confecit,
206 3029 239 3080 et
258 3013 420 3080 Couoaam
441 3014 660 3080 Collectioaom
683 3014 789 3078 edidit
812 3015 936 3101 duplici
960 3027 1053 3102 parte
1078 3039 1152 3080 con-

43 3123 181 3180 stantem.
220 3115 342 3193 Prima,
367 3133 451 3198 quae
471 3110 577 3177 Codes
591 3135 745 3176 cononum
761 3113 1039 3178 ecclesiasticorum
1062 3115 1152 3178 dicta

43 3223 100 3285 cst,
130 3213 359 3299 complectitur
382 3211 624 3296 quinquaginta
648 3231 791 3275 canones
815 3210 1064 3295 Apostolorum,
1100 3233 1151 3275 ca·

44 3327 134 3372 nones
153 3311 336 3390 Nicaenos,
361 3307 569 3391 Ancyranos,
593 3307 902 3390 Neocaesariensea,
928 3307 1149 3392 Gangrenam,

43 3403 274 3491 Antiochense,
297 3405 521 3482 Laodicenos,
548 3403 945 3491 Constantinopolitanoa,
972 3405 1150 3472 Chalcedo-

44 3523 165 3585 nrnaeS,
200 3504 433 3585 sardicenses,
464 3502 649 3568 Africanos.
697 3501 811 3568 Altera
834 3526 912 3568 vero
937 3527 1031 3589 para,
1065 3527 1150 3590 quae

46 3601 179 3668 tblleetio
203 3605 397 3668 decretorum
420 3601 603 3684 Pontificum
627 3603 841 3666 Romanorum
863 3601 1056 3688 appellatur,
1086 3603 1151 3666 De-

44 3697 166 3764 cretales
191 3702 339 3764 continet
362 3723 381 3763 a
405 3721 429 3764 s.
449 3698 566 3764 Siricio
591 3699 678 3780 (385)
703 3721 806 3784 usque
829 3699 872 3763 ad
886 3702 1099 3764 Anastasium
1116 3700 1149 3763 H

43 3795 137 3876 (les).
179 3799 300 3862 Totum
326 3819 409 3882 opus
433 3799 653 3861 communiter
674 3809 763 3860 cetus
785 3819 939 3860 eunocum
965 3796 1072 3861 Codes
1095 3818 1149 3860 vo·

42 3903 136 3958 catur.
179 3895 311 3963 Habuit
332 3917 370 3958 ea
395 3895 550 3978 Dionysii
576 3891 749 3977 Collectio,
784 3897 879 3958 sicuti
904 3905 936 3957 et
959 3895 1059 3976 aliae,
1090 3916 1149 3980 por

42 4015 70 4046 -w
93 3993 251 4074 privatam
275 4002 403 4057 tantum
428 3994 671 4074 auctoritatem,
703 4015 769 4057 non
794 4014 871 4056 vcro
896 3991 1064 4078 publicam
1088 3993 1149 4056 Ec·

42 4085 160 4154 clesiae.
208 4089 274 4157 Sed
310 4113 411 4176 quum
446 4099 531 4154 essct
573 4092 743 4176 elatissima
780 4088 935 4156 Collectio
972 4114 1147 4174 canonum,

44 4187 213 4252 secumdum
245 4210 327 4275 quos
350 4191 527 4273 praecipue
551 4189 637 4274 juris
668 4199 699 4252 et
723 4189 916 4275 disciplinae
941 4191 1148 4274 quaestiones

43 4279 240 4348 determinari
261 4287 438 4371 dirimique
458 4285 617 4365 solebant,
634 4289 744 4370 magni
761 4285 944 4350 habebatur
958 4289 991 4350 in
1008 4287 1147 4352 ecclesia

75 4401 192 4450 immun,
206 4405 377 4447 Dissertationum
392 4406 450 4446 ‘lom
471 4405 507 4446 ill.
1006 4393 1040 4446 17
