2932 4836
297 470 350 528 eto
377 519 381 538 ,
612 469 702 526 XVII.
738 468 779 524 De
797 467 942 524 schismate
960 466 1102 525 Photiono.

297 624 357 682 est.
411 613 462 680 Ac
505 612 605 683 talem
648 621 843 698 potestatem
885 609 1062 679 schismate
1106 611 1243 698 quidem
1288 635 1346 698 per
1378 635 1409 678 sa

297 735 364 780 non
397 713 553 776 amittunt
582 709 630 776 illi
662 709 864 796 presbyteri,
898 707 957 777 sed
989 720 1095 774 cessat
1127 708 1243 776 eadem
1274 732 1333 796 per
1362 731 1408 774 sx-

298 831 443 896 pressam
476 807 573 876 Sedis
604 806 814 894 Apostolicae
851 805 1118 874 interdictionem
1155 806 1210 874 vel
1240 809 1408 874 revocatio·

298 906 416 995 ncm.¹)
454 907 595 972 Etiamsi
619 907 720 991 igitur
735 904 844 970 Photii
868 903 1054 990 presbyteri
1076 903 1252 974 schismate
1275 906 1411 970 excimto

297 1027 357 1092 per
388 1027 422 1072 se
454 1027 521 1070 non
544 1005 732 1070 amisissent
754 1001 973 1070 confirmandi
1006 1001 1212 1082 facultatem,
1245 1025 1286 1070 ca
1308 1016 1408 1066 tamen

298 1113 386 1171 certe
410 1103 557 1170 destituti
589 1112 666 1169 sunt
689 1121 746 1183 eo,
783 1100 872 1186 quod
895 1122 915 1168 a
938 1099 1075 1166 Nicolao
1099 1099 1117 1166 1
1145 1102 1237 1166 omni
1260 1110 1412 1187 potestate

298 1223 391 1269 sacra
424 1222 561 1266 munera
593 1197 771 1264 exercendi
803 1199 925 1284 privati
958 1207 1075 1264 essem.
1122 1198 1163 1262 In
1195 1197 1336 1264 concilio
1358 1197 1409 1262 Ro
1449 1207 1450 1212 ’

298 1317 396 1364 mano
421 1299 509 1365 enim
534 1319 646 1362 mense
661 1295 769 1383 Aprili
794 1321 825 1365 a.
848 1297 912 1362 863
935 1295 1058 1379 habito,
1083 1295 1240 1365 Pontifex
1259 1297 1410 1362 statuerat
1449 1325 1450 1386 j

299 1395 429 1462 decreto
447 1395 515 1460 III:
542 1393 628 1480 „Eos
653 1415 741 1472 vero,
767 1415 848 1479 quos
863 1393 1001 1460 Photius
1025 1393 1211 1480 neophytus
1233 1402 1267 1458 ot
1281 1391 1414 1479 Cptaua

299 1493 387 1560 sedis
422 1492 555 1557 invasor
589 1493 623 1557 in
659 1490 807 1577 quolibet
842 1490 1064 1557 ecclesiastico
1105 1491 1220 1558 ordine
1255 1493 1413 1577 provexit,
1449 1511 1450 1539 l

299 1592 455 1677 quonism
479 1589 690 1654 manifestum
714 1598 762 1654 ost
795 1611 849 1653 eos
873 1590 907 1652 in
932 1588 1086 1653 omnibus
1110 1590 1346 1656 consecratoris
1368 1589 1411 1652 sui

298 1685 519 1775 pravitatibus
551 1689 771 1768 consensisse,
805 1695 903 1774 atque
936 1688 966 1751 ei
999 1696 1073 1774 post
1096 1688 1303 1752 invasionem
1335 1708 1414 1752 com·
1449 1714 1450 1776 1

299 1788 485 1864 manicare,
529 1785 619 1849 omni
653 1783 797 1848 clericali
830 1783 938 1849 officio
971 1786 1143 1872 privamus
1175 1795 1208 1850 et
1239 1781 1412 1871 apostolica
1449 1777 1450 1869 ]

298 1893 397 1972 atque
421 1884 583 1950 canonica
604 1883 799 1948 auctoritate
824 1891 857 1946 et
879 1881 1032 1966 synodali
1057 1882 1187 1947 decreto
1212 1903 1267 1948 eos
1287 1883 1417 1967 penitus

299 1980 605 2067 sequestramus.“¹)
650 1979 761 2066 Atque
794 1981 893 2044 etiam
925 1979 1119 2046 Hadrianus
1151 1979 1184 2046 II
1217 1981 1252 2044 in
1281 1977 1414 2066 epistole
1449 2009 1450 2046 r

298 2077 443 2165 quadam
482 2075 526 2143 ad
557 2078 725 2163 Ignatium
757 2077 980 2165 patriarcham
1014 2078 1175 2162 advertit,
1211 2076 1416 2164 presbyteros

299 2174 474 2242 emacules
497 2177 531 2240 in
547 2175 706 2261 Bulgaria
729 2175 830 2240 fuisse
852 2175 995 2240 asseclas
1008 2175 1130 2257 Photii,
1154 2176 1211 2262 qui
1233 2196 1299 2240 non
1314 2171 1413 2238 solum

298 2274 333 2340 in
357 2271 413 2339 illa
437 2275 589 2360 regione,
622 2273 680 2339 sed
704 2273 738 2338 in
763 2282 831 2338 tota
854 2272 1005 2337 Ecclesia
1028 2295 1088 2359 per
1110 2272 1229 2339 Sedcm
1257 2269 1416 2359 Apostoli·

298 2392 372 2437 cam
389 2374 480 2438 omni
494 2373 651 2438 exercitio
668 2370 863 2436 sacerdotali
886 2371 1053 2436 interdicti
1069 2371 1247 2456 fuerant³);
1271 2367 1415 2456 adeoque
1449 2379 1450 2456 l

372 2619 457 2690 ¹)1ts
482 2634 537 2674 rem
554 2635 584 2674 se
602 2618 715 2684 habere,
740 2619 881 2688 colligitur
899 2635 932 2674 en
952 2617 1035 2674 rafim
1054 2617 1221 2673 documentis
1246 2616 1416 2672 auctoritatis
1449 2593 1450 2650 l

299 2699 498 2754 ecclesiasticae
521 2713 590 2766 quse
613 2699 683 2754 hanc
701 2699 886 2766 quaestionem
912 2703 1044 2766 spectant.
1081 2697 1124 2753 Sic
1148 2698 1289 2754 concilium
1313 2696 1416 2766 provin-

299 2779 366 2834 ciale
384 2778 514 2847 Smyrnae
532 2793 556 2832 a.
579 2777 646 2832 1869
665 2777 699 2832 ab
719 2778 849 2846 episcopis
868 2777 962 2834 latinis
984 2778 1057 2834 illius
1075 2779 1229 2846 provinciae
1248 2776 1416 2844 celebratum,
1449 2779 1450 2842 ἶ

298 2867 362 2916 sect
382 2859 415 2914 IL
435 2873 491 2927 cap.
510 2857 546 2912 H.
565 2857 598 2912 tle
617 2857 819 2914 confirmatione
844 2863 896 2914 art.
916 2859 941 2916 3.
960 2857 1094 2914 declarat:
1121 2857 1212 2928 ,Quod
1231 2874 1296 2913 vero
1314 2861 1412 2926 spectat
1449 2867 1450 2930 t

298 2940 333 2994 sd
360 2937 588 2994 confirmationem
616 2937 826 2993 acatholicorum
853 2939 924 2992 ritus
952 2934 1108 3005 orientalis,
1136 2938 1182 3006 qni
1210 2937 1302 2992 divino
1320 2935 1417 2990 lumine
1449 2995 1450 3006 χ

299 3017 431 3074 illustrati
455 3019 490 3072 sd
514 3018 664 3074 catholicae
688 3017 825 3074 Ecclesiae
848 3019 981 3087 gremium
1006 3027 1196 3084 revertuntur,
1227 3017 1352 3073 standum
1375 3021 1415 3068 est

299 3099 427 3154 decisioni
445 3113 585 3166 supremae
604 3097 830 3168 congregationis
848 3099 873 3154 S.
892 3098 982 3154 Officii
1001 3097 1091 3154 editae
1108 3099 1158 3153 snb
1176 3099 1220 3154 die
1238 3099 1282 3154 lh.
1294 3093 1415 3152 lannsdi

302 3181 383 3244 1766,
408 3193 478 3245 quae
501 3183 545 3233 est
562 3177 699 3246 sequentis
723 3178 842 3233 tenorh:
869 3179 943 3246 „St
963 3179 1093 3233 Dominus
1112 3179 1233 3234 Clemens
1251 3178 1328 3246 Papa
1344 3173 1415 3232 Xlll,
1449 3184 1450 3242 l

299 3257 401 3314 auditis
420 3257 492 3314 votis
510 3257 664 3314 Emmorum
676 3257 730 3313 ΡΡ.
750 3257 935 3312 Cardine-lium
954 3257 1148 3324 Inquisitorem
1167 3256 1340 3327 generalium,
1358 3269 1415 3308 ceo·

298 3339 356 3394 snit
385 3354 438 3394 non
457 3337 596 3407 expedire,
625 3337 695 3406 qnod
713 3337 863 3392 confirmati
888 3353 905 3392 a
927 3337 1111 3393 sacerdotibus
1128 3337 1306 3392 schismaticis
1332 3337 1416 3390 denno
1449 3333 1450 3348 ³

300 3417 433 3474 liniantur
449 3423 511 3486 post
529 3417 645 3472 reditum
663 3415 698 3470 ed
716 3417 860 3482 unitatem,
880 3423 909 3471 et
926 3417 960 3472 sd
979 3421 1110 3473 menmm:
1138 3417 1215 3474 Mens
1233 3424 1284 3480 est,
1303 3415 1370 3484 quod
1387 3415 1414 3468 in
1449 3439 1450 3476 r

299 3497 404 3554 casibus
428 3496 637 3566 particularibus
661 3497 850 3564 inquirendum
874 3496 925 3562 sit,
954 3511 1069 3564 quonam
1099 3497 1128 3552 in
1152 3497 1209 3551 loco
1239 3496 1357 3552 conversi
1381 3493 1414 3545 sd
1449 3505 1450 3542 f

299 3579 377 3633 fidem
396 3577 500 3632 fuerint
518 3575 684 3644 confirmeti3
702 3576 802 3632 etenim
821 3577 849 3632 in
868 3576 1002 3646 Bulgaria
1019 3583 1048 3632 ct
1066 3577 1095 3631 in
1109 3577 1197 3646 Cypro
1216 3574 1412 3632 immeantis
1449 3571 1450 3655 l

299 3657 384 3714 Italia
401 3664 431 3716 et
448 3657 544 3714 insulis
562 3656 749 3726 adjacentibus
767 3663 816 3712 ant
833 3671 915 3726 penes
933 3656 1084 3712 Maronitas
1102 3656 1277 3722 Libanenses,
1295 3663 1342 3710 ant
1357 3653 1414 3710 ubi·
1449 3657 1450 3736 t

300 3753 403 3804 cunque
427 3737 482 3792 urit
505 3737 572 3792 haec
589 3737 707 3792 facultas
726 3753 851 3806 expresse
870 3737 1010 3805 messem,
1035 3737 1122 3792 denuo
1147 3737 1298 3795 confirmari
1321 3735 1415 3790 dehent
1449 3767 1450 3830 l

299 3817 429 3873 absolute.
466 3817 495 3872 Si
514 3833 578 3872 vero
596 3815 747 3872 confirmati
766 3817 871 3872 fuerim
889 3817 918 3872 in
936 3815 1081 3882 Velsohia,
1100 3815 1249 3882 Moldavia,
1277 3817 1341 3872 Asia
1355 3823 1411 3869 etc.
1449 3833 1450 3900 p

299 3904 329 3953 et
355 3898 507 3967 ubicunque
534 3897 651 3952 facultas
679 3913 732 3952 uon
760 3897 815 3952 fuit
840 3914 964 3966 expresse
988 3903 1129 3964 revocata,
1157 3898 1247 3954 valide
1270 3894 1412 3954 confirmati

299 3979 454 4034 luerunt.““
475 3977 508 4034 V.
518 3977 647 4034 collectio
658 3977 837 4034 Conciliornm
846 3978 973 4034 Lucensis
983 3985 1003 4032 t.
1014 3978 1062 4034 VI.
1071 3994 1097 4046 p.
1107 3979 1169 4034 569.
1180 3978 1318 4048 (Fribnrgi
1329 3978 1413 4042 1889).
1449 3991 1450 4013 ¹

372 4067 394 4136 ⁹)
413 4067 498 4125 Nicol.
517 4083 558 4136 ep.
579 4065 891 4126 7.nabsaV11Lusa

373 4155 395 4225 ΙΙ)
419 4159 475 4208 Τοῦ
502 4160 613 4209 morton
637 4159 763 4209 κοινωνοὶ
788 4159 832 4206 sol
857 4153 1032 4225 συμμῦστοι,
1063 4155 1169 4220 odacri
1192 4155 1284 4224 ,sarim
1307 4158 1341 4212 sir
1364 4151 1411 4214 τὴν

299 4235 470 4306 Βουλγιὶρων
494 4234 603 4305 χώραν,
631 4233 698 4286 ellici
722 4237 767 4286 eal
793 4239 831 4294 εἰς
854 4237 946 4290 πᾶσαν
971 4236 1111 4302 ἐκκλησίαν
1135 4233 1171 4294 oie
1194 4238 1274 4306 ἱερεῖς
1296 4235 1412 4301 ἐνεργεῖν
1449 4255 1450 4264 ¹
