2932 4836
333 497 437 550 Causae
455 495 552 564 quibus
570 494 686 550 schisma
703 503 902 564 praeparatum.
1125 499 1178 554 325

73 644 191 728 antiquo
218 653 290 704 tum
324 661 367 704 ex
394 641 568 704 recentiori
598 649 746 724 tempore
778 640 938 726 reliquiae
968 650 1001 704 et
1026 644 1177 727 germina

73 738 239 803 discordiae
272 746 306 801 et
334 739 518 818 scissionis,
554 735 772 823 omnibusque
802 737 865 800 illis
898 737 1069 803 elementis
1097 762 1176 804 usus

72 849 110 900 est
122 837 254 900 Plotius
270 836 455 922 effecitque,
480 845 517 898 ut
536 834 733 921 differentiae
748 835 947 920 multiplices
962 838 1047 900 inter
1061 836 1174 902 Orien·

72 935 138 998 tales
160 945 191 997 et
205 931 439 999 Occidentales
455 941 661 997 verterentur
684 934 718 996 in
742 935 970 1019 oppositionem
984 935 1173 1018 violentam,

71 1033 201 1110 eduma,
236 1043 270 1095 et
303 1033 536 1116 separationem
569 1053 590 1094 a
620 1029 704 1095 Sede
736 1031 895 1096 Romana.
941 1031 1002 1095 llla
1024 1035 1173 1116 germina

70 1129 221 1193 scissionis
253 1130 398 1213 istasque
431 1128 634 1192 differentias
667 1127 836 1213 aliquanto
869 1131 1056 1194 accuratius
1089 1153 1173 1196 com-

70 1225 318 1312 memoremus.¹)

146 1343 174 1406 l.
210 1341 336 1425 Magna
365 1341 436 1426 jam
472 1340 514 1404 ab
549 1341 684 1426 antiquo
719 1349 866 1426 tempore
902 1341 1071 1404 diversitas
1105 1351 1175 1403 erat
1202 1356 1322 1400 urrunnu

68 1440 159 1523 amad
180 1439 390 1503 characterem
413 1449 443 1502 et
465 1437 604 1502 indolem
627 1440 713 1502 inter
735 1448 849 1523 gentes
872 1439 983 1523 stirpis
1006 1437 1174 1502 Romanae
1221 1418 1309 1460 ¹¹⁶⁰¹¹⁵

69 1558 116 1600 seu
142 1537 298 1621 Latinae,
335 1547 367 1600 et
402 1539 487 1600 inter
520 1559 575 1600 eas
604 1558 687 1622 quae
717 1559 758 1600 ex
787 1538 887 1622 stirpe
913 1535 1084 1600 Hellenica
1117 1557 1175 1599 seu

69 1632 182 1698 Graeca
211 1633 419 1720 prodierant3
454 1633 635 1719 eademque
665 1633 840 1697 diversitas
862 1635 946 1698 ratio
971 1646 1041 1698 erat
1069 1634 1174 1720 cujus·

70 1731 134 1795 dam
162 1733 400 1815 antagonismi,
433 1733 489 1817 qui
521 1754 580 1818 per
608 1730 801 1816 religionem
826 1731 1039 1795 christianam
1071 1733 1175 1796 minui

70 1829 199 1914 quidem,
224 1829 372 1894 sednon
397 1831 530 1914 penitus
554 1828 655 1893 deleri
679 1831 795 1915 potuit.
835 1827 1059 1893 Romanorum
1076 1830 1176 1894 etiam

68 1927 226 2010 gentilium
258 1929 495 2014 propensiones
519 1929 716 2008 severiores,
751 1937 783 1990 et
806 1947 912 1991 mores
935 1929 1040 2011 magis
1064 1928 1176 1992 viriles

70 2047 101 2086 ac
130 2047 261 2109 graves,
301 2025 432 2110 saepius
465 2033 615 2088 auctores
648 2033 718 2088 tum
751 2027 871 2110 pagani
901 2036 970 2088 tum
1005 2023 1174 2088 christiani

69 2123 337 2206 commendarunt,
363 2122 443 2186 dum
464 2121 609 2187 indolem
625 2121 809 2186 naturalem
829 2121 958 2186 illorum
981 2123 1174 2208 depingunt.

71 2217 203 2284 Celebris
227 2230 276 2284 est
299 2220 476 2306 descriptio
502 2219 621 2284 indolis
651 2241 842 2284 aemorum
867 2219 1034 2285 Romanae
1058 2223 1175 2305 gentis,

69 2339 141 2401 quae
171 2321 205 2383 in
232 2317 327 2382 libris
356 2317 394 2381 de
422 2317 557 2382 Ciuitate
580 2319 644 2382 Da·
673 2341 692 2380 a
721 2341 745 2382 s.
774 2319 961 2402 Augustino
991 2318 1174 2384 exhibetur.

67 2413 144 2479 Inter
165 2416 230 2480 alia
253 2419 318 2480 ait:
350 2415 472 2480 Veteres
495 2416 593 2501 ipitar
610 2416 770 2502 primique
787 2417 935 2494 Romani,
954 2466 960 2480 .
978 2467 985 2480 .
1005 2466 1012 2483 .
1036 2420 1176 2502 quamvis

67 2523 95 2574 ut
122 2513 203 2577 aliae
236 2525 343 2600 pentes
375 2514 449 2577 deos
475 2513 584 2600 falsos
617 2513 768 2590 colerent,
802 2524 906 2576 tamen
938 2514 1044 2578 laudis
1077 2515 1174 2593 avidi,

65 2614 202 2695 praesciae
228 2612 375 2676 liberales
399 2623 509 2692 crant,·
531 2612 666 2698 pluriam
688 2613 851 2696 inpentem,
877 2612 1008 2674 divitias
1032 2613 1176 2676 honestas

67 2709 210 2789 colebant,
241 2711 321 2774 dunc
346 2710 565 2773 ardentissime
589 2709 785 2787 dilacerant,
814 2721 948 2795 proptor
970 2709 1050 2772 dane
1072 2712 1174 2774 vivere

69 2808 224 2888 volitarunt,
244 2831 306 2896 pro
331 2809 387 2871 dac
410 2818 441 2871 et
464 2809 544 2870 niori
566 2831 629 2870 non
652 2807 881 2871 dubitaverunt.
926 2804 1074 2870 Caeteros
1089 2809 1173 2893 cupi-

68 2903 169 2982 ditates
187 2908 279 2997 liujus
292 2906 387 2969 anias
402 2906 522 2990 inperiti
543 2904 717 2990 cupiditate
732 2915 927 2991 presserunt.
967 2905 1074 2990 Ipsam
1088 2905 1174 2969 deni·

68 3025 113 3086 quc
129 3007 273 3090 patriam
295 3027 393 3081 mam,
417 3005 566 3089 qnoniam
588 3004 703 3067 sentire
725 3001 893 3066 videbatur
917 3000 1095 3086 duplarium,
1120 3003 1173 3066 do·

68 3101 171 3166 minari
200 3123 272 3166 sero
305 3111 398 3186 atque
430 3103 586 3186 imperare
618 3099 804 3186 pleniorum
834 3101 928 3185 prius
957 3100 1042 3162 omni
1068 3100 1173 3164 studio

69 3196 527 3279 tesseracaedecatitas
558 3223 621 3263 cese
649 3201 881 3284 concupierant
887 3195 913 3284 ²)
959 3195 1041 3260 Inde
1072 3199 1171 3261 etiam

74 3351 264 3362 ——..-...

106 3427 265 3564 &gipuino
285 3427 407 3496 exposita
426 3427 548 3482 iuvenies
566 3427 631 3482 haec
650 3427 720 3496 apud
740 3425 950 3496 Hergeurtither,
969 3425 1091 3492 Plotius,
1110 3435 1130 3481 t.
1149 3428 1171 3484 Ι,

70 3526 90 3576 p
156 3511 239 3562 —.1‘s

129 3603 205 3674 ¹)De
231 3606 288 3661 Gis.
316 3605 367 3660 Dei
390 3603 422 3659 L
442 3605 516 3661 V.c
546 3607 644 3660 lu—
674 3605 806 3674 Virgilius
831 3609 864 3662 sb
889 3610 1045 3679 Augustino
1071 3608 1171 3662 citatus

70 3677 232 3740 mutuorum
250 3685 368 3740 indolem
385 3685 447 3740 istis
465 3685 588 3740 verubus
607 3687 694 3740 canit.

210 3783 353 3838 Excudent
370 3783 418 3837 alii
437 3783 572 3851 spirantis
590 3783 695 3837 mollins
715 3799 792 3852 aera3

212 3863 295 3918 Oredo
314 3863 444 3930 equidem
464 3864 541 3918 rivos
560 3864 658 3918 ducent
677 3864 709 3919 de
728 3879 858 3919 marmore
877 3867 983 3922 vultus:

209 3943 333 3998 (trabunt
351 3960 445 3998 causas
463 3945 574 4011 inelius;
594 3945 712 4011 coelique
730 3951 835 4000 meatus

212 4023 370 4078 Describent
389 4024 463 4078 radio
483 4031 511 4078 et
529 4025 671 4092 surgentia
689 4025 778 4079 sidera
796 4026 894 4082 dicent.

210 4102 250 4156 'lu
270 4119 365 4171 regere
383 4103 494 4171 imperio
514 4105 631 4172 populos,
651 4105 777 4168 Romane,
797 4113 938 4162 memento.

210 4181 269 4236 Hae
287 4182 338 4236 tibi
358 4189 438 4237 erunt
457 4191 530 4238 artes
548 4185 660 4252 pacique
679 4185 813 4252 imponere
831 4201 938 4255 rnorem,

209 4261 324 4317 Parcere
342 4262 477 4331 subjectis,
496 4271 525 4317 et
543 4263 677 4319 debellare
695 4264 829 4333 superbos.
867 4265 971 4320 AEneid.
992 4265 1038 4320 Vl.
