3054 4834
398 483 538 562 usum
556 508 582 562 s,
602 507 728 576 Gregorii
749 508 810 562 vu.
1134 511 1185 562 :cn

77 675 109 713 ce
131 653 312 723 sentiment,
342 651 374 715 la
397 665 553 717 sentence
576 650 619 714 de
642 651 828 738 dipositiou
852 655 1042 737 prononcee
1071 674 1134 737 par
1156 652 1189 716 le

77 748 157 834 Papo
187 770 230 814 on
260 750 291 814 le
318 749 454 821 concile,
488 773 533 813 au
556 771 677 833 moyen
711 755 774 834 rige
803 760 919 814 contre
942 773 987 815 uu
1011 750 1190 836 beretique

76 867 112 910 on
140 850 380 923 excommunic,
411 849 492 912 etait
523 847 646 912 loudee
679 859 751 912 tout
780 847 859 912 ala
880 848 944 912 fois
966 871 1024 912 sur
1046 847 1077 912 le
1101 848 1189 912 droit

76 945 164 1020 dicia,
195 968 260 1010 uon
289 945 474 1010 'seulement
503 969 544 1010 en
568 959 642 1011 taut
674 945 800 1031 qn‘elle
832 945 994 1011 declarait
1018 946 1047 1010 le
1071 947 1189 1031 prince

75 1042 234 1130 tractique
265 1067 307 1107 ou
338 1046 588 1113 excommunic.
626 1047 709 1108 mais
739 1067 859 1108 encore
889 1066 932 1109 en
962 1059 1034 1108 tant
1057 1043 1190 1132 qu'elle

73 1140 212 1206 eblairait
246 1155 280 1206 et
309 1142 465 1226 dirigeait
499 1142 531 1206 la
566 1145 762 1207 conscience
801 1143 861 1206 des
896 1145 1027 1229 princes
1061 1155 1095 1206 et
1128 1141 1189 1206 des

72 1240 209 1326 peuples‚
241 1239 470 1305 relativement
503 1263 572 1304 aux
607 1240 807 1324 obligations
841 1244 898 1327 qui
922 1241 1117 1306 resultaieut
1141 1239 1187 1304 du

72 1349 196 1402 cernuat
218 1339 257 1401 de
271 1337 407 1422 fidilite'.
455 1337 528 1402 Ello
552 1341 634 1402 etait
658 1361 698 1402 en
723 1343 833 1403 meme
856 1349 963 1425 temps
987 1339 1107 1403 fondbe
1131 1359 1191 1402 sur

73 1435 98 1497 le
120 1436 205 1500 droit
229 1436 376 1504 humain.
413 1459 480 1501 non
504 1437 687 1501 seulement
711 1459 753 1500 eu
777 1449 850 1502 taut
874 1437 1000 1524 qn’elle
1025 1437 1190 1502 declarait

71 1532 96 1596 le
118 1537 230 1619 prinee
254 1534 363 1598 decha
395 1535 436 1598 de
460 1557 512 1598 ses
536 1534 649 1612 droits,
682 1557 743 1621 par
766 1537 851 1599 snite
885 1536 926 1601 de
954 1535 986 1600 la
1015 1534 1185 1600 condition

69 1633 178 1695 missit
196 1654 255 1698 son
271 1632 421 1714 election,
447 1635 531 1698 mais
555 1655 675 1697 encore
698 1655 740 1697 en
765 1645 860 1698 verto
886 1635 930 1698 du
956 1637 1099 1720 pouvoir
1122 1655 1189 1720 que

71 1729 88 1786 l'
103 1753 192 1815 rasope
223 1743 254 1794 et
286 1731 315 1794 lc
345 1731 432 1793 droit
453 1730 561 1816 public
591 1731 772 1795 ‹lonnaicnt
796 1731 882 1795 alors
906 1755 948 1796 au
974 1733 1063 1817 Pape
1088 1743 1186 1795 etan

69 1827 198 1910 concile,
223 1851 307 1914 pour
324 1830 423 1914 juger
445 1829 476 1892 la
496 1851 595 1892 cause
617 1829 675 1893 des
690 1831 885 1892 souverains
902 1832 959 1915 qui
972 1831 1188 1895 encouraient

70 1924 96 1986 la
117 1925 318 1991 decheance.
357 1927 407 1990 En
434 1939 640 2012 prononcant
663 1937 748 1990 cette
772 1939 918 1990 senteme
943 1927 972 1990 le
985 1927 1076 2013 Pape
1101 1941 1132 1989 et
1156 1926 1188 1990 le

69 2024 188 2088 concile
211 2047 253 2088 ne
277 2024 470 2110 deposaient
493 2049 553 2111 pas
576 2037 788 2111 proprement
815 2023 845 2088 le
870 2029 1057 2104 souverain,
1088 2037 1120 2089 et
1144 2048 1187 2088 nc

68 2123 304 2188 s’attribuaieut
328 2146 387 2209 pas
410 2125 448 2187 de
473 2124 559 2187 droit
582 2125 671 2186 dicia
703 2122 734 2187 le
758 2126 900 2209 porrvoir
922 2123 964 2187 de
988 2123 1017 2186 le
1042 2123 1186 2210 deponor,

68 2223 144 2284 mais
160 2219 201 2284 ils
217 2222 413 2286 ddclorcient
427 2221 619 2302 seulement,
644 2235 677 2285 et
689 2221 728 2286 ils
752 2221 942 2302 ddcidar'ent,
968 2245 1031 2306 que
1056 2221 1186 2306 d'aprbs

66 2315 92 2379 la
115 2319 284 2386 condition
310 2321 496 2384 rniseirson
521 2319 660 2383 election
686 2343 747 2404 par
771 2320 792 2382 l’
808 2343 901 2404 ruuqc
926 2329 958 2382 et
974 2317 1005 2382 la
1022 2321 1187 2409 jurisper·

65 2416 153 2480 ‹lcnce
178 2417 224 2482 du
249 2431 364 2503 temps,
398 2419 420 2506 it
445 2421 528 2482 etait
551 2417 661 2482 decha
688 2417 729 2481 de
754 2441 790 2482 sa
815 2418 954 2502 diguite.
1003 2417 1092 2481 Leur
1116 2441 1187 2482 sen·

65 2525 153 2578 truce
179 2528 258 2602 peut
281 2520 348 2579 btre
372 2519 547 2601 compares
572 2518 590 2578 a
615 2514 696 2578 celle
721 2513 800 2579 d’un
821 2516 903 2600 juge
927 2515 1104 2598 ordinaire,
1129 2517 1187 2601 qui

65 2707 122 2744 vcro
140 2693 187 2760 qui
208 2693 240 2745 ob
259 2693 398 2758 haeresim,
426 2693 468 2747 vel
488 2692 522 2746 cb
541 2695 719 2746 facinorosam
740 2703 768 2746 et
787 2693 896 2760 impiam
916 2693 995 2755 regni
1013 2693 1188 2746 administra.

65 2771 159 2828 tionem
179 2773 213 2826 ab
226 2772 346 2826 Ecclesia
364 2773 616 2834 excommunicatur.
633 2773 691 2840 jam
710 2789 762 2826 riou
782 2779 908 2826 censetur
926 2772 987 2840 pius
1002 2773 1048 2826 ille
1062 2772 1188 2840 princeps

63 2851 100 2904 cni
121 2863 181 2906 tota
200 2869 267 2920 gens
286 2870 314 2907 sc
333 2853 499 2908 committere
519 2853 656 2908 voluerat:
685 2852 755 2906 uude
774 2853 893 2906 solutum
912 2853 1075 2906 sacramenti
1095 2853 1188 2907 rincu-

64 2932 112 2984 nnn
132 2935 355 2987 arbitrabantur.
372 2935 517 2988 Praeterea
537 2935 671 2986 aurionno
686 2933 753 2998 jare
772 2933 907 2987 sancitum
927 2931 988 2992 t'uit.
1008 2942 1040 2986 ut
1059 2933 1078 2986 ii
1098 2948 1189 2986 cense-

64 3021 154 3066 rentur
177 3013 316 3077 haerctici,
343 3021 390 3067 arrt
425 3013 522 3068 saltem
547 3013 700 3066 haereticae
725 3011 872 3080 pravitatis
891 3013 969 3066 valde
987 3013 1113 3080 suspecti,
1141 3013 1188 3079 qni

63 3093 283 3148 excommunicati
309 3093 342 3148 ab
370 3094 489 3146 Ecclesia
523 3094 597 3147 iutra
621 3103 724 3148 certum
754 3100 860 3160 tempus
876 3093 1047 3147 “solutionem
1084 3109 1187 3147 exermi-

64 3173 253 3227 rnunieutiouis
271 3173 362 3228 debito
382 3174 559 3228 submissione
579 3191 632 3228 non
651 3183 886 3240 consequerentur.
925 3175 969 3228 lta
988 3173 1122 3242 principes
1141 3175 1188 3242 qui

62 3251 87 3304 in
106 3253 389 3309 excommunicationis
409 3254 516 3308 vinculo
535 3261 705 3309 contumaces
721 3255 779 3322 jam
799 3254 1030 3314 obsculescebant.
1055 3261 1085 3307 ut
1112 3255 1188 3322 impii

64 3332 196 3388 Ecclesiae
223 3341 420 3402 contemptores
446 3343 529 3402 atque
555 3337 622 3388 adeo
649 3335 779 3388 baeretici
806 3335 983 3388 habebantur.
1021 3335 1076 3386 Hos
1096 3343 1189 3388 atatem

61 3420 190 3480 tunquam
209 3431 226 3466 a
244 3421 385 3468 contractu
404 3431 494 3469 secum
520 3415 589 3468 inito
620 3414 789 3474 detinentes,
818 3414 1014 3468 exarrctorabat
1038 3430 1105 3481 gens
1130 3430 1190 3476 sua.

63 3493 143 3548 Porro
168 3493 217 3548 hoc
242 3507 302 3548 erat
324 3495 411 3560 hujus
432 3497 515 3548 rororis
545 3501 795 3562 temperamentum,
826 3494 896 3561 quod
921 3509 953 3546 ea
977 3493 1109 3561 depositio
1135 3509 1188 3548 non

61 3573 144 3639 tieret,
173 3573 225 3627 nisi
245 3575 369 3629 consulta
387 3575 461 3642 prius
481 3575 608 3628 Ecclesia
636 3617 642 3630 .
670 3617 675 3628 .
703 3615 708 3624 .
739 3575 770 3628 Iu
790 3590 822 3626 ea
849 3583 939 3628 aarum
959 3574 1101 3640 disciplina
1120 3589 1190 3640 quac

61 3653 175 3707 nrulttnn
195 3653 296 3718 simut,
315 3655 390 3708 nulla
409 3665 450 3708 est
463 3655 599 3708 Ecclesiae
619 3655 742 3709 doctrina
760 3654 872 3719 quaein
892 3653 1001 3708 dubium
1020 3653 1110 3707 vocari
1130 3669 1189 3724 pos-

60 3733 108 3788 sit:
141 3735 188 3788 sed
214 3735 376 3789 solummodo
403 3737 498 3804 agitur
523 3736 556 3790 de
578 3737 686 3804 placito
711 3735 786 3802 qrtod
812 3735 891 3802 apud
916 3751 1009 3786 ararites
1036 3735 1188 3788 calicularis

59 3821 154 3880 aeruca
183 3817 311 3880 incaluit,
342 3816 467 3870 nirnimm
493 3827 525 3869 ut
548 3815 695 3870 saecularis
721 3813 871 3868 auctoritas
897 3830 948 3868 non
974 3815 1192 3868 committeretur

61 3894 184 3962 principi,
209 3896 261 3950 uisi
293 3913 325 3950 ea
351 3897 502 3950 certissima
526 3897 595 3964 lege.
624 3907 656 3949 nt
675 3897 732 3963 ipse
751 3894 874 3962 princeps
893 3893 1042 3948 catholicae
1061 3895 1188 3962 religioni

61 3988 106 4038 per
125 3975 216 4028 ‹nnnia
236 3976 352 4030 tacendae
378 3981 407 4029 et
426 3977 610 4030 observandae
628 3974 803 4029 incumberet.
842 3975 938 4040 ltaque
957 3974 1079 4028 Ecclesia
1102 3990 1190 4041 neque

59 4054 227 4108 destituebat
245 4071 330 4122 neone
349 4055 512 4110 instituebat
532 4057 612 4110 laicos
632 4055 782 4124 principes;
803 4053 849 4107 sed
865 4061 973 4107 tantum
987 4053 1189 4108 consulentibus

60 4133 246 4201 respondebat,
264 4135 328 4203 quid
342 4135 447 4189 ratione
460 4143 615 4190 contractus
629 4143 658 4188 et
668 4134 829 4188 sacramenti
845 4133 1037 4188 conscientiam
1047 4135 1188 4188 attineret.

60 4214 134 4266 Haec
166 4231 217 4269 non
241 4216 367 4280 ‚juridica
397 4227 425 4269 et
453 4218 559 4270 cicilia,
594 4217 639 4269 aed
668 4217 802 4268 acarna
835 4222 942 4267 tantum
974 4219 1003 4266 et
1033 4213 1190 4267 ordinatira

77 4301 207 4350 otestas.“
248 4295 359 4349 llissert.
380 4313 400 4352 c.
420 4297 464 4350 39.
