2932 4836
481 489 568 544 Initia
586 489 730 544 scissionis.
1114 491 1168 546 343

62 646 156 698 contra
169 636 328 720 Ifflratt'am
348 635 574 720 depositionem
589 634 704 718 secere
723 645 752 696 et
768 635 935 698 anathemo
955 635 1058 698 dicere
1071 657 1169 699 aresces

62 735 133 814 ert.¹)
183 730 451 797 Conciliabulum
488 731 552 795 hoe
588 753 704 795 versus
737 742 954 796 auctumnum
990 734 1070 797 anni
1104 733 1168 798 858

63 833 175 894 linitum
199 853 270 894 csse
294 829 466 910 videm-J)

135 984 188 1046 31.
220 982 359 1047 interim
393 1003 495 1068 quum
525 983 626 1045 animi
662 981 745 1045 ultro
780 983 928 1067 citroque
959 981 1168 1064 fluctuarent,

63 1080 196 1162 ignatius
226 1081 317 1143 omni
349 1079 545 1164 injuriarum
576 1101 696 1164 genere
720 1089 903 1164 saturatus,
937 1080 971 1142 in
1004 1101 1169 1144 carcerem

61 1179 225 1262 conjectus,
251 1176 321 1242 dire
346 1187 500 1256 vexatus,
526 1187 558 1240 ct
581 1178 708 1242 eatenis
733 1178 880 1258 vinctus,
906 1179 1008 1240 variis
1032 1179 1065 1240 in
1089 1176 1170 1242 locis

61 1276 197 1340 detentus
220 1274 302 1357 fuit,
335 1297 375 1338 ac
400 1274 533 1338 demum
558 1297 671 1340 mense
696 1275 845 1360 Augusto
870 1275 935 1340 858
968 1276 1003 1338 in
1027 1275 1169 1340 insulam

61 1373 243 1456 llitylenem
283 1372 473 1458 deportatus
506 1386 563 1438 est.
614 1372 655 1438 In
688 1375 858 1460 episcopos
890 1394 986 1455 vero,
1023 1372 1177 1459 clericos„

61 1471 236 1552 monachos,
260 1470 372 1552 laicos,
398 1473 454 1557 qui
479 1493 554 1534 oum
570 1470 868 1560 Photiotanquam
882 1471 1071 1556 patriarcha
1086 1493 1170 1536 com·

62 1571 217 1634 municare
240 1569 396 1634 nolebant
411 1571 594 1654 persecutio
612 1568 784 1634 desaeviit.
821 1569 959 1634 Photius
974 1579 1085 1633 tamen
1102 1579 1171 1633 arte

61 1667 202 1751 prudenti
236 1666 363 1730 studuit
394 1667 526 1731 firmare
550 1669 785 1742 auctoritatem,
804 1690 908 1731 suam.
954 1667 1097 1731 Exstant
1129 1690 1171 1730 ex

61 1787 91 1828 eo
120 1777 266 1850 tempore
305 1765 416 1851 plures
450 1766 553 1850 ipsius
587 1764 743 1850 epistolae
776 1765 818 1828 ad
851 1765 1013 1848 Bardam,
1050 1765 1171 1852 quibus

62 1884 168 1946 magna
201 1884 277 1927 cum
302 1863 435 1926 tristitia
459 1863 500 1926 dc
524 1863 628 1927 nimia
653 1862 774 1927 duritia
807 1865 841 1927 in
865 1862 1072 1928 adversarios
1096 1885 1171 1927 suos

61 1959 197 2024 adhibita
234 1962 463 2046 conqueritur,
500 1983 642 2046 suasque
677 1962 847 2044 angustias
882 1984 921 2025 ac
959 1960 1172 2026 difficultates

61 2071 169 2122 moeste
192 2057 359 2122 describit.
400 2057 579 2143 Hypoorisi
600 2058 681 2122 haec
702 2057 878 2123 tribuenda
902 2081 971 2123 esse
990 2058 1085 2123 multi
1105 2061 1171 2123 exi·

61 2157 193 2237 stimant,
211 2156 245 2220 id
262 2155 378 2220 suadet
394 2155 498 2240 stylus
514 2156 710 2220 artificiosus
727 2167 760 2220 et
772 2159 932 2222 oratorius
946 2157 1076 2222 illarum
1089 2157 1171 2221 litte·

62 2277 177 2334 rarum,
214 2276 276 2318 nec
314 2253 475 2338 ejusmodi
509 2253 597 2319 fictio
635 2254 744 2318 aliena
777 2265 826 2318 est
857 2279 877 2318 a
909 2254 1018 2320 Photii
1050 2255 1171 2320 indole.

63 2351 118 2415 Alii
150 2355 213 2416 ista
238 2373 304 2416 non
329 2354 462 2416 omnino
496 2351 574 2416 ficta
597 2352 698 2416 fuisse
731 2362 865 2438 putaut3
901 2353 1058 2417 Photium
1082 2353 1171 2417 ride·

62 2448 142 2527 licet,
168 2452 363 2536 opinantur,
396 2473 513 2514 revera
536 2462 736 2514 commotum
762 2452 861 2515 fuisse
886 2450 997 2516 multis
1021 2451 1116 2515 malis
1140 2461 1172 2514 ct

63 2547 313 2632 calamitatibus,
346 2570 430 2632 quae
454 2570 496 2612 ex
520 2547 642 2632 Ignatii
667 2548 859 2635 expulsione
890 2572 1013 2635 suaque
1038 2571 1172 2635 usurpa-

62 2646 138 2710 tione
161 2645 419 2733 proveniebant,
455 2669 494 2709 ac
517 2646 666 2731 pericula
690 2647 789 2710 etiarn
822 2669 906 2733 quae
936 2649 998 2732 ipsi
1023 2649 1170 2710 immine-

63 2739 131 2808 bant
161 2745 378 2829 perspexisse.
425 2743 515 2808 Hine
546 2765 621 2808 oum
646 2746 729 2808 serio
759 2744 977 2826 desiderasse,
1009 2755 1046 2808 ut
1067 2747 1170 2809 animi

62 2839 97 2904 ad
118 2844 272 2906 unionem
297 2853 329 2905 et
350 2863 468 2927 pacem
493 2841 745 2924 reducerentur,
771 2853 803 2906 et
826 2845 1026 2927 ingemuisse
1051 2843 1091 2907 ob
1116 2844 1170 2906 tri·

62 2949 133 3002 stem
161 2962 271 3004 rerum
297 2939 531 3005 conditionem.
579 2939 739 3004 Attamen
769 2963 871 3025 quum
895 2940 1031 3005 ambitio
1065 2951 1171 3004 etsu-

63 3035 183 3120 perbiae
216 3039 386 3124 passiones
419 3039 448 3101 ei
484 3036 579 3124 plane
609 3037 874 3120 dominarentur,
908 3037 999 3102 haud
1031 3039 1172 3102 rediita

63 3136 110 3196 via
140 3159 196 3200 sua
230 3135 333 3218 mala,
368 3134 424 3200 sed
458 3145 494 3197 ut
528 3157 613 3221 quae
641 3136 713 3221 jam
741 3136 828 3200 facta
861 3146 955 3200 erant
986 3135 1172 3200 vindicaret

63 3244 148 3317 atque
170 3235 327 3314 firmaret,
351 3233 393 3298 ad
418 3232 572 3297 ulteriora
596 3234 743 3299 facinora
767 3256 844 3297 mox
868 3232 1024 3320 abreptus
1049 3247 1106 3298 est.
1130 3271 1171 3282 -

64 3327 183 3396 Studuit
206 3353 245 3395 eo
268 3341 416 3416 tempore
431 3329 569 3395 Photius
594 3332 693 3395 etiam
717 3331 834 3396 litteris
858 3332 945 3396 datis
967 3331 1078 3418 plures
1099 3353 1171 3417 pro·

64 3449 143 3492 ceres
163 3430 264 3494 laicos
288 3429 352 3492 sibi
376 3428 590 3494 reconciliare
598 3480 607 3510 ,
641 3431 698 3515 qui
722 3452 824 3516 quum
848 3441 947 3494 antea
971 3431 1000 3493 ei
1024 3430 1172 3494 amicitia

60 3525 154 3606 juncti
177 3529 332 3610 fuissent,
366 3527 437 3613 ejus
461 3530 709 3612 usurpationem
733 3528 958 3614 improbantes
989 3526 1171 3592 adversarii

64 3621 133 3686 lacti
154 3635 238 3690 sunt.
280 3623 427 3690 Maxime
451 3645 530 3688 vero
554 3624 713 3690 sollicitus
736 3626 808 3707 fuit,
834 3636 870 3690 ut
893 3624 1116 3712 metropolitas
1141 3637 1173 3688 et

65 3722 220 3808 episcopos
244 3723 307 3786 sibi
333 3725 466 3788 omnino
491 3722 619 3787 deditos
638 3724 710 3808 jam
734 3726 837 3788 variis
861 3725 894 3788 in
919 3723 1053 3788 sedibus
1078 3722 1171 3786 collo-

66 3830 153 3884 caret.
189 3821 278 3884 Hinc
303 3819 460 3905 depositis
483 3821 692 3906 praesulibus
716 3824 745 3886 ei
766 3821 1031 3904 adversantibus,
1055 3822 1172 3885 amicis

65 3917 124 3978 suis
141 3917 189 3982 rel
204 3920 286 3982 viris
306 3920 362 4003 qui
386 3916 428 3994 ab
443 3917 574 4002 Ignatio
595 3918 792 4002 defecerant,
818 3919 890 3985 illas
909 3919 1003 3984 sedes
1023 3917 1171 3986 contulit.

132 4163 150 4229 ¹)
166 4163 247 4219 Nicol.
266 4163 288 4218 1.
309 4179 348 4232 ep.
369 4166 385 4218 7
414 4180 456 4232 ap.
476 4163 567 4221 Labbe
585 4165 658 4221 VIII.
679 4166 739 4221 283.

131 4244 366 4324 ²)Herg'enrtther
383 4254 401 4306 l.
421 4267 441 4307 c
460 4267 487 4320 p.
505 4255 565 4311 383.
