2932 4836
403 479 516 534 Photius
536 479 800 548 pseudopatriarcha.
1112 483 1165 538 36⁶

63 647 153 688 corum
173 623 364 688 solummodo
381 623 625 710 praedicatione
646 647 722 688 usus
735 626 909 704 missorum,
927 628 1061 712 pusacio
1080 627 1164 691 uitae

63 733 190 786 neumae
205 725 327 813 jrspiter
349 722 445 806 refici,
465 723 525 807 pia
549 733 650 786 mente
673 723 863 788 decreuerit:
884 747 1038 809 anumpue
1058 747 1097 788 ea
1111 727 1163 802 iis,

64 821 225 884 lbrmomsm
247 821 315 884 uita
339 820 527 884 timoribus
551 821 745 907 episcopum,
776 820 838 884 sibi
860 822 936 884 dari
959 823 1163 910 archispisco-

58 941 122 1002 pum
142 918 316 1006 sapstiesit.
364 917 449 981 Tunc
471 919 584 981 iterum
606 918 690 981 idem
712 941 771 982 rea
794 919 913 1006 lepatos
936 941 1008 983 satos
1031 921 1164 984 Romam

61 1017 178 1092 diruerit,
202 1027 233 1079 et
255 1017 339 1079 iuter
362 1013 431 1078 alic
454 1015 633 1080 beatissimo
657 1018 766 1102 Papae
796 1017 833 1081 id
861 1019 964 1102 ipsum
988 1039 1163 1104 supparans,

61 1113 173 1202 atejus
195 1115 364 1178 saucdtate
390 1135 454 1199 pro
487 1114 691 1178 instructione
718 1115 819 1199 pantio
849 1113 939 1178 illius
963 1114 1164 1201 presbyteros

56 1211 223 1296 postolavit.
277 1212 348 1297 lpse
371 1233 442 1274 uero
468 1211 585 1275 talibus
607 1212 702 1297 Papa
724 1213 899 1297 compertis,
922 1212 1015 1276 ualde
1037 1216 1165 1298 perisses

60 1320 104 1385 est,
125 1319 152 1372 et
172 1309 318 1393 infinitas
340 1309 408 1372 Deo
440 1308 552 1372 laudes
574 1309 766 1394 rependens,
798 1331 862 1372 non
886 1331 1008 1396 paucos
1036 1333 1164 1375 numero

59 1429 147 1473 coram
169 1429 201 1470 se
221 1405 373 1492 probauit
390 1405 602 1492 presbyteros,
626 1416 656 1469 et
677 1428 754 1491 quos
777 1407 889 1492 dipnos
912 1409 1048 1494 reperit,
1067 1431 1163 1494 prae-

58 1503 212 1568 amaena
235 1505 343 1590 pratia
365 1505 400 1568 ia
421 1503 610 1589 Bulpasiam
633 1503 771 1586 diremit,
796 1527 864 1568 cum
885 1505 997 1589 quibas
1019 1507 1162 1570 Domini-

58 1626 113 1665 mm
138 1603 315 1666 Triaeusem
338 1612 368 1665 et
394 1599 614 1666 Grimoaldum
630 1601 909 1688 Polymartieusem
929 1605 1090 1690 episcopos
1112 1605 1163 1668 de-

57 1701 181 1763 sdaaoit.
233 1699 293 1777 Ut,
326 1701 401 1785 quia
424 1699 605 1763 lbrmosum
637 1699 741 1785 ipsum
768 1697 892 1785 plebem
925 1701 1080 1766 dimittere
1103 1703 1165 1766 sibi

57 1797 193 1860 creditam
215 1819 280 1860 non
303 1796 468 1882 oportebat
492 1799 680 1882 episcopum,
705 1821 744 1860 ea
767 1798 815 1860 lais
832 1797 1026 1884 presbyteris
1045 1799 1089 1862 ud
1112 1823 1163 1864 ar-

57 1895 290 1982 cliepiscopatus
313 1894 499 1980 dignitatem
529 1896 583 1979 qui
612 1895 727 1978 dipaus
757 1896 949 1959 inueniretur
977 1898 1012 1959 in
1040 1899 1165 1961 nomine

56 1993 173 2056 moeni
196 1992 323 2056 tandem
346 1992 524 2076 eliperetur,
557 2002 587 2054 et
611 1991 688 2056 Secti
710 1992 939 2058 consecrandus
962 1992 1164 2079 Apostolicae

57 2092 225 2154 mitterem
250 2127 294 2138 --
317 2089 375 2153 Isti
408 2091 508 2173 igitur
541 2090 687 2174 episcopi
718 2088 957 2174 etpresbyteri
988 2092 1021 2154 in
1045 2091 1164 2176 Bulga-

55 2189 125 2250 riam
148 2187 287 2273 profecti
311 2197 403 2266 sunt,
433 2195 465 2250 et
495 2207 554 2270 per
574 2185 709 2272 aliquod
733 2195 863 2272 tempus
887 2186 1013 2252 ibidem
1042 2209 1162 2274 magno

56 2305 119 2348 cnm
160 2285 270 2350 fructu
313 2283 504 2368 religionem
545 2283 760 2349 christianam
798 2295 1024 2369 propagarunt
1064 2295 1162 2372 atque

55 2381 223 2447 firmarum

128 2481 182 2544 56.
222 2478 334 2560 Quum
369 2500 455 2542 anno
490 2479 554 2544 866
590 2488 733 2544 exeunte
765 2479 942 2544 Formosus
978 2490 1010 2544 et
1039 2479 1163 2546 Paulus

55 2598 119 2640 cum
148 2577 265 2661 legatis
295 2576 433 2661 Bogoris
464 2578 499 2640 in
523 2575 712 2661 Bulgariam
743 2576 904 2660 redirent,
936 2577 1093 2643 Nicolaus
1123 2601 1162 2642 ea

54 2677 213 2739 ‹Jcmsione
238 2695 317 2738 usus
331 2684 390 2756 est,
407 2683 443 2737 ut
459 2673 779 2759 Constantinopolim
794 2676 938 2738 mitteret
952 2675 1159 2762 legationem,
1172 2753 1178 2766 .

55 2783 80 2832 et
100 2794 220 2836 novum
245 2781 401 2838 conatum
425 2772 548 2836 faceret
570 2771 613 2836 ad
638 2771 751 2836 turbas
774 2774 809 2836 in
833 2771 890 2836 illa
913 2773 1053 2838 ecclesia
1072 2795 1163 2837 exor-

53 2878 94 2930 tas
123 2870 296 2936 sedandas.
341 2870 382 2934 In
413 2868 540 2953 synodo
573 2861 718 2954 plurium
750 2872 978 2955 episcoporum
1008 2871 1163 2935 Pontifex

55 2977 200 3032 statuerat
231 2991 316 3054 quae
347 2965 601 3032 conveniebant.
649 2967 724 3047 Qua
755 2967 795 3031 de
827 2990 861 3031 re
885 2967 1001 3032 scribit
1023 2971 1057 3032 in
1081 2971 1162 3054 epis-

54 3063 109 3127 tola
130 3064 213 3151 (70¹)
237 3065 280 3130 sd
301 3066 522 3130 Hincmarum
536 3065 774 3130 Rhomensem:
799 3065 863 3129 Sed
885 3077 920 3129 ut
939 3067 1067 3153 plenius
1089 3069 1164 3131 laec

55 3171 109 3223 tam
129 3165 193 3250 ipsi
216 3165 408 3251 Imperatori
430 3187 523 3248 quam
546 3163 622 3228 aliis
640 3163 789 3248 fidelibus
812 3165 957 3227 intimari
973 3167 1162 3249 potuissent,

53 3263 217 3325 conuocatis
238 3261 425 3346 quibusdam
449 3284 465 3323 e
488 3263 601 3325 uicinis
632 3261 709 3326 locis
729 3261 893 3347 fratribus
921 3273 950 3326 'et
972 3264 1163 3349 coepiscopis

55 3360 167 3438 secana,
191 3359 230 3423 de
252 3362 315 3438 bis,
340 3359 424 3446 quod
446 3360 535 3424 nobis
560 3361 707 3424 canonice
730 3363 829 3424 visum
852 3371 898 3425 est
920 3361 1111 3424 decrevimus
1133 3373 1163 3426 et

55 3453 266 3521 ordinavimus.
315 3454 382 3530 Quo
406 3458 476 3536 rite,
501 3459 581 3522 siccet
603 3457 807 3536 arbitramur,
831 3458 990 3536 ordinato,
1014 3481 1162 3543 pamerera

54 3555 197 3638 coepimus
220 3557 503 3642 opportunitatem,
527 3579 589 3641 qua
604 3555 689 3642 freti
712 3558 821 3620 missos
844 3555 1046 3642 Apostolicae
1070 3553 1163 3620 Sedis

55 3648 138 3713 edam
160 3653 259 3717 adbuc
286 3649 593 3740 Constantinopolim
616 3677 683 3718 oum
702 3655 925 3718 eabortatoriis
945 3653 1087 3739 epistolis
1110 3655 1160 3718 de·

55 3749 230 3815 stiuaremus
252 3799 259 3814 .
281 3807 286 3818 .
305 3800 336 3816 ..
369 3751 541 3816 Videbatur
565 3754 647 3816 enim
670 3753 760 3817 uobis
783 3754 844 3816 iter
866 3750 981 3816 navale
1003 3753 1084 3815 satis
1098 3751 1161 3839 dif-

56 3843 133 3924 ilcila,
156 3860 185 3913 et
200 3859 339 3935 propter
355 3850 530 3914 eorumdem
547 3849 738 3915 Graecorum
753 3861 900 3935 supertes
914 3849 1053 3913 iusidias
1068 3847 1160 3913 ualde

56 3945 212 4009 cauendum
225 3996 232 4010 .
247 3996 254 4010 .
272 3995 302 4010 ..
328 3945 392 4010 Sed
415 3958 445 4010 et
468 3946 580 4034 (valde
602 3949 709 4033 gavisi
728 3949 864 4028 sumus),
889 3949 965 4033 qaia
979 3969 1042 4032 per
1056 3969 1162 4010 eorum

57 4037 288 4126 tssnlgarorum)
312 4067 439 4130 repnum
454 4043 590 4131 facilem
612 4070 650 4108 ac
674 4056 829 4110 terrenum
852 4046 955 4110 missis
977 4045 1095 4109 nostris
1118 4045 1161 4108 ad

59 4145 159 4203 tetrum
184 4141 376 4208 Graecorum
400 4167 554 4208 accessum
578 4153 693 4229 patere
715 4145 944 4229 perspetcimus.
996 4143 1162 4208 Ordinatis

58 4231 142 4315 {eitun
168 4251 231 4304 tam
260 4262 339 4325 qum
369 4240 544 4326 Bulpursun
570 4241 672 4325 pontis
703 4262 841 4324 coaptum
862 4241 944 4322 fidei
973 4241 1161 4306 rusdimentis

1214 2489 1289 2540 amn

1171 2548 1253 2601 cponn
1266 2550 1334 2594 missi
