3054 4834
495 495 672 550 Continentia
687 496 785 550 luctae.
1161 497 1214 550 365

89 662 202 702 arauris
230 639 325 702 laicis
355 639 499 702 marcidus
529 639 637 724 qladie
669 638 919 724 saraquiaeieatis
950 637 1119 724 deliquedo
1143 663 1214 724 sap-

86 748 223 823 peaaat,
247 738 355 800 ordini
378 759 433 800 suo
457 747 486 798 et
509 759 618 802 sacrae
641 740 784 802 auctioni
807 738 957 822 derepere
966 736 1000 821 ¹).
1061 789 1068 800 ,

184 836 234 900 13.
264 835 352 898 Dein
377 834 549 898 Paschalis
573 836 604 898 11
630 838 717 898 circa
743 836 968 900 ascensionem
994 835 1142 912 Domini,
1168 836 1387 922 aitSruqdurTrq

92 931 326 1011 Ekkchardue,
356 930 521 996 coasultum
552 955 614 996 aon
646 934 801 996 modicum
829 933 917 1018 repud
951 933 1067 996 Trecas
1095 907 1386 1011 tuhuit‚⁰“¹‘⁸¹⁸⁸'¹¹⁰''

90 1029 145 1094 abi
172 1031 256 1094 iuter
278 1029 390 1106 nauita,
422 1053 501 1114 quac
520 1053 584 1116 pro
609 1041 744 1116 tempore
769 1041 799 1093 et
820 1032 1004 1094 necessitate
1028 1032 1216 1114 cereiqeada

88 1129 246 1204 correxit,
290 1129 477 1192 sententiam
519 1128 558 1190 de
595 1128 696 1191 libera
721 1139 890 1214 partorum
922 1127 1086 1206 electione,
1120 1139 1149 1191 et
1178 1131 1216 1192 de

87 1225 263 1290 co'e'rceada
293 1225 447 1290 laieorum
482 1227 516 1289 ia
560 1224 788 1289 tartesiacum
819 1226 990 1312 diqnitates
1030 1250 1216 1313 praescrip·

89 1325 176 1386 tione
208 1327 310 1410 juata
342 1313 621 1408 praedecesserum
662 1345 789 1387 suerum
826 1324 951 1390 decreta
991 1324 1215 1412 promulqarn't.

93 1421 260 1486 Henricus
284 1421 314 1484 V
339 1423 464 1486 interea
488 1423 522 1485 in
548 1421 765 1506 Lotharingia
788 1421 940 1504 degebat,
974 1433 1074 1507 atque
1098 1425 1216 1488 iteruin

89 1519 228 1602 legatos,
253 1520 336 1582 forte
353 1519 495 1598 eosdem,
522 1521 610 1584 misit
622 1520 745 1584 Trecas
769 1519 811 1582 ad
828 1541 993 1582 summum
1010 1518 1216 1601 Pontificem,

85 1640 150 1702 per·
179 1641 256 1700 quea
290 1629 354 1682 tam
377 1619 451 1702 ipsi,
481 1639 575 1702 quam
597 1620 764 1680 aniversae
797 1617 915 1703 synodo
934 1627 1124 1702 potestatem
1147 1643 1217 1684 eutr·

88 1715 321 1780 stitaeaderum
351 1717 568 1800 episcrqrorurn
595 1714 777 1801 privileqiis
809 1712 994 1800 apostolicis
1020 1715 1135 1780 Carolo
1159 1720 1217 1781 Im.-

84 1813 237 1898 peratori
266 1835 443 1876 cencessum
472 1813 658 1896 notificaret.
707 1812 894 1897 Superque
918 1815 1109 1896 quaestione,
1142 1817 1219 1902 qaia

90 1913 127 1974 in
153 1909 257 1976 uliam
280 1933 376 1994 reque
399 1910 570 1995 quidquam
593 1911 733 1996 diffiniri
757 1911 913 1973 Hearicus
937 1907 1148 1990 conpatitur,
1171 1906 1218 1968 ia·
1267 1947 1271 1954 -

88 2009 213 2072 dicium
242 2008 305 2072 a'tt
335 2008 430 2072 totius
460 2011 616 2092 sequentis
646 2010 726 2071 eristi
748 2009 886 2092 spatium
912 2009 1044 2070 Romam
1073 2003 1221 2066 veniendi

89 2106 234 2170 earndem
275 2128 404 2170 cumam
435 2105 577 2191 perrerati
608 2107 739 2170 concilio
770 2104 961 2180 comitandi,
997 2101 1217 2179 concedente.

93 2205 168 2268 Rex
193 2203 335 2287 Angliae
358 2203 525 2268 Henricus
549 2204 566 2267 I
595 2226 692 2287 aegre
716 2203 805 2284 tulit,
835 2203 924 2288 quod
947 2198 1117 2266 Paschalis
1140 2196 1218 2262 Ger·

93 2304 228 2367 maniae
252 2323 374 2384 regem,
399 2303 553 2387 quamvis
577 2302 790 2366 investituras
814 2301 916 2381 daret,
940 2321 1006 2364 non
1031 2317 1219 2362 exeommu-

88 2399 241 2478 nicabat,
265 2398 367 2485 idque
390 2421 449 2486 per
472 2423 496 2464 s.
521 2398 718 2464 Anselmum
741 2399 894 2463 Pontifici
919 2397 1131 2482 significavit.
1159 2393 1219 2456 Pa-

90 2496 220 2562 schalie
243 2519 321 2561 vero
346 2497 527 2583 respondit,
553 2520 587 2561 se
604 2520 663 2583 pro
679 2507 826 2582 tempore
850 2506 980 2561 tantum
995 2497 1059 2580 ipsi
1083 2515 1218 2578 parcere

89 2607 127 2660 et
142 2606 337 2680 exspectare
356 2596 427 2680 ejus
452 2594 685 2674 obedientiam,
710 2605 878 2660 caeterum
903 2617 1038 2658 verosa
1063 2593 1163 2656 etiarn
1183 2592 1218 2653 in

89 2715 173 2757 eum
199 2693 332 2756 decreta
343 2693 514 2758 Ecclesiae
539 2693 786 2758 vindicaturum
811 2715 892 2760 esse.
923 2695 975 2758 Ex
999 2692 1103 2756 altera
1126 2698 1219 2774 parte

88 2792 205 2877 carpit
238 2790 386 2856 Gieseler
409 2792 616 2872 Pontificem,
652 2791 741 2878 qupd
772 2815 875 2878 quum
900 2791 1045 2854 Henricc
1077 2786 1219 2870 Angliae

89 2891 167 2974 regi
191 2889 377 2954 hominium
409 2888 453 2953 ab
476 2891 641 2975 episeopis
664 2889 865 2974 exigendum
890 2889 1102 2974 permisisset,
1137 2883 1220 2948 illud

90 2988 292 3052 HenricoV
316 2989 505 3074 permittere
529 2990 772 3068 recusaverit³).
813 2988 877 3053 Sed
894 2985 1136 3050 advertendum
1161 2994 1219 3053 est,

89 3095 243 3152 mentem
260 3085 431 3150 Paschalis
454 3085 564 3168 fuisse,
590 3096 627 3150 ut
648 3107 708 3172 pro
725 3085 846 3170 Anglia
870 3085 913 3149 ad
937 3097 1067 3169 tempus
1089 3091 1220 3146 tantum
1297 3089 1301 3098 '

92 3184 292 3250 toleraretur
316 3184 511 3266 hominium,
537 3206 678 3269 eumque
703 3183 819 3248 litteris
842 3183 886 3248 ad
900 3181 1096 3247 Aneelmum
1120 3181 1219 3264 signi-

91 3283 215 3346 ficasse
240 3305 274 3346 se
298 3303 441 3366 sperare,
473 3303 583 3366 regem
607 3284 873 3352 renuntiaturum
899 3303 969 3346 esse
994 3280 1142 3343 hominio
1166 3300 1220 3363 po·

86 3378 262 3444 stulando.
296 3379 394 3444 Unde
418 3401 521 3464 quum
545 3391 698 3461 ageretur
721 3401 796 3442 cum
812 3378 1002 3443 HenricoV
1028 3377 1069 3442 de
1093 3379 1219 3461 integro

89 3477 155 3542 illo
178 3479 309 3562 negotio
333 3477 509 3562 pendente,
535 3479 651 3541 merito
674 3476 849 3542 insistebat
872 3476 1052 3556 Paschalis,
1078 3487 1113 3538 ut
1137 3475 1220 3539 Pon-

89 3575 226 3640 tificum
251 3575 383 3640 decreta
406 3573 502 3660 plene
526 3575 792 3640 observarentur.

97 3727 313 3736 -—-—..-—-

176 3806 194 3865 ¹)
213 3805 343 3874 sugerius
361 3807 394 3860 de
406 3805 473 3859 Vita
486 3805 616 3860 Ludcrici
630 3805 730 3868 Graeci,
750 3805 831 3860 Perta
845 3807 879 3860 11.
894 3805 925 3858 st.
940 3805 987 3859 vt.
1007 3807 1059 3858 242
1073 3811 1101 3858 et
1115 3805 1221 3858 Wattr-

92 3885 159 3940 rich
179 3885 195 3940 1.
215 3903 237 3942 c.
257 3885 293 3940 11.
313 3888 357 3939 tt.
388 3887 473 3940 Errat
490 3901 556 3940 sane
575 3885 712 3954 Saganae,
733 3886 796 3940 dum
815 3887 968 3940 Bruncnem
986 3885 1138 3952 episcopum
1156 3885 1222 3938 Tre-

88 3966 234 4020 virentem
254 3965 359 4020 inducit
377 3965 518 4030 dicentem,
547 3965 698 4033 praesulem
726 3973 913 4020 cerasecrctum
943 3965 1038 4019 baculo
1065 3973 1094 4020 et
1122 3967 1221 4020 annulo

90 4045 231 4100 investiri.
256 4045 425 4100 Investitnra
444 4045 515 4100 euim
535 4044 616 4098 fiebat
634 4045 818 4100 inGermania
837 4051 901 4100 ante
919 4047 1154 4110 consecrationem,
1174 4063 1222 4100 nec

85 4125 215 4194 supponi
240 4131 330 4192 petest
353 4126 382 4179 in
401 4139 430 4179 re
449 4125 589 4179 notissima
609 4125 760 4179 Bnrucnem
779 4125 895 4181 voluisse
913 4127 1035 4194 tleeipere
1054 4127 1222 4181 Pontificem.

174 4205 197 4270 ²)
216 4203 367 4259 Ekkehard.
388 4205 485 4260 chron.
505 4205 538 4258 ad
558 4221 580 4258 a.
604 4206 679 4261 1107.

175 4285 197 4354 ⁸)
217 4285 343 4350 Gieseler‚
364 4286 397 4339 K.
417 4285 485 4341 (1.1.
505 4301 526 4338 c.
547 4299 570 4354 p.
591 4287 634 4339 54.
653 4302 679 4338 n.
701 4285 742 4339 14.
