2932 4836
488 503 574 560 Initio
592 503 737 560 sunnonis.
1124 505 1179 562 339

66 650 282 736 postulassent.
338 649 448 730 Quum
484 647 674 734 patriarcha
709 647 795 712 hanc
830 669 899 710 rem
936 647 1109 733 indignam
1144 659 1178 714 et

66 748 221 813 Ecclesiae
245 748 375 832 legibus
398 746 630 810 adversantem
660 745 824 831 complere
848 755 1016 828 renueret,
1048 747 1177 812 Bardas

64 869 130 911 cum
152 845 241 930 apud
257 842 467 924 Michaelcm
487 844 647 929 juvenem
669 842 839 907 socordem
864 851 896 906 et
913 843 1052 926 fatuum,
1077 847 1177 933 maje-

64 947 147 1008 statis
159 967 252 1008 reum
267 941 457 1029 postulavit,
483 943 579 1026 eique
596 944 767 1026 suggessit,
792 941 960 1026 Ignatium
978 964 1054 1007 cum
1070 943 1176 1010 Theo·
1187 955 1310 998 essessa
1322 957 1349 998 ἱι

63 1043 133 1106 dora
155 1043 309 1127 Augusta
341 1063 393 1104 res
425 1061 529 1103 novas
563 1037 687 1118 moliri,
724 1051 756 1102 et
786 1039 1047 1123 conjurationem
1080 1043 1175 1106 inire.
1209 1016 1326 1066 Νη

63 1139 292 1221 Contendebat,
316 1137 539 1223 patriarcham
556 1137 669 1200 favere
684 1136 833 1221 partibus
848 1135 1005 1222 (lebonis,
1029 1139 1175 1204 hominis

61 1237 178 1320 stolidi,
210 1240 269 1324 qui
300 1259 334 1300 se
358 1236 464 1300 lilium
487 1233 682 1299 Theodorae
713 1257 755 1298 ex
785 1237 940 1300 anteriori
966 1239 1176 1302 matrimonio

55 1337 205 1420 jactabat,
231 1347 265 1400 et
288 1334 484 1398 seditionem
509 1333 689 1419 quamdam
713 1333 927 1398 excitaverat.
966 1335 1083 1421 ltaque
1103 1339 1174 1400 sine

60 1437 186 1517 praevio
220 1435 375 1497 examine
400 1455 424 1497 s.
450 1432 600 1514 ignatius
633 1430 687 1494 die
711 1431 754 1494 23
778 1430 977 1496 Novembris
1006 1435 1085 1497 anni
1111 1435 1176 1498 857

60 1533 88 1594 in
111 1531 254 1596 insulam
270 1529 510 1595 Terebinthum
536 1527 736 1613 deportatus,
762 1527 953 1614 ibidemque
977 1534 1176 1596 monasterio

60 1629 198 1694 inclusus
221 1641 280 1694 est.
319 1629 439 1692 Paucis
462 1637 537 1712 post
561 1625 678 1690 diebus
702 1628 863 1690 miserunt
886 1626 929 1690 ad
953 1649 1027 1691 eum
1047 1629 1177 1715 aliquos

59 1729 240 1813 episcopos,
273 1724 397 1790 aulicos
422 1735 454 1788 et
477 1727 649 1810 patricios,
684 1726 740 1809 qui
765 1724 858 1787 illum
883 1724 925 1789 ad
949 1724 1176 1791 abdicandum

59 1825 312 1908 patriarchatum
337 1823 551 1887 adducerent.
595 1821 659 1885 b'ed
684 1824 754 1907 ipse
779 1821 871 1886 fortis
895 1832 928 1885 et
951 1833 1105 1888 constans
1129 1848 1176 1889 re·

58 1926 179 1987 cusavit
214 1923 382 1986 dimittere
406 1943 526 1986 munus
560 1941 673 2000 suum;
706 1923 865 2004 potuisset
898 1922 987 1984 enim
1011 1923 1175 2009 ejusmodi

56 2019 217 2086 abdicatio
243 2021 351 2105 accipi
376 2029 413 2083 ut
436 2019 585 2083 criminis
608 2017 730 2103 objecti
752 2017 923 2098 confessio,
948 2041 988 2082 ac
1003 2031 1175 2106 praeterea

58 2117 228 2199 sentiebat,
266 2138 388 2201 magna
421 2115 508 2180 mala
540 2115 713 2179 imminere
747 2112 904 2178 ecclesiae
939 2115 1109 2198 OPtauae,
1146 2121 1173 2184 si

57 2219 200 2296 tyrannis
225 2215 292 2279 illis
316 2217 386 2302 ipse
412 2214 554 2279 eederet.

136 2315 190 2378 tt.
227 2313 341 2394 Quum
373 2314 475 2396 igitur
506 2310 595 2376 nullo
627 2310 724 2374 modo
748 2309 916 2394 Ignatium
950 2323 986 2376 ut
1019 2313 1173 2398 dignitati

55 2433 126 2475 suae
149 2412 360 2476 renuntiaret
381 2409 516 2494 adigere
538 2418 688 2493 possent,
717 2407 845 2472 Bardas
869 2410 1006 2496 ejusque
1030 2413 1175 2478 asseclae

56 2509 267 2574 nihilominus
304 2508 405 2572 alium
439 2510 474 2572 in
506 2507 577 2571 loco
611 2507 682 2592 ejus
715 2506 937 2590 patriarcham
976 2513 1175 2576 constituere

55 2609 118 2671 ausi
141 2617 231 2672 sunt.
280 2606 467 2672 Orientales
491 2606 637 2691 episcopi
669 2605 817 2668 maxima
845 2617 939 2690 parte
971 2609 1055 2672 tristi
1081 2611 1175 2675 cede·

56 2703 127 2770 bant
159 2708 317 2791 ignavia3
351 2707 474 2769 etenim
500 2704 572 2790 jam
605 2703 784 2767 assuefacti
816 2713 909 2767 erant
932 2703 1173 2790 Imperatorum

54 2803 183 2868 arbitrio
209 2803 449 2880 obsecundare,
474 2812 572 2888 atque
596 2799 774 2886 disciplina
796 2800 966 2866 Ecclesiae
989 2803 1054 2868 liae
1078 2807 1110 2869 in
1138 2829 1174 2870 rc

50 2901 112 2984 jam
136 2903 273 2987 saepius
296 2903 330 2964 in
355 2900 491 2966 Oriente
515 2897 663 2963 relaxato
686 2897 740 2962 vel
763 2896 886 2962 violata
910 2911 998 2982 erat,
1023 2912 1059 2965 ut
1083 2904 1174 2968 vide·

54 2995 123 3063 licet
154 2996 355 3086 patriarchis
390 2997 509 3061 escde
534 2997 669 3088 dejectis
702 3007 734 3059 et
757 2995 867 3060 adhuc
893 2998 1083 3065 viventibus
1116 3001 1173 3065 ulii

53 3097 217 3162 substituti
243 3109 361 3162 essent.
408 3094 552 3159 Michael
577 3095 760 3181 Imperator
790 3104 822 3158 et
845 3095 971 3158 Bardas
994 3119 1093 3182 quern
1118 3121 1174 3186 pa-

54 3195 227 3260 triarcham
253 3194 491 3258 constituerent
513 3191 699 3278 selegerunt
721 3193 885 3270 Plotium,
917 3195 1025 3258 virum
1050 3195 1173 3263 laicum

54 3292 180 3376 ingenio
215 3292 361 3356 etfama
385 3291 564 3372 celebrem,
601 3291 848 3375 ambitioneque
872 3291 1059 3374 ardentem,
1093 3292 1173 3358 Gre-

52 3393 128 3472 gorii
153 3390 318 3455 Asbestae
348 3388 507 3453 asseclam
540 3399 639 3474 atquc
663 3389 817 3452 amicum.
866 3387 1038 3468 Quaenam
1073 3390 1173 3479 hujus

53 3491 109 3552 tiri
133 3490 261 3554 fuerint
283 3487 427 3564 natales,
461 3489 614 3572 uitaeque
639 3487 734 3549 initia
764 3496 796 3548 et
818 3484 965 3565 indoles,
999 3486 1092 3551 brevi
1119 3511 1172 3553 ex-

54 3609 169 3669 ponere
195 3587 362 3650 convenit.

135 3687 191 3750 28.
225 3683 331 3748 Natus
356 3691 405 3747 est
434 3682 572 3747 Photius
604 3703 718 3744 versus
741 3703 866 3746 annum
891 3682 975 3763 820,
1009 3695 1172 3769 quantum
1271 3689 1278 3698 '

52 3781 198 3862 ridetur,
232 3792 325 3868 patre
349 3781 462 3865 Sergio
487 3789 657 3865 matreque
679 3778 794 3860 Irene,
819 3801 860 3842 ex
884 3781 1011 3845 familia
1036 3780 1172 3847 CPtana

53 3877 144 3943 valde
168 3877 273 3943 nobili
298 3889 331 3942 et
354 3877 452 3942 clara.
499 3878 581 3941 Erat
605 3899 647 3940 ex
670 3876 786 3940 eadem
811 3879 913 3964 stirpe
935 3878 1092 3944 Tarasius
1117 3880 1171 3945 ille

53 3976 283 4041 celeberrimus
306 3975 503 4061 patriarcha,
528 3975 584 4061 qui
609 3975 696 4037 vixit
710 3985 856 4060 tempore
874 3973 1013 4042 Concilii
1030 3979 1171 4042 Nicaeni

53 4075 203 4158 secundi,
224 4097 370 4160 eumque
394 4073 447 4137 vel
470 4075 544 4154 avi,
569 4073 623 4136 vel
646 4075 754 4158 potius
778 4075 880 4158 patris
899 4073 1008 4139 Photii
1033 4075 1171 4140 fratrem

53 4173 165 4254 fuisse,
199 4184 348 4237 auctores
381 4181 413 4234 et
437 4173 506 4257 ipse
529 4169 668 4234 Photius
697 4170 841 4238 tradunt.
888 4171 1000 4238 Etiam
1024 4172 1170 4260 Impera-

52 4271 127 4334 toris
149 4269 297 4334 familiae
312 4268 451 4332 Photius
475 4278 544 4332 erat
567 4267 693 4350 affinis3
717 4268 818 4332 frater
841 4272 930 4334 enim
947 4271 1017 4357 ejus
1034 4271 1169 4356 Sergius

1006 4378 1061 4435 22*
