2952 4832
282 458 336 512 280
533 459 607 512 xxi.
628 459 667 514 De
685 461 710 514 S.
731 463 862 529 Gregorio
882 461 937 515 vti
954 463 1031 516 Rom.
1052 463 1190 516 Pontifice.

282 600 431 664 Attamen
470 623 507 664 ¹uo
547 603 621 666 laec
655 627 754 690 sup-ro
795 607 918 670 modum
963 605 1021 670 tili
1061 609 1176 691 provio
1209 618 1266 672 ont
1296 609 1396 694 irrripm

281 698 472 776 viderentur,
501 712 655 784 pertitas
679 703 793 785 fideles
817 705 1046 782 utarrduoimua,
1076 727 1114 768 aa
1132 728 1259 791 pravae
1283 727 1396 770 comae-

283 795 404 860 tudinic
428 800 559 860 mutatio
575 810 602 862 to
617 812 828 879 commoveret,
852 803 988 866 mitteres
1004 803 1048 866 ad
1063 825 1130 880 aaa,
1154 825 1232 886 quoa
1248 805 1398 888 supiiciter

283 903 313 955 et
335 891 499 980 redipioaos
524 898 557 960 ia
576 907 626 960 tuo
650 921 744 984 rapae
769 901 912 964 irenen-iro
930 923 1065 986 possea:
1090 903 1144 984 qui
1167 903 1197 964 si
1220 898 1332 987 aliquo
1353 925 1397 963 ro·

283 993 366 1054 tione
390 993 605 1057 demorwtrare
628 995 676 1058 vel
699 998 863 1062 adstruere
880 1009 1021 1083 poscent,
1046 1001 1081 1061 io
1096 1021 1156 1084 quo
1172 997 1263 1062 soloe
1288 999 1399 1060 aetemu'

280 1091 363 1174 repis
385 1092 499 1154 donoro
532 1107 562 1158 et
585 1097 652 1158 aliie
676 1094 819 1180 periculo
849 1098 1029 1160 animorum
1051 1108 1234 1160 nostrorum
1268 1095 1397 1182 momul-

280 1198 388 1272 9atom
422 1201 601 1255 sanctorum
634 1193 766 1256 Petrum
797 1217 960 1279 poaaemm
996 1206 1170 1280 temperare
1206 1196 1398 1263 sententiaro,

282 1309 386 1350 eorum
412 1288 554 1352 cormilirfa
577 1291 900 1356 coudesceaderemua.
942 1291 1034 1365 Quod
1049 1292 1182 1376 quiderm
1208 1294 1269 1354 clai
1282 1317 1302 1354 n
1318 1290 1399 1356 nebia
1471 1317 1472 1368 r

283 1394 347 1446 tam
370 1385 581 1450 amicabiliter
604 1390 740 1454 amicitae
764 1413 826 1454 ima
842 1389 976 1474 fuisses,
1002 1413 1134 1474 aequom
1157 1400 1260 1454 tuareu
1278 1389 1397 1474 suerat,

280 1495 316 1546 ot
333 1485 428 1568 prius
452 1485 486 1547 ia
510 1509 569 1569 quo
594 1498 622 1549 te
644 1511 858 1570 provocemus,
883 1499 940 1552 out
954 1489 1002 1550 liis
1015 1487 1184 1552 donor-ibus
1200 1488 1398 1560 obstaremus,
1469 1499 1470 1566 ξ

281 1581 518 1644 rationabiliter
556 1607 576 1646 a
607 1585 698 1648 uobis
737 1587 893 1670 arriperes,
933 1609 1026 1670 priam
1065 1584 1242 1671 apostol-ica
1279 1585 1398 1648 decreto
1469 1583 1470 1594 ²

281 1679 418 1743 violares
430 1679 485 1764 1).“’·’

112 1863 271 1904 eririvirs·
373 1857 423 1920 il.
470 1857 607 1922 Interim
633 1859 799 1922 Hemicus
824 1859 871 1921 IV
901 1869 1053 1923 currente
1078 1881 1165 1922 anno
1192 1858 1278 1922 1075
1302 1859 1398 1920 variis

282 1955 429 2039 epistolis
460 1965 492 2018 et
518 1955 636 2036 legatis
669 1979 800 2042 quoque
831 1951 956 2020 secreto
989 1958 1096 2020 missis
1127 1957 1170 2020 ad
1194 1954 1398 2039 Gregorium,

281 2051 428 2138 fingebat
452 2053 586 2139 quidem
611 2057 760 2117 animum
786 2056 847 2139 ipsi
874 2067 906 2117 et
929 2054 1100 2118 Ecclesiae
1124 2053 1307 2120 addictum.
1333 2075 1397 2116 cae·

281 2161 386 2214 terum
411 2173 489 2214 vero
513 2164 707 2236 prosecutus
732 2164 780 2216 est
795 2155 885 2217 viam
908 2154 1143 2238 perversitatis.
1172 2153 1288 2216 Mensa
1302 2152 1399 2215 Junio

281 2249 421 2312 devictis
446 2247 635 2314 Saxonibus
666 2251 850 2314 vindictam
875 2251 916 2314 dc
941 2253 981 2314 iis
1005 2252 1146 2336 sumpsit
1169 2259 1327 2328 atrocem,
1360 2259 1399 2310 at-

281 2368 345 2432 quo
370 2347 491 2410 exindo
516 2350 640 2412 monita
655 2349 826 2412 Pontificio
851 2351 983 2434 penitus
1008 2349 1206 2433 contempsit
1223 2347 1399 2411 Ecclesiae·

281 2465 344 2530 que
371 2445 448 2528 jura
480 2444 639 2511 audacter
671 2447 820 2512 violavit.
870 2445 1084 2511 Consiliarios
1108 2470 1127 2509 a
1151 2444 1313 2530 Gregorio
1339 2442 1399 2506 vir
1428 2445 1430 2448 ’

279 2544 584 2607 excommunicatos
598 2545 705 2609 (leuno
723 2545 786 2609 sibi
806 2546 930 2630 junxit,
955 2567 1014 2630 pro
1038 2544 1148 2608 lubitu
1172 2553 1205 2606 at
1222 2545 1399 2606 simoniace

280 2638 442 2703 beneficia
473 2642 695 2706 ecelesiastica
728 2642 911 2722 distribuit,
948 2646 1115 2729 principes
1139 2643 1289 2707 Saxones
1322 2642 1399 2724 epis·

280 2759 445 2824 cepasque
468 2739 788 2826 Magdeburgensem
820 2751 852 2804 et
878 2741 1221 2814 Ilalberstadiensem‚
1254 2741 1401 2824 captivos

279 2857 369 2916 suos,
405 2837 438 2900 in
470 2839 619 2920 regiones
654 2850 796 2903 remotas
828 2841 927 2903 exilio
959 2840 1141 2924 deputarit.
1200 2837 1398 2922 Episcopum

280 2933 571 3018 Bambergensem,
596 2936 667 3000 loco
682 2937 878 3002 Herimauni
896 2961 915 3002 a
931 2936 1092 3002 Pontifiee
1109 2936 1261 3021 depositi.
1279 2935 1400 2998 creavit

297 3032 484 3097 tunbertum
517 3035 740 3118 praepositum
764 3033 1024 3114 Goslariensem,
1058 3035 1236 3098 criminum
1269 3053 1400 3096 suorum

280 3133 425 3210 socium3
466 3153 524 3216 pro
557 3131 693 3220 arbitrio
727 3131 941 3218 Spoletanae,
976 3133 1169 3212 Firmanus,
1203 3129 1400 3216 Eugnbinao

281 3228 487 3293 dioecesibus
519 3232 690 3316 episcopos
719 3233 897 3316 constituit,
933 3241 1031 3316 atque
1056 3233 1155 3294 etium
1181 3252 1239 3316 pro
1265 3228 1400 3293 ecclesia

281 3327 536 3408 Mediolanensi,
570 3327 626 3392 ubi
657 3329 765 3393 laxior
797 3353 872 3414 pars
908 3341 1021 3392 contra
1053 3329 1221 3393 Patarinm
1256 3353 1287 3391 u.
1318 3325 1401 3390 1075

281 3425 484 3513 praevaluit,
521 3427 807 3514 rirchiepiscopum
837 3427 1023 3490 nominavit
1046 3426 1250 3503 Tebaldnm‚
1283 3423 1401 3512 (Gade-

279 3525 358 3590 sridi
384 3546 483 3588 causa
508 3524 668 3607 dimissa).
717 3525 851 3610 Alpium
876 3525 989 3588 fauces
1012 3535 1140 3588 arurata
1171 3546 1274 3588 manu
1298 3521 1402 3587 ocolu-

280 3625 332 3705 sit,
358 3623 449 3687 inani
474 3646 530 3706 arie
547 3623 675 3704 duetus,
701 3624 770 3687 fore
787 3635 821 3688 ut
835 3621 899 3714 hac
923 3624 1049 3686 ratione
1066 3623 1253 3686 facinorum
1269 3641 1400 3685 snorum

280 3723 387 3786 nuntii
412 3721 551 3786 Romam
584 3723 696 3786 venire
729 3744 795 3786 non
827 3731 973 3806 posaeut3
1006 3745 1025 3784 a
1050 3719 1212 3814 l'ontiiioe
1243 3718 1401 3804 poposcit,

355 4008 375 4062 ¹)
396 4005 505 4061 Collect.
525 4006 604 4062 Cano.
625 4005 716 4061 Labbt
736 4007 769 4061 X.
789 4006 837 4060 col.
858 4007 918 4058 137.
939 4036 972 4043 -
992 4003 1131 4074 insignita
1150 4005 1258 4072 quidam
1276 4014 1314 4059 est
1336 4005 1400 4057 haer

280 4087 396 4156 epistola
415 4089 498 4142 Serota
518 4087 589 4142 Idas
608 4087 746 4142 Jurruorii
764 4087 867 4140 Indici.
887 4087 1115 4154 deciam-quarto
1134 4087 1236 4153 (1076).
1262 4085 1311 4139 Sed
1330 4101 1399 4138 erro

283 4183 339 4220 rem
358 4168 458 4231 adesse,
480 4175 508 4221 et
527 4183 621 4221 vorsus
640 4167 720 4220 tinem
738 4165 803 4220 anni
824 4167 893 4220 1075
912 4164 1057 4232 epistolam
1076 4180 1134 4220 esse
1152 4165 1286 4234 scripum
1304 4181 1399 4218 conve·

285 4246 364 4299 uiunt
384 4253 507 4298 mutares
526 4245 583 4300 iere
602 4261 703 4304 onmes.
740 4246 772 4300 V.
792 4245 895 4308 Helela
916 4247 943 4299 (3.
964 4246 996 4300 G.
1016 4245 1048 4300 V.
1068 4247 1110 4299 52.
