2952 4832
296 499 351 552 236
548 499 622 554 XXI.
641 498 681 552 De
699 499 724 554 S.
745 497 876 565 Gregorio
895 497 950 551 VII
969 498 1044 553 Rom.
1066 499 1202 556 Pontifiee.

299 664 469 727 procerum
503 643 556 706 vel
589 641 811 707 multitudinis
842 641 1037 720 violentiae,
1073 651 1143 706 turn
1175 643 1400 729 Imperatorum

295 740 433 804 arbitrio
465 741 585 804 limites
618 739 812 824 figebantur.
862 737 1024 818 Quamvis
1057 740 1279 825 praecedente
1310 753 1401 805 aetate

295 840 454 903 continuo
485 837 566 902 illud
600 839 800 924 principium
834 846 1015 921 urgeretur,
1047 840 1109 901 rite
1133 839 1325 924 eligendum
1347 861 1402 902 esse

296 934 483 1000 Romanurn
500 937 703 1017 Pontificem,
729 937 775 999 ita
790 943 826 997 ut
843 933 920 998 cleri
941 943 1049 999 essent
1073 939 1272 1022 praecipuae
1288 945 1401 1023 partes:

296 1033 521 1118 praevaluisse
553 1043 664 1098 tamen
696 1032 843 1097 vidimus
875 1053 974 1117 saepe
1005 1032 1057 1096 vel
1080 1033 1324 1118 Imperatorum
1361 1033 1404 1096 vol

296 1153 469 1217 procerum
494 1131 668 1196 inflexum.
711 1130 841 1195 Turbes
864 1130 1027 1194 violentas
1050 1133 1149 1196 etiam
1175 1132 1342 1197 interdum
1362 1153 1404 1194 ae-

293 1230 415 1294 cidisse
430 1232 672 1315 conspeximus,
689 1251 728 1293 ac
744 1238 908 1314 postremo
921 1228 1136 1307 advertimus,
1153 1229 1196 1293 ab
1206 1229 1352 1294 Henrieo
1364 1229 1404 1292 ΠΙ

294 1325 358 1391 sibi
383 1327 590 1392 vindicatum
613 1327 714 1390 fuisse
733 1327 790 1412 jus
804 1325 872 1389 fere
888 1335 987 1412 atque
1001 1326 1175 1391 arbitrium
1192 1325 1403 1392 constituendi

294 1447 461 1489 summurn
483 1423 693 1504 Pontificem,
730 1425 776 1487 ita
807 1433 844 1487 ut
872 1425 943 1509 jam
968 1425 1170 1510 principium
1201 1428 1311 1512 ipsum
1331 1427 1405 1512 juris

293 1523 509 1587 ecclesiastici
535 1531 568 1586 et
604 1523 710 1586 divini
742 1523 887 1586 maxime
917 1520 1168 1606 periclitaretur,
1205 1533 1237 1586 st
1264 1523 1404 1588 subordi-

295 1623 385 1685 natio
408 1629 618 1706 praepostera
639 1619 809 1683 Ecclesiae
834 1618 895 1683 sub
919 1619 1062 1704 Imperio
1087 1621 1285 1685 immineret.
1320 1621 1405 1686 Nico·

293 1717 336 1782 lai
354 1718 484 1782 decreto
502 1720 668 1804 sapienter
683 1726 715 1782 et
738 1717 917 1781 ellicaciter
939 1718 1109 1802 provisum
1133 1717 1198 1781 fuit
1220 1717 1286 1782 illis
1309 1717 1404 1782 malis.

294 1817 427 1880 Etenim
442 1817 478 1880 1⁰
493 1815 607 1881 eodem
632 1817 808 1902 primariae
824 1824 932 1900 partes
956 1815 991 1878 in
1005 1813 1165 1879 electione
1179 1815 1406 1881 Cardinalibus

277 1913 484 1986 ,vindicatae
508 1923 594 1978 sunt.
609 1951 650 1960 -
667 1913 704 1976 2⁰
728 1913 841 1976 Partes
866 1919 992 1976 tantum
1017 1911 1233 1978 secundariae
1257 1914 1344 1978 clero
1367 1917 1406 1977 in·

292 2011 403 2074 feriori
428 2021 460 2074 et
482 2009 575 2075 laicis
599 2023 675 2075 sunt
698 2031 883 2075 concessae.
902 2049 942 2057 -
964 2011 1002 2074 3⁰
1017 2010 1128 2074 Etiam
1152 2032 1210 2097 pro
1235 2035 1317 2076 casu
1341 2035 1406 2076 con-

292 2109 402 2173 flictus
432 2111 600 2194 provisum
629 2109 705 2190 fuit,
737 2118 774 2172 ut
798 2107 1025 2173 Cardinalium
1049 2108 1164 2172 electio
1196 2109 1405 2194 praevaleret.

292 2243 336 2254 -
359 2209 397 2271 4⁰
421 2207 585 2292 Respectu
608 2208 820 2294 Imperatoris
852 2228 981 2292 quoque
1008 2205 1242 2270 Cardinalibus
1268 2208 1326 2292 jus
1349 2209 1404 2294 pri·

292 2306 434 2369 marium
450 2305 618 2370 electionis
634 2303 805 2369 Pontificis
828 2303 1025 2369 attributum
1048 2313 1106 2384 est,
1131 2304 1329 2389 Imperatori
1345 2316 1406 2368 tan·

290 2411 362 2466 tum
394 2425 572 2468 concursus
605 2403 741 2490 quidam
774 2400 1000 2468 secundarius.
1033 2439 1076 2449 -
1111 2401 1150 2465 5⁰
1173 2403 1336 2488 Apprime
1358 2425 1407 2466 cx-

291 2521 440 2586 pressum
471 2502 543 2581 fuit,
577 2523 773 2565 coneursum
797 2499 840 2563 ad
865 2499 1058 2564 electionem
1083 2499 1230 2563 Henrico
1255 2499 1305 2564 IV
1338 2521 1406 2564 eon·

289 2621 430 2682 cessum,
454 2621 524 2664 esse
548 2598 760 2684 privilegium
780 2595 958 2684 personale,
983 2595 1073 2662 haud
1097 2619 1175 2660 vero
1193 2599 1252 2683 jus
1276 2599 1405 2662 insitum

290 2699 443 2781 potestati
467 2697 571 2761 laicae
595 2719 634 2761 ac
658 2697 817 2760 saeculari
843 2697 1013 2782 principis.
1060 2695 1316 2761 Successoribus
1339 2697 1405 2781 ejus

288 2801 419 2858 tontum
444 2817 517 2879 spes
533 2795 710 2880 praebetur
734 2794 850 2858 similis
873 2794 1050 2880 privilegii,
1076 2795 1102 2858 si
1127 2791 1162 2857 id
1186 2817 1206 2857 a
1223 2793 1311 2858 Sede
1326 2795 1405 2878 Ape

288 2890 405 2955 stolica
428 2892 644 2978 personaliter
667 2893 879 2957 obtinuerint.
916 2929 957 2939 —
994 2889 1154 2978 Adeoque
1180 2892 1219 2956 6⁰
1243 2891 1403 2976 adsignifi-

288 2999 393 3071 catur‚
428 2989 491 3055 hae
516 2992 549 3054 in
573 3014 608 3053 re
632 3013 690 3076 per
714 3012 747 3053 se
771 2989 855 3055 nihil
887 2990 1000 3054 deberi
1032 2988 1131 3054 alicui
1162 2991 1318 3075 principi,
1351 2987 1403 3052 sed

288 3087 413 3172 proprii
431 3088 518 3173 juris
542 3111 612 3153 esse
636 3085 831 3154 Ecclesiam.
863 3127 905 3136 -—
936 3087 987 3151 Ite
1011 3109 1089 3152 vera
1114 3089 1282 3173 principie
1305 3087 1402 3151 firma-

288 3183 425 3267 bantur,
457 3195 555 3272 atque
587 3183 847 3272 independentia
879 3185 1049 3250 Ecclesiae
1080 3208 1099 3249 a
1131 3193 1296 3271 potestate
1326 3183 1402 3248 laica

287 3282 531 3350 restituebatur.
568 3321 604 3330 -
641 3283 707 3348 Sed
731 3285 830 3347 etiam
856 3285 892 3346 7⁰
916 3283 1062 3347 influxus
1086 3283 1283 3346 arbitrarius
1306 3282 1402 3368 Impe-

288 3381 405 3443 ratoris
429 3403 468 3444 ea
490 3381 605 3464 regula
628 3380 914 3467 praeveniebatur,
939 3379 1026 3466 quod
1044 3379 1200 3444 Pontifex
1224 3379 1403 3444 noramliter

287 3499 330 3542 ex
347 3478 433 3542 clero
451 3478 597 3543 Romano
611 3489 695 3543 esset
709 3477 889 3564 eligendus,
916 3488 947 3542 et
957 3479 1087 3542 nonnisi
1102 3501 1160 3564 per
1176 3482 1397 3564 exceptionem

285 3574 382 3659 alius,
407 3579 433 3640 si
459 3577 597 3641 idoneus
620 3599 686 3641 non
710 3577 925 3641 inveniretur.

377 3773 430 3838 22.
462 3771 570 3852 Quale
593 3771 692 3834 fuerit
716 3770 797 3834 illud
816 3772 873 3856 jus
897 3793 954 3834 scu
978 3769 1189 3857 privilegium
1214 3773 1305 3858 quod
1322 3772 1397 3834 llcn·

286 3873 355 3932 rico
380 3891 571 3934 conoessum
588 3870 794 3954 exprimitur,
820 3868 900 3932 dum
917 3868 1047 3951 dicitur,
1073 3867 1161 3932 seluo
1185 3869 1289 3956 (ejus)
1305 3867 1395 3932 oeteo

285 3968 400 4031 bonore
424 3979 453 4030 et
476 3969 650 4031 rever-uotis
674 3977 746 4047 etc,
771 3973 837 4030 non
861 3975 1015 4030 accurate
1039 3967 1181 4030 refertur
1205 3969 1241 4032 in
1266 3967 1391 4032 decreto.

286 4063 461 4148 Colligitur
496 4075 607 4132 tamar
635 4087 677 4128 cx
708 4065 810 4128 variis
837 4063 1041 4146 auctoribus,
1075 4085 1271 4130 concessum
1305 4065 1391 4129 ense

286 4163 440 4246 principi,
472 4171 509 4225 ut
532 4161 647 4226 electio
671 4165 701 4226 ei
726 4164 933 4226 nuntiaretur
955 4162 1091 4249 ejusque
1115 4185 1297 4228 censensus
1319 4171 1390 4248 pete

287 4267 385 4321 retur.
433 4259 553 4323 Utrum
581 4259 637 4344 jus
672 4259 872 4324 exclusionis
907 4261 936 4323 ei
965 4263 1172 4342 convenerit,
1206 4281 1272 4326 non
1301 4260 1392 4344 liquet
