3002 4836
425 507 519 562 Status
536 523 625 561 rernm
643 507 672 561 in
691 507 843 562 Occidente.
1177 505 1211 560 13

93 649 124 714 S.
152 649 310 715 Julianus
343 649 551 735 Romamque
581 653 684 731 misit,
717 650 774 714 ubi
806 671 878 713 earn
901 647 1035 733 Sergius
1058 645 1233 713 Pontifex¹

93 760 126 810 nt
147 746 369 810 orthodoxam
394 749 548 832 suscepit.

178 847 231 910 14.
254 845 337 908 Post
348 843 567 910 Benedictum
580 845 615 910 ΙΙ
627 845 782 910 Pontifex
798 845 967 910 ordinatus
981 845 1085 908 estdie
1101 845 1144 908 23
1156 845 1213 909 Ju—

91 941 320 1008 tirannicae
346 943 492 1008 loannes
522 941 690 1027 VSyrus,
721 942 754 1008 8.
779 941 964 1026 Agathon'is
987 941 1154 1027 quondam
1178 943 1212 1006 in

93 1039 241 1104 Concilio
273 1049 368 1104 sexto
392 1039 535 1123 legatus,
559 1042 617 1126 qui
649 1041 733 1104 sedit
755 1061 815 1126 per
836 1061 981 1120 annum3
1018 1038 1101 1104 obiit
1123 1041 1212 1104 enim

90 1159 203 1202 mense
225 1138 381 1222 Augusto
406 1139 484 1202 anni
509 1138 583 1202 686.
621 1175 663 1184 -
692 1137 732 1202 In
754 1139 834 1202 novi
858 1136 1027 1201 Pontificis
1053 1136 1212 1202 electione

89 1247 157 1300 orta
182 1245 233 1300 est
258 1237 446 1316 eontenti03
481 1235 586 1301 clerus
609 1238 699 1300 enim
722 1236 965 1318 suffragabatur
988 1236 1084 1300 Petro
1108 1236 1212 1300 erebi·

1 1339 2 1344 ’
88 1333 294 1420 presbytero,
319 1355 471 1420 proceres
494 1355 572 1400 vero
597 1343 630 1398 et
656 1335 823 1420 principes
851 1334 1015 1398 exercitus
1038 1332 1211 1398 Theodoro

88 1433 295 1518 presbytero.
344 1431 456 1511 Quum
490 1432 666 1497 concordia
699 1432 821 1496 frustm
856 1441 942 1496 esset
963 1440 1104 1513 tentata,
1129 1434 1211 1516 epis-

89 1531 160 1615 copi
189 1541 223 1594 et
248 1527 359 1592 clerici
385 1531 536 1594 unanimi
552 1531 708 1614 suffragio
732 1530 901 1614 elegerunt
916 1528 1071 1594 Cononem
1093 1550 1212 1612 genere

1 1639 2 1642 ’
87 1628 276 1706 Thracem,
301 1636 430 1708 aetate,
455 1626 603 1692 moribus
626 1636 659 1690 et
681 1627 864 1692 eruditione
892 1625 1129 1708 venerandum,
1153 1629 1210 1712 qui

88 1725 128 1790 ab
151 1723 314 1788 omnibns
337 1735 373 1788 ut
396 1722 562 1808 legitimus
584 1724 740 1790 Pontifex
764 1723 924 1788 salutatus
948 1733 1005 1788 est.
1052 1724 1116 1789 Sed
1141 1724 1211 1788 bre-

89 1827 137 1888 vis
160 1844 297 1908 qnoque
321 1821 385 1886 fuit
408 1823 618 1907 pontificatus
634 1820 797 1904 Cononis3
821 1823 992 1888 ordinatus
1015 1820 1069 1885 die
1093 1823 1133 1886 21
1149 1821 1211 1888 Oc-

1 1925 2 1932 ’
88 1920 191 1986 tobris
205 1922 287 1985 anni
303 1920 385 2002 686,
403 1920 543 1984 decessit
555 1920 610 1984 die
621 1921 660 1984 21
678 1919 881 2006 Septembris
895 1921 974 1984 anni
989 1919 1064 1984 687.
1078 1920 1211 1984 -Post

87 2020 156 2104 ejus
192 2017 323 2082 cbimm
359 2019 477 2082 iterum
510 2029 581 2084 orta
613 2027 663 2082 est
684 2017 725 2082 lis
748 2019 784 2081 in
819 2017 978 2082 electione
1001 2019 1208 2099 successoris,

1 2111 2 2154 l
86 2138 190 2201 quum
215 2114 273 2180 alii
288 2113 464 2180 Theodoro
488 2115 702 2201 presbytero,
726 2115 783 2179 alii
799 2113 951 2178 Paschali
975 2114 1208 2180 archidiacono

1 2215 2 2218 ’
85 2233 256 2278 summum
288 2213 509 2278 sacerdotium
542 2213 662 2278 deferri
696 2222 854 2298 peterent.
901 2212 1009 2297 Major
1030 2234 1110 2276 vero
1133 2235 1209 2298 pars

85 2310 179 2392 cleri,
192 2310 350 2396 judicum
367 2320 401 2374 et
422 2312 612 2396 principum
630 2311 810 2390 exercitus,
835 2311 1000 2374 consensit
1022 2310 1056 2374 in
1068 2308 1210 2394 Serpium

85 2409 335 2493 presbyterum,
358 2429 478 2492 genere
501 2407 767 2489 Antiochenam,
792 2407 851 2472 sed
864 2408 1021 2471 Panormi
1045 2408 1080 2471 in
1094 2406 1209 2472 Sicilia

85 2507 279 2571 educatam.
324 2506 358 2570 Is
393 2505 447 2570 die
483 2506 524 2571 15
547 2504 743 2570 Decembris
775 2507 854 2570 anni
890 2504 953 2568 687
982 2506 1207 2588 inauguratus,

1 2679 2 2686 χ
85 2604 275 2668 Ecclesiam
309 2605 514 2668 sanctissime
546 2602 746 2688 gubernavit
777 2623 882 2687 usque
916 2600 960 2666 ad
983 2622 1107 2666 annum
1133 2603 1207 2668 701.

86 2699 328 2766 Contentiones
364 2702 400 2764 in
436 2701 596 2766 electione
619 2699 817 2764 Pontificum
846 2698 1002 2764 videntur
1024 2709 1114 2764 ortae
1138 2722 1208 2764 esse

86 2821 126 2862 ex
151 2799 288 2864 influxu
310 2819 434 2880 eorum,
459 2800 516 2883 qui
527 2798 723 2863 Pontificem
746 2797 941 2882 Imperatori
965 2796 1113 2862 deditum
1137 2819 1207 2881 prc-

1 2967 2 2974 χ
86 2919 221 2962 movere
255 2895 451 2977 studebant3
489 2906 587 2982 atque
623 2918 661 2959 ea
684 2897 810 2960 ratione
839 2917 893 2958 eas
917 2895 1113 2980 compositas
1137 2917 1208 2960 esse

1 3025 2 3038 2
86 2993 235 3077 dixeris,
272 2993 363 3080 quod
384 2993 541 3060 Pontifex
574 2993 749 3078 eligeretur
771 2993 964 3079 Imperatori
998 2991 1132 3078 quidem
1156 3013 1207 3056 ac·

1 3103 2 3136 ³
87 3103 225 3179 ceptus,
259 3091 317 3156 sed
351 3093 442 3156 omni
478 3114 520 3156 ex
554 3101 646 3176 parte
681 3091 905 3176 dignissimus.
956 3087 1085 3174 Operae
1118 3091 1206 3156 enim

1 3195 2 3198 ’
86 3193 230 3275 pretium
255 3198 305 3255 est
326 3189 498 3254 advertere
521 3209 606 3275 qnae
629 3189 745 3254 scribit
767 3189 929 3252 Beronius
952 3186 995 3250 ad
1018 3209 1049 3252 a.
1074 3186 1149 3269 703,
1173 3209 1206 3254 n.

87 3289 119 3352 2.
163 3287 416 3371 „Incredibiles,
431 3288 552 3374 inquit,
573 3288 754 3372 perspicias
777 3286 879 3350 fuisse
892 3282 1094 3350 Graecorum
1109 3293 1205 3366 artes,

87 3385 208 3472 quibus
232 3386 299 3450 nisi
313 3394 391 3450 sunt
405 3384 569 3469 subjicere
583 3384 624 3471 (si
638 3383 799 3466 licuisset)
816 3383 999 3448 Romanam
1023 3381 1205 3448 ecclesiam.

90 3483 187 3563 Quod
210 3485 303 3548 enim
326 3482 567 3548 confirmationi
591 3482 732 3546 Romani
752 3479 923 3546 Pontifiois
946 3479 1011 3544 sibi
1034 3483 1207 3564 tyrannice

89 3591 266 3668 usurpatae
289 3579 424 3646 tandem
450 3581 696 3646 renuntiassent
724 3581 938 3664 imperatores
946 3575 969 3664 ¹)
976 3627 984 3659 ,
1009 3578 1207 3646 studuerunt

163 3813 184 3880 ¹)
200 3809 235 3865 Id
252 3809 355 3864 factum
381 3808 538 3878 perhibetur
562 3807 777 3863 aConstantino
796 3807 843 3873 IV,
871 3806 981 3861 sedente
1004 3807 1150 3862 Benedicta
1169 3807 1206 3861 11.

90 3891 217 3946 Adserdt
244 3897 337 3946 umen
355 3889 551 3958 Papebrochins
578 3890 607 3943 in
635 3889 741 3943 Oonstn
769 3886 1031 3942 chronico-historico
1058 3902 1082 3955 p.
1109 3888 1160 3942 tce
1179 3903 1205 3944 n.

91 3973 122 4024 3:
146 3972 260 4038 ,Verum
279 3971 360 4040 hujus
377 3969 515 4038 pnvssegii
533 3985 584 4024 usn
603 3968 737 4023 frustras
755 3969 864 4022 videtur
881 3966 965 4022 misso
975 3968 1098 4022 Romana
1116 3968 1206 4022 Eccle-

92 4051 149 4116 sis,
170 4051 297 4123 quamdin
325 4050 374 4104 sub
399 4049 509 4104 Graecis
526 4049 738 4116 Imperatoribns
761 4048 830 4104 fuit:
856 4063 919 4102 nam
936 4063 1021 4118 nsque
1039 4048 1073 4100 ad
1092 4061 1205 4115 regnum

94 4131 325 4200 longobardorum
343 4131 371 4184 in
390 4129 486 4195 Italis,
505 4134 534 4184 et
560 4129 717 4184 Zachariam
741 4128 844 4196 Papam
868 4134 965 4199 quarto
982 4132 1044 4195 post
1061 4127 1207 4182 decessoris

93 4211 193 4265 obitum
210 4211 255 4266 die
272 4209 439 4276 ordinatum,
459 4223 535 4264 nemo
554 4209 622 4274 fuit,
651 4209 726 4277 eujus
745 4209 940 4262 ordinationem
959 4223 1011 4262 non
1029 4207 1207 4275 praecesserit

94 4307 142 4344 sex
169 4291 392 4346 hebdomsdsrum
423 4296 456 4345 nt
488 4291 625 4345 minimum
653 4289 905 4358 interpontificium,
933 4288 1088 4358 plerumque
1115 4291 1205 4342 autem

1246 860 1360 904 Pontltless

1233 933 1258 962 ex
1279 922 1373 964 Oriente.
