3002 4836
284 467 319 519 3⁰
633 465 673 520 De
691 465 795 522 haeresi
814 465 1050 524 iconoclastarum.

121 630 260 680 lrrsrniirur.
282 609 393 690 Quum
424 608 522 694 hujus
546 607 609 672 loci
644 611 777 674 nonsit
803 619 945 676 tractare
967 610 1009 674 de
1038 613 1234 676 auctoritate
1257 614 1399 678 Romani

280 707 469 788 Pontificio,
493 705 576 770 haee
599 706 704 772 fusius
726 708 870 772 refutare
889 729 956 774 ncn
980 719 1088 774 vacat.
1112 708 1265 774 Sufficiat
1285 719 1399 776 tamen

281 805 555 886 animadvertere,
562 805 635 891 jam
658 827 678 868 s
691 805 726 871 S.
740 805 900 890 Gregorio
919 806 965 872 M.
978 808 1013 870 in
1026 807 1129 872 variis
1152 806 1401 893 diplomatibus,

282 925 367 991 quae
383 901 600 968 xenodochiis
614 912 648 967 et
660 902 808 975 ecclesiis
817 903 946 969 Galliae
957 907 1129 984 concessit,
1139 925 1263 991 poenas
1277 917 1404 991 tempo·

282 1002 365 1067 rales
388 1003 487 1066 statui
511 1002 545 1065 in
570 1023 641 1083 eos,
664 1003 721 1088 qui
741 1003 820 1088 jura
833 1024 947 1070 eorum
966 1002 1165 1068 violaverint
1187 1013 1221 1066 et
1242 1003 1331 1068 bona
1353 1003 1403 1067 ‹li-

281 1102 453 1186 ripucrirrt
505 1097 543 1164 Si
573 1101 643 1185 quie
673 1123 745 1164 nero
777 1123 899 1186 rapum,
931 1103 991 1180 ait,
1022 1102 1227 1179 sacerdotnm,
1244 1102 1404 1190 judicum,

277 1221 546 1287 personarumque
569 1197 779 1262 ammianum
800 1199 880 1264 irene
910 1201 1140 1264 constitutionis
1162 1209 1290 1264 nostroe
1306 1201 1406 1285 pnpi-

283 1319 357 1364 nnm
380 1319 550 1384 agnoscens
573 1307 683 1360 contra
706 1319 777 1360 eam
802 1299 908 1360 nonme
937 1299 1122 1375 tentaverit,
1142 1297 1326 1382 potestatis,
1349 1298 1406 1359 leo-

283 1398 430 1481 nnrisque
453 1395 504 1458 mr·
527 1394 680 1480 dipns'late
703 1406 824 1474 carcat,
839 1419 984 1480 reumque
1008 1419 1040 1458 ee
1063 1395 1171 1458 diuino
1187 1395 1312 1484 jndicio
1337 1397 1406 1458 ear·-

284 1505 364 1560 etcrn
387 1493 425 1556 dc
445 1502 602 1578 perpetuo
615 1492 783 1578 iniquitate
802 1491 1009 1578 cognoscar).
1034 1531 1077 1540 —
1100 1492 1282 1578 Scriptores
1305 1513 1407 1577 porro

284 1591 395 1675 groeci
428 1591 484 1675 qui
518 1589 641 1652 factum
674 1588 825 1674 Gregorii
859 1591 893 1654 Il
925 1591 1085 1669 referunt,
1123 1590 1278 1655 laudibus
1301 1592 1405 1654 etiam

286 1689 375 1753 lrunc
405 1686 600 1753 Pontificem
632 1687 790 1766 efferunt,
824 1687 973 1773 adeoque
1003 1687 1196 1770 ostendunt,
1229 1709 1268 1752 cn
1295 1697 1407 1752 aetate

285 1784 385 1852 talem
408 1785 613 1849 auctoritatis
629 1806 725 1849 usum
741 1785 891 1850 habitum
905 1786 1008 1850 inisse
1023 1796 1059 1848 ut
1082 1785 1275 1871 legitimum,
1300 1784 1408 1849 nulla·

285 1897 381 1949 tenus
404 1903 482 1946 vero
507 1891 544 1944 ut
567 1881 735 1946 doctrinae
758 1883 927 1948 Ecclesiae
951 1885 1162 1956 contrarium.

376 1981 428 2046 33.
453 1979 627 2046 Infirmnm
660 2001 790 2068 quoquc
822 1991 872 2046 est
900 1991 1133 2066 argumentum
1155 1979 1337 2044 deductum
1362 2003 1408 2045 ex

287 2078 433 2165 epistolis
456 2077 622 2162 Gregorii,
647 2087 809 2165 quatenus
838 2101 951 2144 eorum
985 2089 1159 2144 contextus
1181 2099 1247 2143 non
1271 2077 1411 2142 videtur·

287 2197 471 2262 supponere
485 2175 704 2242 defectionem
719 2175 836 2241 ltaliae
859 2177 902 2242 ab
916 2177 1060 2264 Imperio
1084 2177 1246 2242 orientali.
1269 2177 1408 2241 Etenim

288 2275 526 2339 utomittamus
549 2276 784 2359 quaestionem,
806 2298 850 2340 an
865 2277 1032 2340 contextui
1057 2286 1220 2361 repugnet
1241 2277 1409 2360 separatio

287 2372 331 2436 ad
354 2381 483 2456 tempus
507 2381 654 2457 pernota,
678 2372 837 2458 epistolae
854 2373 930 2438 illac
953 2395 1034 2454 non,
1060 2376 1106 2437 uti
1121 2375 1202 2459 Pagi
1226 2375 1409 2450 existimat,

288 2493 375 2536 anno
410 2471 474 2534 730
505 2470 699 2536 breviante
730 2481 867 2536 mortem
890 2472 1042 2558 Gregorii
1072 2473 1213 2558 scriptae
1237 2479 1322 2552 sunt,
1349 2471 1408 2536 sed

282 2571 354 2656 jam
387 2589 474 2633 anno
505 2569 568 2634 627
605 2579 637 2632 et
669 2569 744 2634 628.
789 2570 947 2636 Jamvero
981 2592 1082 2656 quum
1116 2570 1184 2634 Leo
1213 2568 1348 2633 isaurus
1374 2571 1409 2632 in

289 2689 389 2732 saeva
419 2687 478 2730 sua
510 2667 679 2752 impietate
711 2670 913 2753 persisteret,
948 2671 1107 2754 potuisset
1129 2666 1411 2753 subseqnentibus

288 2767 385 2830 annis
417 2765 463 2830 ita
486 2764 639 2830 Pontifex
672 2767 706 2828 in
739 2787 814 2830 eum
837 2766 1117 2848 animadvertere,
1142 2777 1178 2830 ut
1200 2763 1411 2850 reipublicae

289 2873 387 2949 atque
415 2862 586 2928 Ecclesiae
614 2862 831 2928 incolumitati
863 2864 1061 2949 provideret.
1113 2901 1133 2912 „
1180 2863 1296 2948 Neque
1318 2863 1411 2946 prin·

289 2963 378 3046 cipia
408 2963 441 3026 in
475 2961 545 3025 istis
569 2961 715 3046 epistolis
738 2963 889 3047 exposita
918 2973 1069 3047 pugnant
1092 2985 1150 3049 per
1174 2985 1224 3043 se,
1249 2980 1324 3025 curn
1349 2959 1410 3024 tali

290 3081 351 3124 usu
383 3061 553 3145 potcstatis
582 3059 781 3146 pontificiae.
828 3059 1004 3126 Habentur
1030 3061 1166 3146 quidem
1202 3062 1235 3124 in
1269 3057 1411 3144 epistola

289 3159 397 3243 prima
420 3157 494 3222 illa:
520 3156 602 3235 Scir,
627 3157 816 3244 Impmator,
832 3169 960 3222 cunctae
975 3161 1138 3222 Rornnnne
1152 3157 1311 3222 Ecclesioc
1334 3156 1412 3240 doq-

289 3266 376 3320 muta
399 3279 462 3319 non
487 3257 714 3342 imperatorum
746 3279 830 3332 esse,
864 3257 919 3320 sed
942 3256 1139 3339 Pontificum,
1164 3279 1242 3342 quoe
1266 3265 1333 3319 tuto
1357 3255 1412 3318 de-

291 3354 362 3417 bent
385 3354 602 3438 dogmatizari.
650 3354 770 3418 Idcirco
794 3353 932 3418 ecelesiis
948 3353 1130 3439 praepositi
1151 3364 1224 3418 sunt
1245 3353 1413 3434 Pontifices

290 3475 312 3515 a
333 3450 525 3537 reipublicae
548 3455 681 3537 repotiis
704 3453 916 3532 abstinentes,·
944 3463 973 3515 et
997 3452 1205 3536 Imperatores
1229 3473 1298 3537 erpo
1323 3453 1407 3514 sirni-

291 3547 426 3613 literali
451 3549 667 3615 ecelesiasticis
692 3551 885 3629 obstineant,
911 3561 1043 3636 siquae
1067 3549 1128 3616 sibi
1149 3550 1312 3614 commissa
1336 3562 1413 3614 sunt

292 3722 503 3730 ——a-d*

368 3853 386 3904 'l
405 3851 517 3920 Gregor.
538 3851 574 3904 ll.
593 3850 681 3918 Epist.
692 3851 722 3906 L.
743 3851 820 3906 XllI.
840 3867 880 3918 ep.
900 3854 930 3916 8,
950 3854 974 3904 tt.
996 3853 1037 3904 to.
1059 3883 1089 3888 —
1111 3850 1220 3917 Negant
1239 3849 1346 3915 quidun
1365 3851 1413 3903 ad·

291 3931 447 3988 versoriiR.
467 3931 606 3986 Pontificio
626 3932 765 4000 (ianuas.
786 3933 812 3984 tr
831 3931 1030 4000 genuinitatam
1048 3930 1143 3982 hanun
1161 3929 1345 3996 epistolarum,
1364 3931 1414 3984 sed

291 4012 384 4066 eadem
402 4011 589 4080 peremptoriis
619 4011 788 4079 argumentis
816 4017 931 4066 consmt.
969 4011 1045 4066 Unde
1064 4008 1197 4062 Gallicani
1225 4025 1256 4063 eo
1283 4009 1414 4079 coninge-

292 4098 364 4152 rnnt.
392 4098 425 4145 nt
449 4092 492 4146 vcl
517 4099 646 4158 tanquam
665 4107 765 4146 meram
784 4092 1002 4160 imprecationem
1020 4105 1052 4144 ea
1076 4090 1158 4144 rerba
1175 4096 1348 4158 exponerent,
1367 4092 1413 4145 vel

291 4187 398 4226 sensim
417 4171 562 4226 arbitraris
580 4172 787 4240 restringerent.
825 4173 857 4228 V.
872 4171 1083 4240 Hergenrother,
1096 4169 1196 4224 Kirnlre
1212 4169 1268 4224 nni
1286 4168 1367 4224 Staat
1386 4171 1412 4226 S.

297 4255 361 4320 1263
381 4253 495 4316 Molitor,
515 4252 566 4308 Die
585 4253 726 4308 Decretale
744 4255 798 4307 Per
823 4252 1003 4307 Venerabilcrrr
1021 4255 1049 4318 (c
1078 4249 1167 4320 1876.)
1184 4249 1210 4305 S.
1230 4251 1290 4304 219.
