3002 4836
376 509 531 564 Persecutio
550 510 722 566 coamantini
734 509 908 579 'Copronymi
1164 509 1201 564 43

91 655 306 716 monumentis
337 652 493 738 probata,
526 653 680 738 colligere
712 664 777 735 est,
811 654 1001 718 damnatam
1034 653 1134 716 fuisse
1167 655 1202 716 in

91 747 136 812 illo
157 749 302 814 concilio
327 750 627 816 lconomachorum
651 751 823 825 haeresim,
848 749 1002 815 attidem
1026 752 1202 836 processio·

89 849 132 910 nis
152 845 300 933 Spiritus
324 848 439 914 Sancti
463 871 483 912 a
505 849 603 912 Patre
632 849 784 934 Filioque
808 849 1046 913 confirmatam.

166 991 222 1054 47.
248 989 378 1052 Eodem
402 1011 506 1078 paene
531 1001 676 1077 tempore
700 1003 764 1055 tres
786 989 994 1080 patriarchae
1018 990 1200 1072 orientales,
1222 1007 1357 1080 1111100110

88 1084 217 1150 Cosmus
256 1085 522 1172 Alexandrinus,
559 1087 752 1153 Theodorus
791 1088 1020 1154 Antiochenus
1052 1098 1085 1150 01
1121 1086 1203 1151 alter·
1230 1069 1353 1112 ⁰⁰²¹¹¹⁸¹⁸⁸⁶

86 1183 276 1249 Theodorus
300 1184 637 1272 Hierosolymitanus,
662 1209 839 1272 eorumque
864 1185 1089 1270 metropolitae
1112 1207 1202 1270 prae-

86 1281 204 1346 claram
230 1281 310 1346 fidei
335 1305 413 1347 suae
436 1283 672 1370 professionem
696 1283 737 1349 de
753 1283 948 1350 Sanctorum
973 1306 1011 1346 ac
1036 1305 1201 1346 sacrarum

87 1381 265 1465 imaginum
283 1390 316 1443 et
338 1379 552 1467 reliquiarum
569 1381 659 1446 cultu
676 1385 836 1446 miserunt
859 1381 901 1445 ad
917 1381 1102 1446 Romanurn
1120 1379 1202 1446 Pon-

87 1477 216 1560 tificem,
244 1479 293 1541 nti
318 1489 447 1542 constat
471 1501 512 1542 ex
537 1480 674 1565 epistola
704 1479 863 1564 synodica
887 1503 906 1542 a
929 1478 1101 1542 Theodoro
1126 1479 1202 1543 Hie·

87 1575 319 1660 rosolymitano
335 1578 467 1662 scripta,
492 1587 525 1641 et
547 1600 567 1640 a
583 1575 701 1642 Cosma
716 1576 953 1658 Alexandriae,
978 1601 1017 1640 ac
1029 1575 1201 1641 Theodoro

87 1673 294 1738 Antiocheno
312 1673 489 1760 multisque
512 1673 726 1760 metropolitis
751 1675 952 1760 consignata.
968 1713 1011 1722 -
1028 1673 1126 1738 Anno
1140 1675 1202 1738 769

85 1769 273 1855 Stephanus
298 1771 349 1834 111
372 1771 539 1837 Romanus
560 1773 715 1837 Pontifex
740 1772 914 1836 concilium
940 1772 1057 1836 habuit
1079 1771 1203 1836 Romae

87 1869 117 1932 in
148 1867 298 1932 Basilica
330 1868 557 1935 Lateranensi.
606 1872 642 1934 ln
674 1893 711 1934 eo
742 1873 885 1956 primum
918 1870 1065 1933 discussa
1096 1881 1128 1932 et
1156 1892 1203 1933 re·

87 1967 184 2030 scissa
213 1978 293 2030 sunt
311 1977 386 2031 acta
407 1965 614 2032 Constantini
639 1967 889 2054 pseudopapae,
915 1970 970 2054 qui
995 1991 1014 2030 a
1029 1967 1202 2031 Desiderio

87 2063 382 2150 Longobardorum
405 2088 483 2150 rege
506 2068 651 2131 intrusus
676 2067 800 2146 fuerat3
833 2065 910 2130 dein
934 2087 1101 2130 sacrarum
1125 2067 1203 2128 ima·

86 2163 198 2244 ginum
224 2163 330 2226 honos
353 2161 518 2229 stabilitus
541 2175 608 2244 est,
633 2163 854 2249 damnataque
878 2160 1012 2226 CPtana
1035 2161 1203 2228 Iconoma-

88 2260 223 2324 chorum
248 2260 533 2347 pseudosynodus.
549 2301 591 2310 -—
613 2263 713 2327 Hisce
733 2283 811 2325 vero
835 2261 932 2325 annis
946 2260 1204 2345 independentia

89 2359 254 2422 variarum
279 2361 450 2444 regionum
466 2359 581 2424 Italiae
605 2382 783 2445 earumque
807 2360 969 2446 separatio
993 2356 1036 2422 ab
1060 2359 1203 2443 Imperio

88 2455 233 2520 Orientis
257 2459 362 2542 magis
386 2461 556 2545 magisque
578 2457 739 2544 completa
764 2466 821 2522 est.
845 2455 919 2520 Hac
944 2455 985 2520 de
1008 2479 1043 2519 re
1067 2457 1204 2520 inferius

89 2575 234 2636 agemus.
281 2554 321 2619 In
354 2553 489 2620 Oriente
520 2567 630 2620 autem
655 2553 777 2619 bellum
811 2563 924 2618 contra
948 2555 1108 2638 imagines
1131 2554 1203 2618 ulti-

90 2653 148 2714 mis
171 2649 382 2717 Constantini
408 2652 609 2738 Copronymi
641 2655 738 2717 aunis
771 2652 925 2716 efferbuit
951 2653 985 2715 in
1008 2653 1204 2736 perseeutio-

92 2770 161 2812 nem
194 2749 384 2832 generalem
414 2761 527 2816 contra
559 2750 747 2830 monachos,
781 2751 838 2835 qui
871 2750 1048 2835 praecipue
1078 2748 1203 2813 cultum

93 2867 254 2910 sacrarum
280 2848 462 2932 imaginum
486 2848 673 2914 tuebantur.
719 2847 843 2912 Eorum
863 2848 1049 2911 institutum
1072 2847 1204 2932 penitus

94 2943 256 3010 eradicare
289 2945 416 3010 studuit
438 2947 634 3032 Imperator,
669 2947 866 3013 monasteria
897 2945 1029 3030 aliaque
1052 2943 1140 3010 bona
1163 2945 1204 3008 iis

95 3042 218 3128 eripuit,
243 3053 277 3107 01
300 3045 334 3108 in
363 3066 441 3108 usus
472 3045 554 3109 alios
584 3066 623 3108 ac
646 3043 823 3130 praecipue
850 3041 1007 3106 militares
1031 3043 1202 3106 convertit.

95 3137 238 3220 Dixeris,
273 3139 396 3207 luctam
421 3151 534 3207 contra
558 3165 667 3206 sacras
691 3142 852 3226 imagines
875 3141 1080 3204 occasionem
1103 3139 1204 3204 fuisse

94 3235 223 3301 factioni
247 3237 477 3304 schismaticae
494 3251 526 3304 01
549 3241 683 3326 iniquae
698 3239 823 3326 aliquot
837 3236 1030 3302 Praesulum
1054 3237 1205 3302 aliorum-

94 3357 150 3418 que
174 3333 347 3400 hominum
371 3339 599 3424 profanorum,
631 3347 667 3401 ut
691 3337 847 3402 unionem
871 3358 946 3400 cum
970 3335 1121 3400 Ecclesia
1144 3335 1205 3400 Ro-

95 3453 183 3496 mana
196 3434 332 3519 penitus
355 3446 555 3524 rumperent,
581 3436 731 3500 ordinem
748 3435 967 3499 monasticum
991 3433 1205 3515 destruerent,

93 3541 120 3591 01
142 3553 227 3618 quae
251 3531 295 3597 ad
318 3533 450 3620 pietatis
474 3535 637 3598 fervorem
662 3541 812 3620 spectant
834 3531 1093 3620 pessumdarent.

173 3685 229 3748 48.
254 3683 354 3748 Anno
381 3687 443 3749 775
467 3685 704 3750 Constantinus
729 3685 759 3747 V
792 3683 916 3748 infelici
940 3692 1043 3746 morte
1067 3682 1207 3744 exstinc-

92 3789 139 3842 tus
160 3791 224 3864 est,
239 3782 338 3868 eiquo
352 3785 510 3847 successit
524 3785 587 3847 Leo
611 3784 665 3846 IV
683 3783 754 3869 ejus
778 3781 874 3847 filius.
898 3779 931 3844 Is
953 3779 1088 3866 quidem
1113 3780 1205 3842 initio
1217 3791 1300 3833 beaw·
1313 3792 1365 3842 tun·

91 3876 248 3944 abstinuit
286 3904 307 3944 a
336 3883 563 3966 persecutione
600 3879 765 3962 fidelium,
796 3891 896 3964 atque
927 3879 1026 3942 etiam
1058 3875 1206 3940 favorem

91 3977 231 4042 ostendit
244 3978 434 4060 monachis3
459 3989 605 4044 attamen
630 3976 732 4042 cultui
756 3978 940 4062 imaginum
953 3975 1122 4059 oppositus
1137 3983 1207 4038 erat

91 4095 228 4161 eumque
261 4077 389 4141 restitui
423 4078 548 4142 noluit..
583 4076 681 4140 Anno
712 4096 790 4139 vero
826 4076 904 4154 779,
930 4093 1005 4137 cum
1036 4074 1071 4136 in
1094 4071 1206 4136 110100

92 4171 311 4258 Imperatricis
334 4174 500 4259 pulvinari
534 4175 695 4258 imagines
718 4175 874 4237 inventae
905 4180 1012 4234 essent
1034 4169 1205 4235 abscondi-

92 4281 151 4341 tae,
173 4273 328 4336 atrociter
351 4271 414 4335 hac
437 4271 478 4336 de
501 4293 537 4336 rc
560 4293 683 4358 poenas
706 4271 826 4354 exegit.
872 4269 1091 4356 Inquisitione
1116 4270 1204 4331 enim
