2922 4832
489 497 530 552 De
548 497 683 552 Simonias
702 496 770 550 labe.
1151 501 1200 552 187

81 649 222 714 ferendis
246 650 326 736 quid
350 649 524 732 tribuatur,
555 673 596 713 ne
621 651 655 713 in
680 671 777 713 aare
801 650 836 713 in
860 671 927 734 qua
950 647 1095 732 dignitas
1119 651 1199 715 elec·

82 764 184 813 torum
218 749 315 813 unice
347 748 529 834 spectanda
563 757 649 830 erat,
687 769 792 832 prava
827 746 920 811 luera
954 757 1199 833 appeterentur.

80 847 176 910 Porro
201 867 304 932 quum
329 867 368 909 aa
398 855 505 910 aetate
533 845 644 910 adhuc
676 847 926 931 antiquissimus
950 844 1003 909 illo
1028 869 1106 909 usus
1129 869 1198 932 per-

79 947 221 1026 sisteret,
254 954 291 1008 ut
321 966 383 1008 neo
414 943 616 1008 beneficium
647 945 718 1008 sine
751 943 885 1025 ordine,
920 967 983 1007 nec
1016 945 1095 1010 ordo
1127 948 1199 1010 sine

78 1042 237 1107 beneficio
267 1042 489 1124 conferretur,
523 1041 626 1106 veluti
659 1064 702 1105 ex
734 1040 844 1106 indole
877 1064 937 1105 sua
970 1042 1026 1107 illa
1056 1047 1200 1128 pecunia

76 1143 236 1205 rationem
261 1141 407 1206 habebat
437 1142 534 1226 pretii
568 1141 636 1205 dati
661 1162 720 1227 pro
755 1139 870 1204 ordine
903 1151 935 1204 et
957 1140 1120 1205 beneficio
1145 1165 1198 1206 ac·

76 1241 206 1326 quisito.
257 1240 327 1304 Nec
362 1238 446 1304 alius
479 1238 594 1303 titulus
628 1240 865 1303 convenienter
899 1238 1033 1323 allegari
1069 1249 1199 1324 poterat

75 1360 131 1423 pro
164 1340 307 1423 pecunia
338 1338 552 1423 accipienda,
588 1359 690 1423 quum
722 1338 952 1402 sustentationi
986 1339 1132 1424 episcopi
1165 1349 1198 1402 et

75 1435 152 1498 cleri
177 1437 347 1521 provisum
372 1447 456 1500 esset
487 1435 551 1500 illis
574 1433 671 1499 bonis
701 1445 733 1499 et
765 1432 937 1498 boneficiis
968 1457 1054 1522 quae
1078 1437 1121 1500 ab
1146 1459 1196 1499 ec·

74 1533 182 1597 clesiis
206 1533 472 1618 possidebantur.
521 1533 699 1619 Quumque
724 1535 759 1596 in
782 1532 858 1597 aliis
881 1533 981 1597 rebus
1006 1535 1108 1598 sacris
1124 1535 1197 1619 pias

73 1631 257 1696 oblationes
282 1632 446 1714 fidelium,
479 1632 819 1718 consuetudinemque
849 1631 977 1718 aliquid
999 1630 1103 1695 libere
1127 1653 1196 1696 ero-

71 1730 174 1814 gandi
208 1731 241 1794 in
272 1728 395 1794 bonum
428 1729 633 1812 elericorum,
663 1729 813 1794 Ecclesia
843 1729 973 1794 facilius
997 1731 1195 1812 admitteret,

72 1851 204 1914 semper
226 1828 325 1893 valde
349 1851 499 1894 severam
524 1851 559 1892 se
582 1829 736 1915 praebuit
759 1827 868 1914 quoad
885 1829 1019 1892 ordines
1043 1837 1076 1890 et
1099 1828 1195 1893 bene·

71 1927 148 1990 licia
173 1926 383 2008 conferenda,
408 1937 441 1990 et
464 1949 507 1990 ex
521 1927 750 2013 antiquissimo
771 1936 918 2012 tempore
934 1937 1029 1990 taxas
1053 1936 1086 1990 et
1100 1949 1195 1991 exac-

69 2027 177 2088 tiones
202 2024 322 2089 bacin
347 2047 382 2089 re
406 2034 442 2089 ut
466 2026 648 2089 simoniaca
670 2023 763 2088 lucra
788 2027 989 2109 proscripsit.
1036 2024 1194 2110 Intelligi·

68 2133 122 2186 tur
147 2133 276 2202 tamen,
308 2123 473 2208 quomodo
507 2125 542 2188 in
567 2122 686 2187 multas
719 2120 875 2186 ecclesias
902 2122 984 2186 tales
1008 2123 1131 2187 abusus
1154 2126 1193 2187 ir·

67 2243 185 2305 repere
208 2223 395 2307 potuerint,
429 2224 510 2307 quin
542 2243 655 2286 eorum
681 2222 879 2306 perversitas
913 2219 999 2284 clare
1023 2221 1067 2284 ab
1091 2223 1194 2286 omni·

66 2317 130 2381 bus
156 2320 391 2404 perciperetur.
431 2318 497 2384 Sed
522 2318 741 2383 mulierositas
765 2317 960 2382 clericorum
992 2341 1050 2382 seu
1082 2321 1194 2383 incon.

65 2418 220 2498 tinentia,
254 2429 354 2503 atque
378 2418 441 2481 iste
465 2417 629 2498 ordinum,
663 2415 911 2496 beneficiorum,
942 2419 1193 2503 episcopatuum

65 2513 233 2578 venalitas
258 2516 291 2579 in
316 2515 500 2579 Ecclesiam
525 2517 631 2599 magis
655 2517 827 2601 magisque
850 2515 1054 2579 inducebant
1070 2525 1193 2582 statum

65 2611 248 2698 quemdam
286 2625 317 2676 et
350 2613 496 2678 indolem
527 2613 720 2700 profanam,
759 2613 978 2697 saecularem,
1015 2615 1192 2697 carnalem,

62 2733 133 2796 qua
158 2713 229 2776 vita
253 2711 512 2796 supernaturalis
545 2721 577 2775 et
611 2710 792 2797 spiritualis
824 2710 1118 2797 pessumdabatur3
1144 2712 1191 2777 id·

62 2831 131 2895 que
155 2811 393 2895 perspicientes
417 2813 522 2875 sancti
556 2812 619 2875 viri
653 2819 744 2874 tanto
779 2831 854 2874 oum
879 2813 994 2894 vigore
1025 2809 1112 2874 mala
1136 2811 1193 2874 ills

61 2909 390 2994 impugnaverunt.¹)

157 3025 211 3092 36.
258 3023 351 3106 Quae
376 3025 523 3089 diximus
547 3048 627 3111 prae
651 3024 754 3090 oculis
783 3023 937 3088 habenda
961 3033 1051 3107 sunt,
1085 3035 1120 3088 ut
1145 3026 1190 3088 in·
1211 3061 1353 3108 (mmm

59 3121 244 3206 telligatur,
270 3123 434 3209 quomodo
460 3145 510 3202 ea,
546 3145 630 3208 quae
667 3125 701 3188 in
727 3123 911 3189 Occidente
935 3125 1051 3186 merito
1085 3134 1123 3187 ut
1150 3125 1192 3212 si·
1238 3143 1315 3178 meru.

60 3222 200 3284 monise
232 3219 355 3285 abusus
386 3223 520 3306 pessimi
544 3245 564 3286 a
588 3223 669 3286 viris
701 3223 824 3286 sanctis
848 3221 1135 3306 redarguebantur
1159 3233 1192 3287 et

57 3343 79 3382 a
105 3319 329 3384 Pontificibus
353 3319 624 3405 prohibebantur,
650 3320 729 3384 alibi
754 3318 870 3384 aliisve
895 3320 930 3382 in
954 3318 1121 3404 adjunctis
1136 3343 1190 3385 ex·

58 3419 176 3480 cnsari
201 3419 380 3504 potuerint.
429 3418 523 3503 ,Non
557 3429 681 3505 potest,
713 3417 830 3482 scribit
862 3417 1012 3502 apprime
1043 3417 1087 3482 ad
1119 3441 1188 3484 rem

56 3515 321 3599 Thomassinus,
352 3539 418 3582 non
448 3516 627 3602 plurimum
652 3516 695 3582 ab
720 3515 902 3582 Occidente
927 3513 1046 3580 Oriens
1070 3517 1189 3582 discre-

54 3637 163 3702 pare,
198 3613 286 3700 quod
310 3614 352 3679 ad
385 3637 437 3678 res
461 3615 701 3680 ecclesiasticas
734 3625 767 3678 et
789 3614 979 3678 exactiones
1002 3615 1188 3681 antistitum

140 3826 161 3896 ¹)
180 3827 206 3883 S.
224 3827 323 3882 Petrus
342 3826 468 3881 Damiani
494 3828 595 3894 aliique
620 3827 694 3882 illius
719 3827 821 3882 aetatis
839 3825 984 3894 scriptores
1002 3827 1041 3895 pii
1060 3843 1189 3898 persaepe
1284 3839 1290 3854 ·

54 3921 161 3962 nomen
186 3907 304 3960 lacereris
322 3907 518 3963 Nicolaitarum
542 3917 571 3964 at
589 3908 799 3962 Simonieconun
819 3907 961 3971 adhibent,
989 3915 1022 3961 ut
1040 3924 1084 3963 eos
1103 3911 1187 3979 sugil-

53 3988 162 4052 larent,
182 3986 227 4053 qui
247 4003 300 4041 non
319 3993 428 4042 tantum
446 3988 545 4044 abusus
563 3989 625 4043 illos
644 3989 855 4053 committebant,
881 3987 1029 4043 sedetiam
1048 3994 1080 4043 nt
1097 3991 1188 4048 licitos

54 4067 283 4138 propugnabant.
322 4069 524 4124 Advertendum
544 4077 635 4125 tamen
654 4077 704 4135 est,
723 4086 776 4124 non
796 4069 898 4123 directe
917 4073 945 4122 et
964 4068 1115 4127 formaliter
1126 4089 1187 4142 pro·

53 4153 217 4218 pugnatum
235 4147 319 4204 fnisse
339 4149 420 4205 licere
438 4149 588 4206 simoniam.
607 4180 642 4191 -
661 4153 721 4218 Qna
739 4151 847 4205 ratione
865 4165 924 4204 sese
941 4149 1120 4220 defenderint,
1139 4161 1186 4226 qui

52 4229 193 4298 conjugia
211 4228 367 4284 doricorum
385 4230 561 4286 vindicabant
579 4237 612 4286 nt
630 4231 714 4296 licita,
730 4232 787 4302 jam
804 4235 927 4302 superius
946 4233 1070 4290 vidimus.
