2904 4834
316 501 371 556 416
632 500 718 556 XVIL
756 501 796 557 De
814 501 958 556 mhnmsts
975 499 1119 556 Photieno.

411 644 483 708 106.
508 643 650 708 Multum
680 653 850 729 practerea
877 643 967 729 apud
997 643 1233 728 Imperatorem
1265 645 1298 706 in
1326 643 1418 706 Photii

318 742 466 805 favorem
497 743 565 825 egit
595 741 788 806 Theodorus
819 741 1066 807 Santabarenus
1097 739 1293 820 monachus,
1326 739 1419 802 Photii

318 839 444 904 assecla
467 861 509 903 ex
532 839 630 924 longo
653 849 811 924 tempore,
837 849 870 903 et
892 839 1061 926 quondam
1084 838 1127 902 ab
1151 837 1312 902 coabbas
1327 857 1421 900 mona·

319 939 409 1002 sterii
434 935 544 1001 Studii
568 939 779 1018 constitutus,
813 937 911 1001 homo
941 936 1039 1002 valde
1061 945 1191 1000 astutus
1218 937 1275 1021 qui
1299 945 1330 998 ct
1349 944 1422 998 artes

319 1036 466 1118 magicas
490 1056 645 1100 exercere
669 1034 852 1100 dicebatur.
897 1035 1034 1099 Exstitit
1055 1057 1129 1098 moa
1157 1032 1274 1097 scribit
1295 1033 1422 1104 Nicetes,

318 1141 350 1196 et
372 1129 441 1195 alia
462 1132 703 1196 necessitudinis
727 1135 859 1210 occasio,
888 1133 1070 1198 Theodorus
1092 1130 1148 1196 ille
1170 1130 1423 1214 habitaverisque

318 1231 355 1294 in
377 1231 511 1315 speciem
530 1231 708 1309 monachus,
732 1231 788 1294 sed
811 1233 948 1296 omnium
962 1228 1175 1316 inspiratorum
1192 1227 1424 1314 improbissimo

320 1337 350 1390 et
370 1337 566 1390 carentorum
587 1329 835 1407 ocrmtissimos,
868 1326 1123 1406 Santabarenns,
1151 1329 1296 1412 inquam,
1320 1325 1356 1388 de
1377 1347 1424 1408 pto

320 1425 448 1510 opinor,
484 1426 653 1490 audivistis
677 1449 789 1490 omnes.
838 1427 931 1490 Hunc
959 1425 1062 1490 ποιοῖο
1092 1425 1243 1509 quomodo
1273 1433 1423 1510 repertum,

321 1523 408 1607 (nam
426 1545 536 1608 pares,
560 1534 595 1586 nt
618 1523 744 1604 dicitur,
769 1545 837 1588 cnm
854 1523 992 1608 paribus
1007 1523 1113 1608 facile
1131 1519 1380 1609 oonprepautur),
1399 1529 1424 1580 ot

216 1655 219 1662 Δ
319 1621 421 1683 irinum
444 1619 602 1705 sinptrlari
624 1622 801 1698 sancdtate,
819 1622 1053 1706 praescientia,
1076 1643 1238 1706 remotaque
1254 1620 1424 1705 ficinensem

320 1719 495 1804 coquitione
515 1719 787 1804 potentissimum:
810 1718 921 1802 quibus
945 1729 1048 1782 tamen
1071 1717 1328 1782 virentes-nni
1343 1715 1424 1778 solun

320 1819 425 1880 caruit
448 1815 607 1893 omnibns,
632 1815 687 1880 sed
711 1827 836 1892 sonmo,
861 1826 896 1880 ut
919 1821 1019 1904 ajunt,
1044 1817 1174 1901 suspicis
1192 1815 1385 1902 praestipiis,
1405 1821 1425 1870 el

321 1912 497 1991 ariolandi,
521 1914 733 2003 conjectandi,
757 1913 962 1992 incantandi,
986 1917 1169 1998 animasque
1193 1913 1344 1978 morandi
1365 1912 1425 1974 arti·

321 2010 377 2074 bns
401 2013 535 2096 insipnis
562 2011 751 2076 habebatur:
781 2014 860 2076 tnnc
882 2013 1074 2097 Imperatori
1096 2013 1196 2089 sistit,
1227 2011 1425 2092 imntesuispm

320 2108 509 2174 celebratum
533 2107 682 2173 laudibus
705 2111 908 2174 commendat.
953 2105 1087 2193 Cumque
1103 2112 1175 2197 jam
1198 2109 1372 2193 Imperator
1392 2105 1437 2166 iu=÷

323 2208 396 2270 timo
412 2205 733 2292 familiarissimasque
756 2218 905 2288 uteretur,
930 2207 1060 2271 Photius
1076 2230 1139 2291 per
1160 2203 1437 2291 compatriarchae

322 2304 449 2390 lpnatio
472 2304 663 2383 insidiatur,
694 2305 855 2389 sedemque
879 2306 1028 2370 antissam
1050 2302 1168 2368 occidte
1188 2325 1372 2388 recuperare
1391 2315 1437 2361 co*

323 2413 430 2480 natur,
455 2401 574 2487 sibique
597 2402 699 2466 denno
722 2402 858 2466 reditum
881 2401 1032 2487 sacrilepe
1054 2412 1226 2486 comparat.
1234 2399 1259 2484 ¹)

150 2511 241 2554 Pholo·
256 2521 315 2554 reve·
416 2499 490 2565 107.
514 2499 700 2563 Revocatus
723 2501 824 2583 igitur
848 2521 890 2563 ex
913 2499 1012 2564 exilio
1036 2499 1182 2574 Photide,
1208 2519 1287 2562 mcx
1304 2509 1341 2560 nt
1360 2496 1437 2560 filios

198 2574 267 2616 Μ’
324 2599 535 2710 Imperatoris
559 2599 736 2662 instrueret
763 2597 845 2660 dest'
823 2607 946 2662 imatus
977 2607 1038 2677 est3
1075 2595 1234 2660 exinde
1226 2617 1260 2658 m
1284 2596 1437 2678 Megaera

323 2697 414 2780 regio
448 2695 570 2779 palatio
605 2695 785 2774 habitavit,
820 2694 877 2758 ubi
909 2704 942 2758 et
974 2646 1093 2758 multos
1123 2691 1333 2777 discipulos
1325 2705 1437 2768 iterum]

323 2793 468 2878 collegit,
502 2803 535 2856 et
564 2793 726 2877 perfracte
750 2815 887 2858 munera
911 2791 1145 2878 patriarchalia
1174 2789 1259 2854 clam
1285 2771 1437 2880 exercuti

324 2893 436 2972 Quum
464 2913 540 2954 vero
564 2890 606 2954 ab
631 2891 760 2974 ignatio
785 2889 935 2954 obtinere
957 2912 1024 2954 non
1048 2899 1174 2975 posset,
1207 2900 1244 2952 ut
1273 2892 1307 2954 in
1339 2906 1437 2972 sacar

321 2989 450 3054 dotium
473 2990 716 3068 restitueretur,
741 2986 860 3052 callide
883 2986 1107 3052 dissimulavit
1129 2988 1291 3066 furorem,
1314 2985 1437 3071 praevi

322 3087 406 3151 dens
428 3087 596 3171 Ignatium
621 3107 732 3149 senem
757 3085 851 3149 brevi
876 3087 1088 3165 moriturum,
1120 3085 1249 3170 sibique
1277 3085 1349 3169 jam
1371 3105 1437 3168 sacy

323 3185 504 3248 cessionem
528 3205 739 3268 praeparans.
785 3183 856 3248 Irno
881 3193 993 3268 postea
1015 3181 1173 3266 gloriatus
1203 3193 1269 3262 est,
1301 3205 1335 3245 se
1366 3171 1437 3243 crin*

322 3351 356 3388 ex
382 3349 412 3388 eo
437 3331 521 3386 filium
545 3332 713 3387 nasciturum
737 3331 844 3385 nomine
864 3333 974 3396 Beatos,
1001 3347 1079 3398 quem
1105 3331 1166 3386 dein
1192 3331 1224 3385 iia
1244 3330 1437 3390 characterilun¹

321 3413 464 3478 decentis,
491 3413 537 3480 qui
555 3413 657 3466 Basilio
675 3411 836 3480 Imperatori
863 3410 1073 3476 conveniebant,
1098 3427 1211 3478 cumque
1234 3413 1351 3466 omnium
1368 3407 1437 3464 rem

322 3508 417 3562 regum
443 3491 598 3548 felicissime
621 3499 651 3546 et
674 3491 826 3546 diutissime
850 3499 1028 3560 regnaturum
1054 3491 1229 3546 vaticinetur.
1266 3490 1422 3559 Pmessgim

320 3587 450 3627 arcanum
475 3571 589 3627 Photins
613 3573 655 3626 ita
679 3572 839 3641 Imperatori
865 3571 1027 3640 explicarit,
1053 3578 1086 3626 nt
1109 3571 1216 3626 nomine
1238 3571 1333 3626 Rectus
1355 3570 1422 3638 ipsiu

322 3653 489 3718 (Racilium),
517 3666 627 3706 uxorem
655 3652 713 3722 ejus
742 3652 923 3720 (Endociam).
952 3658 981 3706 et
1008 3652 1076 3706 filios
1104 3651 1189 3719 ipsius
1216 3649 1422 3716 (Constantinum

321 3731 452 3797 Leonem,
480 3731 676 3798 Alexandrum,
703 3731 879 3801 Stephanum)
898 3731 1047 3800 designari,
1074 3736 1156 3797 atque
1174 3731 1214 3784 ite
1233 3731 1341 3798 generis
1357 3727 1422 3795 ipis-

322 3827 437 3882 regnum
462 3809 647 3866 felicissimum
672 3811 790 3880 praedici
816 3827 876 3866 eum
901 3812 1016 3866 doceret.
1053 3811 1161 3865 Relatio
1185 3810 1251 3864 hacc
1282 3809 1316 3863 ab
1339 3809 1421 3874 aliquot

321 3890 476 3946 stratoribus
494 3899 527 3946 nt
546 3891 638 3946 fabula
657 3892 781 3960 rejicitur
800 3889 935 3960 (Fontani,
955 3889 1096 3956 Soirriielrh¹
1115 3891 1264 3958 Neander);
1287 3891 1332 3944 sed
1350 3899 1421 3941 rerem

320 3987 381 4026 eam
400 3986 458 4025 esse
477 3979 568 4026 censet
581 3971 792 4041 Bergomatium
812 3969 926 4024 Photins
944 3969 975 4026 Τ,
985 3971 1019 4025 II.
1032 3987 1057 4039 p.
1072 3971 1132 4037 259,
1151 3987 1210 4025 cnm
1229 3971 1321 4025 multis
1333 3965 1420 4023 criticis.

323 4051 397 4117 Ques
422 4051 493 4105 enim
511 4059 658 4105 narrantur
682 4067 699 4104 a
717 4051 872 4104 charactere
891 4049 982 4104 Photii
1008 4067 1061 4105 nan
1081 4050 1225 4116 abludunt,
1251 4051 1349 4105 aetatis
1365 4047 1419 4102 iliius

323 4131 441 4184 moribus
460 4131 638 4196 conveniunt,
658 4131 778 4184 favorem
798 4128 889 4183 Photii
909 4130 980 4198 apud
999 4129 1129 4184 Basiliam
1149 4129 1215 4184 bene
1234 4131 1385 4199 explanant.
1400 4131 1418 4175 rt

321 4211 358 4264 sb
377 4217 486 4264 auctore
505 4210 557 4264 tide
575 4191 658 4278 digno
677 4209 840 4264 referuntur
872 4207 927 4266 Cir.
941 4210 1088 4264 Baromum
1107 4211 1140 4264 ed
1159 4227 1183 4263 a.
1202 4211 1256 4264 878
1275 4227 1316 4264 nn
1335 4210 1437 4324 3er

397 4289 417 4358 ¹)
436 4289 504 4344 Vita
523 4289 635 4358 Ignatii,
654 4291 745 4345 Labbe
763 4288 839 4344 VIII.
860 4291 937 4346 1251
