3002 4836
304 479 339 532 ⁷4
654 481 694 536 De
712 479 816 537 haeresi
834 483 1069 540 iconoclastarum.

304 623 459 707 quamvis
475 623 730 689 consuetudines
745 625 981 708 Orientalium,
998 628 1054 713 qui
1072 626 1207 710 osculis,
1222 627 1427 713 genuflexio-

305 717 419 801 nibus,
452 722 587 786 incenso
620 733 652 786 et
683 721 904 790 luminaribus
938 725 1100 809 imagines
1128 746 1238 789 sacras
1261 724 1428 807 colebant,

306 818 415 882 minus
439 819 472 882 in
498 840 559 883 usu
583 831 691 885 essent
713 823 747 886 in
764 820 921 908 Gallim).
964 820 1030 887 Sed
1044 821 1119 886 talis
1143 822 1330 887 differentia
1353 843 1429 887 cae·

305 917 528 981 remoniarum
561 928 773 984 externarum
807 941 928 1004 magna
951 942 992 984 ex
1016 930 1111 1005 parte
1133 922 1289 1006 provenit
1311 943 1354 984 ex
1379 921 1427 985 di·

304 1015 460 1078 versitate
484 1014 604 1080 indolis
627 1027 660 1081 et
683 1017 883 1083 characteris
906 1019 992 1082 inter
1010 1017 1196 1084 Orientales
1219 1027 1252 1082 et
1274 1020 1431 1084 nationes

305 1109 497 1176 Occidentis
521 1116 734 1199 septentrioni
755 1117 933 1202 propiores.
959 1117 1070 1181 Minus
1094 1115 1252 1180 videlicet
1275 1117 1429 1181 homines

305 1207 422 1274 harum
446 1212 617 1276 nationum
643 1224 906 1294 commoventur,
927 1237 967 1277 ac
980 1214 1140 1278 tardiores
1164 1215 1307 1279 suntad
1330 1217 1433 1299 signa

305 1307 466 1392 ejusmodi
496 1310 669 1394 exteriora,
694 1334 779 1397 qnae
804 1310 893 1398 apud
923 1322 1038 1397 gentes
1061 1313 1232 1376 Orientem
1256 1333 1371 1377 versus
1397 1323 1434 1376 et

306 1406 481 1471 Meridiem
505 1407 693 1474 habitantes
723 1409 904 1495 plurimum
932 1409 1143 1476 adhibentur.
1167 1449 1210 1460 —
1234 1411 1357 1496 Negari
1382 1420 1432 1475 ta-

306 1525 381 1568 men
396 1525 463 1570 non
477 1515 593 1591 potest,
608 1506 807 1572 verbotenus
823 1506 1006 1573 identidem
1020 1508 1193 1574 Praesules
1207 1507 1337 1574 Galliae
1361 1531 1433 1572 orn-

306 1623 381 1666 nem
407 1602 531 1668 cultum
565 1605 766 1689 imaginibus
799 1605 991 1691 denegasse.
1038 1606 1178 1670 Romani
1207 1615 1320 1672 autem
1344 1607 1434 1670 Pon-

306 1700 411 1764 tifices
433 1700 497 1766 hac
521 1703 555 1766 in
579 1706 772 1788 quaestione
795 1703 951 1791 prudenti
976 1705 1169 1770 oeconomia
1193 1705 1243 1769 usi
1268 1713 1355 1788 sunt,
1382 1706 1433 1769 ita

307 1807 432 1864 utnon
456 1810 612 1884 urgerent
644 1803 848 1886 agnitionem
872 1801 999 1886 Synodi
1032 1803 1192 1888 septimae
1220 1814 1257 1867 ut
1279 1822 1434 1867 oecume-

307 1897 412 1978 nicae,
437 1919 499 1962 nec
522 1909 677 1982 cogerent
700 1900 871 1987 episcopos
895 1898 1039 1981 Galliae,
1064 1910 1101 1964 ut
1123 1898 1218 1965 aliter
1241 1900 1351 1986 quoad
1376 1921 1435 1964 ve-

307 1996 510 2060 nerationem
544 1997 727 2080 imaginum
766 2007 947 2064 statuerent
977 2008 1010 2062 et
1042 2007 1187 2083 agerent.
1242 1997 1435 2083 Sperabant

308 2091 464 2157 videlicet
495 2093 578 2178 fore,
610 2105 646 2160 ut
683 2108 800 2182 sponte
832 2097 994 2183 oppositio
1018 2095 1074 2162 illa
1097 2107 1319 2178 evanesceret,
1344 2118 1435 2183 quae

308 2191 455 2256 maxima
482 2203 575 2278 parte
608 2194 801 2259 confusione
834 2195 978 2281 quadam
1009 2216 1120 2259 rerum
1154 2202 1187 2258 et
1218 2194 1435 2258 animositate

308 2289 485 2372 nitebatur,
510 2300 611 2379 utque
627 2291 764 2356 Galliae
788 2292 947 2358 ecclcsiae
971 2293 1102 2378 penitus
1126 2313 1196 2357 sese
1219 2290 1357 2377 reliquis
1381 2313 1434 2356 ec-

309 2387 417 2453 clesiis
451 2389 702 2455 conformarent.
749 2389 855 2475 quue
887 2411 1003 2454 revera
1040 2411 1155 2454 versus
1193 2389 1315 2455 saeculi
1350 2393 1433 2456 noni

309 2485 409 2551 finem
432 2487 566 2553 accidit.

398 2585 451 2651 86.
476 2585 542 2652 Sed
565 2596 676 2669 restat,
701 2598 737 2650 ut
757 2609 958 2668 enarremus,
973 2609 1058 2672 quae
1082 2588 1116 2650 in
1141 2586 1367 2652 controversia
1392 2586 1437 2650 de

264 2701 269 2712 ·
310 2681 401 2746 cultu
425 2705 592 2749 sacrarum
617 2686 800 2770 imaginum
817 2685 952 2750 ineunte
967 2681 1098 2748 saeculo
1114 2705 1201 2749 nono
1225 2681 1435 2749 acciderunt.

309 2781 487 2846 Postremis
501 2781 625 2847 saeculi
649 2784 758 2847 octavi
774 2785 871 2847 annis
888 2782 1053 2848 discordia
1073 2782 1159 2846 inter
1174 2781 1436 2847 Constantinum

310 2877 546 2965 Imperatorem
570 2891 603 2944 et
625 2881 755 2945 Irenem
779 2881 851 2967 ejus
870 2889 1009 2944 matrem
1024 2901 1182 2966 magnum
1205 2880 1280 2966 paci
1304 2889 1338 2942 et
1361 2901 1435 2964 pro-

310 2979 458 3062 speritati
491 2976 647 3063 publicae
679 2979 914 3044 detrimentum
946 2978 1067 3043 intulit.
1121 2977 1220 3042 Anno
1252 2976 1317 3041 790
1348 2975 1436 3041 Con-

311 3077 474 3139 stantinus
507 3089 644 3142 matrem
679 3079 817 3163 imperio
850 3078 1011 3164 privavit,
1045 3077 1103 3142 sed
1125 3087 1200 3162 post
1222 3095 1359 3156 annum,
1386 3097 1436 3138 ro-

387 3389 408 3456 ¹)
426 3387 575 3454 Antiquam
593 3393 685 3441 tamen
704 3385 788 3441 tuisse
806 3385 1026 3442 consuetudinem
1045 3385 1207 3442 accendendi
1226 3385 1373 3442 luminaria
1392 3402 1439 3440 eo-

312 3484 369 3524 ram
388 3466 561 3536 imaginibus,
581 3466 692 3536 mlliges
710 3481 744 3522 ex
771 3466 833 3522 istis
851 3465 974 3522 versibus
992 3467 1138 3522 Fortunati
1161 3466 1191 3522 in
1210 3465 1335 3521 Carmine
1353 3467 1389 3521 de
1409 3467 1435 3522 S.

311 3549 448 3604 Martiuo:
478 3547 547 3614 ,Hic
563 3548 654 3616 paries
673 3546 775 3602 retinet
793 3546 882 3601 mnoti
909 3546 958 3602 sub
976 3547 1097 3616 imagine
1115 3546 1237 3613 formam,
1256 3577 1290 3586 -
1309 3546 1438 3613 Amplec-

313 3629 395 3684 tenda
413 3628 471 3697 ipso
489 3626 559 3681 dulci
578 3627 685 3696 pictura
703 3627 797 3682 colore.
817 3657 852 3666 -
871 3625 924 3681 Sub
942 3627 1054 3696 pedibus
1076 3626 1146 3698 justi
1164 3627 1253 3696 paries
1271 3624 1437 3680 hebetante

312 3709 467 3774 fenestram,
487 3738 520 3748 —
540 3707 665 3776 Lychnus
685 3707 769 3772 adest,
788 3707 865 3776 crrjus
883 3707 974 3762 vitree
1003 3713 1083 3762 natet
1113 3707 1187 3777 ignis
1214 3707 1243 3762 in
1271 3709 1367 3762 urna.“
1402 3704 1436 3761 L.

312 3789 352 3844 1v
370 3789 399 3843 in
417 3788 478 3844 fine.
507 3817 541 3828 -
565 3787 718 3843 Venantius
737 3789 904 3842 Fortunatus
922 3787 961 3841 ibi
979 3787 1108 3842 describit
1125 3787 1252 3842 sacellum
1270 3785 1296 3840 S.
1315 3783 1435 3839 Martini

312 3869 383 3938 qnod
400 3869 548 3925 Ravennae
577 3867 703 3922 exstabat
731 3867 760 3922 iu
778 3868 890 3923 ecclesia
907 3866 950 3922 δὲ
974 3867 1089 3922 Joannis
1107 3873 1136 3922 et
1154 3866 1243 3933 Pauli,
1260 3865 1308 3920 ubi
1326 3869 1357 3919 et
1373 3864 1438 3934 ipse

312 3949 448 4005 oculorum
466 3949 557 4005 morbo
575 3954 688 4004 mustus
706 3954 773 4015 erat,
802 3964 883 4016 quum
913 3947 972 4003 oleo
990 3963 1024 4002 ex
1047 3947 1096 4002 illa
1113 3963 1184 4002 urna
1200 3947 1341 4014 desumpto
1359 3943 1437 3999 fron-

313 4037 368 4086 tem
395 4029 525 4085 unximet
562 4028 667 4098 Agitur
694 4028 801 4096 quidem
829 4029 861 4082 de
881 4027 980 4083 bonore
1008 4026 1250 4084 aRevennatibus
1267 4025 1293 4082 S.
1312 4025 1436 4079 Martino

312 4109 453 4179 praestito,
472 4109 518 4164 scd
537 4124 635 4164 morem
654 4109 737 4164 istum
756 4107 904 4163 honorandi
922 4107 1069 4178 imaginem
1088 4107 1112 4164 S.
1132 4105 1245 4162 Martini
1264 4119 1376 4160 accenso
1393 4102 1436 4158 ln·

312 4190 385 4246 mine
402 4189 569 4244 Fortunatus
588 4204 648 4243 cum
665 4189 746 4244 lande
763 4189 804 4243 its
822 4187 957 4254 describit,
985 4193 1019 4243 ιιι
1036 4201 1202 4242 communem
1221 4185 1305 4240 tuisse
1322 4189 1354 4238 et
1372 4182 1436 4238 ust-

312 4271 346 4326 lis
364 4268 584 4325 comuetudinem
601 4268 702 4324 dixeris
720 4268 810 4324 istam.
828 4269 872 4324 vel
891 4269 988 4324 saltem
1006 4268 1040 4324 iis
1058 4269 1166 4323 omnino
1184 4271 1331 4334 acceptam
