<?xml version="1.0" encoding="UTF-8"?>
<!DOCTYPE html PUBLIC "-//W3C//DTD XHTML 1.0 Transitional//EN"
    "http://www.w3.org/TR/xhtml1/DTD/xhtml1-transitional.dtd">
<html xmlns="http://www.w3.org/1999/xhtml" xml:lang="en" lang="en">
 <head>
  <title>
</title>
<meta http-equiv="Content-Type" content="text/html;charset=utf-8" />
  <meta name='ocr-system' content='tesseract 3.04.00' />
  <meta name='ocr-capabilities' content='ocr_page ocr_carea ocr_par ocr_line ocrx_word'/>
</head>
<body>
  <div class='ocr_page' id='page_1' title='image "./dissertationess01junggoog_0333.png"; bbox 0 0 2932 4836; ppageno 0'>
   <div class='ocr_carea' id='block_1_1' title="bbox 298 462 1107 520">
    <p class='ocr_par' dir='ltr' id='par_1_1' title="bbox 298 462 1107 520">
     <span class='ocr_line' id='line_1_1' title="bbox 298 462 1107 520; baseline 0.001 -2"><span class='ocrx_word' id='word_1_1' title='bbox 298 467 350 520; x_wconf 81' lang='grc'>322</span> <span class='ocrx_word' id='word_1_2' title='bbox 621 463 705 518; x_wconf 78' lang='lat' dir='ltr'>xvh</span> <span class='ocrx_word' id='word_1_3' title='bbox 744 463 784 518; x_wconf 92' lang='lat' dir='ltr'>De</span> <span class='ocrx_word' id='word_1_4' title='bbox 803 462 948 518; x_wconf 76' lang='lat' dir='ltr'>schismate</span> <span class='ocrx_word' id='word_1_5' title='bbox 965 463 1107 520; x_wconf 85' lang='lat' dir='ltr'>Photiano.</span> 
     </span>
    </p>
   </div>
   <div class='ocr_carea' id='block_1_2' title="bbox 139 607 1452 2844">
    <p class='ocr_par' dir='ltr' id='par_1_2' title="bbox 139 607 1452 2844">
     <span class='ocr_line' id='line_1_2' title="bbox 139 607 1452 694; baseline 0.011 -30"><span class='ocrx_word' id='word_1_6' title='bbox 139 612 278 664; x_wconf 71' lang='lat' dir='ltr'>omnnem</span> <span class='ocrx_word' id='word_1_7' title='bbox 387 609 419 674; x_wconf 81' lang='lat'>2.</span> <span class='ocrx_word' id='word_1_8' title='bbox 452 608 525 672; x_wconf 89' lang='lat' dir='ltr'>Hac</span> <span class='ocrx_word' id='word_1_9' title='bbox 549 607 778 672; x_wconf 78' lang='lat' dir='ltr'><strong>dissertatione</strong></span> <span class='ocrx_word' id='word_1_10' title='bbox 801 629 937 693; x_wconf 82' lang='lat' dir='ltr'>agemus</span> <span class='ocrx_word' id='word_1_11' title='bbox 960 609 1138 694; x_wconf 80' lang='lat' dir='ltr'>praecipue</span> <span class='ocrx_word' id='word_1_12' title='bbox 1166 609 1208 673; x_wconf 93' lang='lat' dir='ltr'>de</span> <span class='ocrx_word' id='word_1_13' title='bbox 1232 609 1410 676; x_wconf 78' lang='lat' dir='ltr'>schismatis</span> <span class='ocrx_word' id='word_1_14' title='bbox 1451 665 1452 680; x_wconf 64' lang='grc'>,</span> 
     </span>
     <span class='ocr_line' id='line_1_3' title="bbox 142 671 1410 795; baseline 0.002 -26"><span class='ocrx_word' id='word_1_15' title='bbox 142 671 266 716; x_wconf 52' lang='lat' dir='ltr'>‘mm</span> <span class='ocrx_word' id='word_1_16' title='bbox 298 706 465 770; x_wconf 84' lang='lat' dir='ltr'>orientalis</span> <span class='ocrx_word' id='word_1_17' title='bbox 489 705 687 789; x_wconf 85' lang='lat' dir='ltr'>originibus,</span> <span class='ocrx_word' id='word_1_18' title='bbox 720 727 804 790; x_wconf 93' lang='lat' dir='ltr'>quae</span> <span class='ocrx_word' id='word_1_19' title='bbox 827 704 870 769; x_wconf 92' lang='lat' dir='ltr'>ad</span> <span class='ocrx_word' id='word_1_20' title='bbox 894 727 967 768; x_wconf 86' lang='lat' dir='ltr'>eam</span> <span class='ocrx_word' id='word_1_21' title='bbox 990 704 1161 770; x_wconf 79' lang='lat' dir='ltr'>Ecclesiae</span> <span class='ocrx_word' id='word_1_22' title='bbox 1183 717 1324 774; x_wconf 87' lang='lat' dir='ltr'>aetatem</span> <span class='ocrx_word' id='word_1_23' title='bbox 1348 733 1410 795; x_wconf 49' lang='lat' dir='ltr'>spe*</span> 
     </span>
     <span class='ocr_line' id='line_1_4' title="bbox 298 801 1452 889; baseline 0.003 -23"><span class='ocrx_word' id='word_1_24' title='bbox 298 813 405 883; x_wconf 85' lang='lat' dir='ltr'>etant,</span> <span class='ocrx_word' id='word_1_25' title='bbox 440 805 475 867; x_wconf 91' lang='lat' dir='ltr'>in</span> <span class='ocrx_word' id='word_1_26' title='bbox 500 825 565 889; x_wconf 93' lang='lat' dir='ltr'>qua</span> <span class='ocrx_word' id='word_1_27' title='bbox 589 801 786 867; x_wconf 81' lang='lat' dir='ltr'>delineanda</span> <span class='ocrx_word' id='word_1_28' title='bbox 818 824 998 868; x_wconf 83' lang='lat' dir='ltr'>versamur.</span> <span class='ocrx_word' id='word_1_29' title='bbox 1044 804 1192 868; x_wconf 86' lang='lat' dir='ltr'>Primum</span> <span class='ocrx_word' id='word_1_30' title='bbox 1223 827 1409 870; x_wconf 87' lang='lat' dir='ltr'>commemo·</span> <span class='ocrx_word' id='word_1_31' title='bbox 1451 847 1452 876; x_wconf 49' lang='lat' dir='ltr'>i</span> 
     </span>
     <span class='ocr_line' id='line_1_5' title="bbox 297 898 1452 1012; baseline 0.003 -48"><span class='ocrx_word' id='word_1_32' title='bbox 297 899 445 965; x_wconf 89' lang='lat' dir='ltr'>rabirnus</span> <span class='ocrx_word' id='word_1_33' title='bbox 468 899 521 964; x_wconf 87' lang='lat' dir='ltr'>vel</span> <span class='ocrx_word' id='word_1_34' title='bbox 545 898 773 984; x_wconf 82' lang='lat' dir='ltr'>recolligamus</span> <span class='ocrx_word' id='word_1_35' title='bbox 797 921 927 982; x_wconf 82' lang='lat' dir='ltr'>causae,</span> <span class='ocrx_word' id='word_1_36' title='bbox 961 900 1082 986; x_wconf 88' lang='lat' dir='ltr'>quibus</span> <span class='ocrx_word' id='word_1_37' title='bbox 1101 917 1334 990; x_wconf 83' lang='lat' dir='ltr'>praeparatam</span> <span class='ocrx_word' id='word_1_38' title='bbox 1355 907 1412 968; x_wconf 87' lang='lat' dir='ltr'>luit</span> <span class='ocrx_word' id='word_1_39' title='bbox 1451 917 1452 1012; x_wconf 53' lang='lat' dir='ltr'>p</span> 
     </span>
     <span class='ocr_line' id='line_1_6' title="bbox 298 997 1411 1087; baseline 0.003 -24"><span class='ocrx_word' id='word_1_40' title='bbox 298 999 440 1063; x_wconf 81' lang='lat' dir='ltr'>schisma</span> <span class='ocrx_word' id='word_1_41' title='bbox 464 997 639 1076; x_wconf 78' lang='lat' dir='ltr'>orientale3</span> <span class='ocrx_word' id='word_1_42' title='bbox 676 997 753 1062; x_wconf 90' lang='lat' dir='ltr'>dein</span> <span class='ocrx_word' id='word_1_43' title='bbox 778 997 1006 1063; x_wconf 83' lang='lat' dir='ltr'>enarrabimus</span> <span class='ocrx_word' id='word_1_44' title='bbox 1028 1010 1117 1086; x_wconf 75' lang='lat' dir='ltr'>pcata</span> <span class='ocrx_word' id='word_1_45' title='bbox 1140 1001 1265 1078; x_wconf 79' lang='lat' dir='ltr'>Piotii,</span> <span class='ocrx_word' id='word_1_46' title='bbox 1299 1001 1411 1087; x_wconf 86' lang='lat' dir='ltr'>quibus</span> 
     </span>
     <span class='ocr_line' id='line_1_7' title="bbox 297 1094 1408 1186; baseline 0.002 -24"><span class='ocrx_word' id='word_1_47' title='bbox 297 1095 624 1186; x_wconf 84' lang='lat' dir='ltr'>pseudo-patriarcha</span> <span class='ocrx_word' id='word_1_48' title='bbox 657 1094 711 1159; x_wconf 92' lang='lat' dir='ltr'>ille</span> <span class='ocrx_word' id='word_1_49' title='bbox 744 1097 985 1182; x_wconf 89' lang='lat' dir='ltr'>separationem</span> <span class='ocrx_word' id='word_1_50' title='bbox 1019 1097 1177 1162; x_wconf 87' lang='lat' dir='ltr'>ecclesiae</span> <span class='ocrx_word' id='word_1_51' title='bbox 1207 1098 1408 1164; x_wconf 87' lang='lat' dir='ltr'>orientalisa</span> 
     </span>
     <span class='ocr_line' id='line_1_8' title="bbox 298 1192 1409 1281; baseline 0 -21"><span class='ocrx_word' id='word_1_52' title='bbox 298 1196 383 1260; x_wconf 88' lang='lat' dir='ltr'>Sede</span> <span class='ocrx_word' id='word_1_53' title='bbox 400 1194 591 1280; x_wconf 87' lang='lat' dir='ltr'>Apostolica</span> <span class='ocrx_word' id='word_1_54' title='bbox 609 1192 760 1274; x_wconf 88' lang='lat' dir='ltr'>confecit,</span> <span class='ocrx_word' id='word_1_55' title='bbox 784 1214 914 1258; x_wconf 87' lang='lat' dir='ltr'>necnon</span> <span class='ocrx_word' id='word_1_56' title='bbox 930 1215 1014 1279; x_wconf 89' lang='lat' dir='ltr'>quae</span> <span class='ocrx_word' id='word_1_57' title='bbox 1031 1196 1209 1281; x_wconf 87' lang='lat' dir='ltr'>praecipue</span> <span class='ocrx_word' id='word_1_58' title='bbox 1228 1221 1249 1260; x_wconf 86' lang='lat' dir='ltr'>c</span> <span class='ocrx_word' id='word_1_59' title='bbox 1265 1199 1409 1262; x_wconf 78' lang='lat' dir='ltr'>Romanis</span> 
     </span>
     <span class='ocr_line' id='line_1_9' title="bbox 299 1288 1410 1376; baseline -0.001 -19"><span class='ocrx_word' id='word_1_60' title='bbox 299 1293 501 1376; x_wconf 71' lang='lat' dir='ltr'>Pontificibus</span> <span class='ocrx_word' id='word_1_61' title='bbox 533 1303 562 1356; x_wconf 84' lang='lat' dir='ltr'>et</span> <span class='ocrx_word' id='word_1_62' title='bbox 595 1315 615 1356; x_wconf 87' lang='grc' dir='ltr'><em>α</em></span> <span class='ocrx_word' id='word_1_63' title='bbox 652 1288 791 1356; x_wconf 80' lang='lat' dir='ltr'>Concilio</span> <span class='ocrx_word' id='word_1_64' title='bbox 826 1294 1017 1356; x_wconf 81' lang='lat' dir='ltr'>oecumenico</span> <span class='ocrx_word' id='word_1_65' title='bbox 1048 1293 1131 1357; x_wconf 86' lang='lat' dir='ltr'><em>VIII</em></span> <span class='ocrx_word' id='word_1_66' title='bbox 1156 1305 1229 1358; x_wconf 85' lang='lat' dir='ltr'>acta</span> <span class='ocrx_word' id='word_1_67' title='bbox 1261 1307 1350 1373; x_wconf 78' lang='lat' dir='ltr'>auat,</span> <span class='ocrx_word' id='word_1_68' title='bbox 1382 1305 1410 1358; x_wconf 84' lang='lat' dir='ltr'>at</span> 
     </span>
     <span class='ocr_line' id='line_1_10' title="bbox 298 1389 1409 1476; baseline -0.001 -21"><span class='ocrx_word' id='word_1_69' title='bbox 298 1394 373 1456; x_wconf 76' lang='lat' dir='ltr'>renio</span> <span class='ocrx_word' id='word_1_70' title='bbox 403 1393 634 1468; x_wconf 60' lang='lat' dir='ltr'>restituentem</span> <span class='ocrx_word' id='word_1_71' title='bbox 666 1389 798 1454; x_wconf 90' lang='lat' dir='ltr'>demum</span> <span class='ocrx_word' id='word_1_72' title='bbox 830 1400 955 1454; x_wconf 76' lang='lat' dir='ltr'>evectae</span> <span class='ocrx_word' id='word_1_73' title='bbox 978 1402 1055 1476; x_wconf 86' lang='lat' dir='ltr'>poet</span> <span class='ocrx_word' id='word_1_74' title='bbox 1082 1389 1256 1460; x_wconf 75' lang='lat' dir='ltr'>Concilium</span> <span class='ocrx_word' id='word_1_75' title='bbox 1287 1415 1409 1458; x_wconf 78' lang='lat' dir='ltr'>oecume-</span> 
     </span>
     <span class='ocr_line' id='line_1_11' title="bbox 297 1486 1409 1575; baseline 0 -23"><span class='ocrx_word' id='word_1_76' title='bbox 297 1491 401 1554; x_wconf 83' lang='lat' dir='ltr'>nicam</span> <span class='ocrx_word' id='word_1_77' title='bbox 435 1488 517 1552; x_wconf 91' lang='lat' dir='ltr'><em>VIII</em></span> <span class='ocrx_word' id='word_1_78' title='bbox 544 1486 688 1552; x_wconf 83' lang='lat' dir='ltr'>breviter</span> <span class='ocrx_word' id='word_1_79' title='bbox 720 1507 935 1574; x_wconf 81' lang='lat' dir='ltr'>exponemus.</span> <span class='ocrx_word' id='word_1_80' title='bbox 970 1527 1014 1536; x_wconf 92' lang='lat'>—-</span> <span class='ocrx_word' id='word_1_81' title='bbox 1048 1489 1102 1554; x_wconf 87' lang='lat' dir='ltr'>De</span> <span class='ocrx_word' id='word_1_82' title='bbox 1134 1489 1198 1552; x_wconf 88' lang='lat' dir='ltr'>hac</span> <span class='ocrx_word' id='word_1_83' title='bbox 1225 1493 1409 1575; x_wconf 85' lang='lat' dir='ltr'>quaestione</span> 
     </span>
     <span class='ocr_line' id='line_1_12' title="bbox 253 1583 1412 1674; baseline -0.002 -22"><span class='ocrx_word' id='word_1_84' title='bbox 253 1603 255 1612; x_wconf 88' lang='grc'><strong>’</strong></span> <span class='ocrx_word' id='word_1_85' title='bbox 298 1610 377 1672; x_wconf 89' lang='lat' dir='ltr'>prae</span> <span class='ocrx_word' id='word_1_86' title='bbox 406 1587 542 1650; x_wconf 85' lang='lat' dir='ltr'>caeteris</span> <span class='ocrx_word' id='word_1_87' title='bbox 567 1583 786 1650; x_wconf 88' lang='lat' dir='ltr'>consulendus</span> <span class='ocrx_word' id='word_1_88' title='bbox 817 1595 867 1649; x_wconf 89' lang='lat' dir='ltr'>est</span> <span class='ocrx_word' id='word_1_89' title='bbox 895 1584 933 1651; x_wconf 91' lang='lat' dir='ltr'>cl.</span> <span class='ocrx_word' id='word_1_90' title='bbox 959 1585 1220 1672; x_wconf 79' lang='lat' dir='ltr'>Hergenriither,</span> <span class='ocrx_word' id='word_1_91' title='bbox 1252 1590 1309 1674; x_wconf 91' lang='lat' dir='ltr'>qui</span> <span class='ocrx_word' id='word_1_92' title='bbox 1338 1611 1412 1673; x_wconf 86' lang='lat' dir='ltr'>opus</span> 
     </span>
     <span class='ocr_line' id='line_1_13' title="bbox 298 1682 1411 1772; baseline -0.002 -23"><span class='ocrx_word' id='word_1_93' title='bbox 298 1683 505 1772; x_wconf 86' lang='lat' dir='ltr'>praeclarum</span> <span class='ocrx_word' id='word_1_94' title='bbox 545 1684 677 1768; x_wconf 80' lang='lat' dir='ltr'>scripsit</span> <span class='ocrx_word' id='word_1_95' title='bbox 714 1682 820 1748; x_wconf 90' lang='lat' dir='ltr'>tribus</span> <span class='ocrx_word' id='word_1_96' title='bbox 860 1683 1085 1750; x_wconf 87' lang='lat' dir='ltr'>voluminibus</span> <span class='ocrx_word' id='word_1_97' title='bbox 1125 1684 1411 1771; x_wconf 88' lang='lat' dir='ltr'>comprehensum:</span> 
     </span>
     <span class='ocr_line' id='line_1_14' title="bbox 298 1779 1410 1868; baseline -0.004 -20"><span class='ocrx_word' id='word_1_98' title='bbox 298 1785 449 1862; x_wconf 77' lang='lat' dir='ltr'>Plotius,</span> <span class='ocrx_word' id='word_1_99' title='bbox 483 1782 648 1846; x_wconf 80' lang='lat' dir='ltr'>Patridrcls</span> <span class='ocrx_word' id='word_1_100' title='bbox 677 1805 737 1846; x_wconf 85' lang='lat' dir='ltr'>eoa</span> <span class='ocrx_word' id='word_1_101' title='bbox 764 1779 1033 1868; x_wconf 80' lang='lat' dir='ltr'>Constantinopel.</span> <span class='ocrx_word' id='word_1_102' title='bbox 1082 1782 1157 1846; x_wconf 80' lang='lat' dir='ltr'>Saia</span> <span class='ocrx_word' id='word_1_103' title='bbox 1181 1782 1304 1863; x_wconf 77' lang='lat' dir='ltr'>Laden,</span> <span class='ocrx_word' id='word_1_104' title='bbox 1336 1787 1410 1848; x_wconf 82' lang='lat' dir='ltr'>seina</span> 
     </span>
     <span class='ocr_line' id='line_1_15' title="bbox 300 1878 1410 1967; baseline -0.003 -21"><span class='ocrx_word' id='word_1_105' title='bbox 300 1881 461 1967; x_wconf 67' lang='lat' dir='ltr'>Schriften</span> <span class='ocrx_word' id='word_1_106' title='bbox 490 1879 555 1943; x_wconf 80' lang='lat' dir='ltr'>aad</span> <span class='ocrx_word' id='word_1_107' title='bbox 578 1879 637 1942; x_wconf 80' lang='lat' dir='ltr'>das</span> <span class='ocrx_word' id='word_1_108' title='bbox 659 1880 843 1964; x_wconf 59' lang='lat' dir='ltr'>pristitinam</span> <span class='ocrx_word' id='word_1_109' title='bbox 868 1878 1018 1944; x_wconf 73' lang='lat' dir='ltr'>Schisma.</span> <span class='ocrx_word' id='word_1_110' title='bbox 1058 1879 1291 1966; x_wconf 89' lang='lat' dir='ltr'>Regensburg,</span> <span class='ocrx_word' id='word_1_111' title='bbox 1321 1881 1410 1944; x_wconf 80' lang='lat' dir='ltr'>Mans</span> 
     </span>
     <span class='ocr_line' id='line_1_16' title="bbox 302 1976 1411 2064; baseline -0.002 -22"><span class='ocrx_word' id='word_1_112' title='bbox 302 1979 396 2044; x_wconf 75' lang='lat'><strong>1867.</strong></span> <span class='ocrx_word' id='word_1_113' title='bbox 433 2016 475 2026; x_wconf 90' lang='lat'>-</span> <span class='ocrx_word' id='word_1_114' title='bbox 509 1977 684 2040; x_wconf 90' lang='lat' dir='ltr'>Praeterea</span> <span class='ocrx_word' id='word_1_115' title='bbox 719 1977 777 2041; x_wconf 90' lang='lat' dir='ltr'>cfr.</span> <span class='ocrx_word' id='word_1_116' title='bbox 813 1977 920 2058; x_wconf 87' lang='lat' dir='ltr'>Tosti,</span> <span class='ocrx_word' id='word_1_117' title='bbox 958 1976 1067 2041; x_wconf 76' lang='lat' dir='ltr'>Storia</span> <span class='ocrx_word' id='word_1_118' title='bbox 1102 1977 1162 2042; x_wconf 84' lang='lat' dir='ltr'>del&#39;</span> <span class='ocrx_word' id='word_1_119' title='bbox 1181 1980 1302 2064; x_wconf 73' lang='lat' dir='ltr'>eripias</span> <span class='ocrx_word' id='word_1_120' title='bbox 1336 1977 1411 2042; x_wconf 84' lang='lat' dir='ltr'>delio</span> 
     </span>
     <span class='ocr_line' id='line_1_17' title="bbox 298 2075 1412 2163; baseline -0.003 -24"><span class='ocrx_word' id='word_1_121' title='bbox 298 2079 412 2141; x_wconf 78' lang='lat' dir='ltr'>scisma</span> <span class='ocrx_word' id='word_1_122' title='bbox 434 2081 542 2163; x_wconf 63' lang='lat' dir='ltr'>preem-</span> <span class='ocrx_word' id='word_1_123' title='bbox 565 2075 721 2154; x_wconf 82' lang='lat' dir='ltr'>Firenae,</span> <span class='ocrx_word' id='word_1_124' title='bbox 746 2075 794 2138; x_wconf 91' lang='lat' dir='ltr'>Le</span> <span class='ocrx_word' id='word_1_125' title='bbox 818 2075 972 2139; x_wconf 90' lang='lat' dir='ltr'>Monnier</span> <span class='ocrx_word' id='word_1_126' title='bbox 1003 2075 1106 2158; x_wconf 76' lang='lat'>18563</span> <span class='ocrx_word' id='word_1_127' title='bbox 1130 2075 1246 2160; x_wconf 86' lang='lat' dir='ltr'>Jager,</span> <span class='ocrx_word' id='word_1_128' title='bbox 1280 2077 1412 2140; x_wconf 64' lang='lat' dir='ltr'>Histoire</span> 
     </span>
     <span class='ocr_line' id='line_1_18' title="bbox 298 2171 1408 2259; baseline -0.005 -19"><span class='ocrx_word' id='word_1_129' title='bbox 298 2175 337 2240; x_wconf 80' lang='lat' dir='ltr'>cie</span> <span class='ocrx_word' id='word_1_130' title='bbox 360 2173 507 2251; x_wconf 68' lang='lat' dir='ltr'>Pactius,</span> <span class='ocrx_word' id='word_1_131' title='bbox 535 2172 630 2236; x_wconf 87' lang='lat' dir='ltr'>Paris</span> <span class='ocrx_word' id='word_1_132' title='bbox 656 2171 758 2254; x_wconf 77' lang='lat'>18453</span> <span class='ocrx_word' id='word_1_133' title='bbox 789 2171 964 2258; x_wconf 83' lang='lat' dir='ltr'>Pitzipios,</span> <span class='ocrx_word' id='word_1_134' title='bbox 998 2173 1154 2259; x_wconf 77' lang='lat' dir='ltr'>L&#39;Eplise</span> <span class='ocrx_word' id='word_1_135' title='bbox 1181 2171 1335 2238; x_wconf 82' lang='lat' dir='ltr'>orientale</span> <span class='ocrx_word' id='word_1_136' title='bbox 1361 2185 1408 2236; x_wconf 81' lang='lat' dir='ltr'>etc.</span> 
     </span>
     <span class='ocr_line' id='line_1_19' title="bbox 298 2268 1411 2358; baseline -0.004 -20"><span class='ocrx_word' id='word_1_137' title='bbox 298 2271 412 2338; x_wconf 73' lang='lat' dir='ltr'>lvoll.</span> <span class='ocrx_word' id='word_1_138' title='bbox 436 2271 530 2335; x_wconf 91' lang='lat' dir='ltr'>Paris</span> <span class='ocrx_word' id='word_1_139' title='bbox 555 2269 658 2350; x_wconf 81' lang='lat'>18553</span> <span class='ocrx_word' id='word_1_140' title='bbox 683 2268 809 2350; x_wconf 85' lang='lat' dir='ltr'>Helela,</span> <span class='ocrx_word' id='word_1_141' title='bbox 839 2268 871 2334; x_wconf 81' lang='lat' dir='ltr'>C.</span> <span class='ocrx_word' id='word_1_142' title='bbox 897 2268 948 2349; x_wconf 71' lang='lat' dir='ltr'>G,</span> <span class='ocrx_word' id='word_1_143' title='bbox 971 2270 1029 2334; x_wconf 89' lang='lat' dir='ltr'>IV.</span> <span class='ocrx_word' id='word_1_144' title='bbox 1056 2269 1088 2335; x_wconf 79' lang='lat' dir='ltr'>S.</span> <span class='ocrx_word' id='word_1_145' title='bbox 1114 2273 1178 2335; x_wconf 82' lang='lat'>726</span> <span class='ocrx_word' id='word_1_146' title='bbox 1200 2294 1282 2358; x_wconf 79' lang='lat' dir='ltr'>eqq.,·</span> <span class='ocrx_word' id='word_1_147' title='bbox 1305 2271 1411 2336; x_wconf 87' lang='lat' dir='ltr'>Maim-</span> 
     </span>
     <span class='ocr_line' id='line_1_20' title="bbox 300 2367 1406 2454; baseline -0.001 -18"><span class='ocrx_word' id='word_1_148' title='bbox 300 2372 414 2454; x_wconf 86' lang='lat' dir='ltr'>baurg,</span> <span class='ocrx_word' id='word_1_149' title='bbox 437 2369 581 2433; x_wconf 75' lang='lat' dir='ltr'>Histoire</span> <span class='ocrx_word' id='word_1_150' title='bbox 599 2367 643 2430; x_wconf 83' lang='lat' dir='ltr'>da</span> <span class='ocrx_word' id='word_1_151' title='bbox 662 2368 789 2431; x_wconf 76' lang='lat' dir='ltr'>achimae</span> <span class='ocrx_word' id='word_1_152' title='bbox 810 2367 864 2430; x_wconf 81' lang='lat' dir='ltr'>dee</span> <span class='ocrx_word' id='word_1_153' title='bbox 882 2367 990 2446; x_wconf 80' lang='lat' dir='ltr'>Graes,</span> <span class='ocrx_word' id='word_1_154' title='bbox 1013 2368 1227 2450; x_wconf 76' lang='lat' dir='ltr'>Parie16773</span> <span class='ocrx_word' id='word_1_155' title='bbox 1252 2369 1406 2436; x_wconf 85' lang='lat' dir='ltr'>Wouters.</span> 
     </span>
     <span class='ocr_line' id='line_1_21' title="bbox 299 2465 1409 2548; baseline -0.004 -15"><span class='ocrx_word' id='word_1_156' title='bbox 299 2471 467 2533; x_wconf 82' lang='lat' dir='ltr'>Dissertat.</span> <span class='ocrx_word' id='word_1_157' title='bbox 494 2467 527 2530; x_wconf 88' lang='lat' dir='ltr'>T.</span> <span class='ocrx_word' id='word_1_158' title='bbox 544 2467 604 2530; x_wconf 91' lang='lat' dir='ltr'><em>III.</em></span> <span class='ocrx_word' id='word_1_159' title='bbox 626 2466 761 2529; x_wconf 73' lang='lat' dir='ltr'>Dianam.</span> <span class='ocrx_word' id='word_1_160' title='bbox 780 2465 1096 2546; x_wconf 59' lang='lat' dir='ltr'>XXVIII-mn</span> <span class='ocrx_word' id='word_1_161' title='bbox 1118 2465 1243 2548; x_wconf 87' lang='lat' dir='ltr'>Palma,</span> <span class='ocrx_word' id='word_1_162' title='bbox 1265 2466 1409 2530; x_wconf 84' lang='lat' dir='ltr'>Praelect.</span> 
     </span>
     <span class='ocr_line' id='line_1_22' title="bbox 299 2560 1409 2647; baseline 0 -16"><span class='ocrx_word' id='word_1_163' title='bbox 299 2569 347 2631; x_wconf 90' lang='lat' dir='ltr'>De</span> <span class='ocrx_word' id='word_1_164' title='bbox 363 2562 486 2630; x_wconf 81' lang='lat' dir='ltr'>saeculo</span> <span class='ocrx_word' id='word_1_165' title='bbox 502 2586 596 2642; x_wconf 83' lang='lat' dir='ltr'>mono,</span> <span class='ocrx_word' id='word_1_166' title='bbox 620 2560 653 2629; x_wconf 83' lang='lat' dir='ltr'>C.</span> <span class='ocrx_word' id='word_1_167' title='bbox 668 2563 839 2644; x_wconf 88' lang='lat' dir='ltr'><em>X-XIII;</em></span> <span class='ocrx_word' id='word_1_168' title='bbox 861 2562 980 2647; x_wconf 86' lang='lat' dir='ltr'>Lamy,</span> <span class='ocrx_word' id='word_1_169' title='bbox 1005 2564 1065 2627; x_wconf 83' lang='lat' dir='ltr'>Les</span> <span class='ocrx_word' id='word_1_170' title='bbox 1079 2565 1230 2628; x_wconf 72' lang='lat' dir='ltr'>claretieac</span> <span class='ocrx_word' id='word_1_171' title='bbox 1243 2565 1274 2627; x_wconf 86' lang='lat' dir='ltr'>d&#39;</span> <span class='ocrx_word' id='word_1_172' title='bbox 1291 2565 1409 2631; x_wconf 59' lang='lat' dir='ltr'>Oderit:</span> 
     </span>
     <span class='ocr_line' id='line_1_23' title="bbox 293 2658 1407 2750; baseline -0.005 -22"><span class='ocrx_word' id='word_1_173' title='bbox 293 2666 394 2750; x_wconf 78' lang='lat' dir='ltr'>prena</span> <span class='ocrx_word' id='word_1_174' title='bbox 410 2663 530 2741; x_wconf 79' lang='lat' dir='ltr'>Partis,</span> <span class='ocrx_word' id='word_1_175' title='bbox 547 2662 567 2725; x_wconf 81' lang='lat' dir='ltr'>l’</span> <span class='ocrx_word' id='word_1_176' title='bbox 580 2661 686 2747; x_wconf 70' lang='lat' dir='ltr'>Epia‘ee</span> <span class='ocrx_word' id='word_1_177' title='bbox 703 2661 919 2745; x_wconf 76' lang='lat' dir='ltr'>schimatiqae</span> <span class='ocrx_word' id='word_1_178' title='bbox 939 2658 1078 2745; x_wconf 80' lang='lat' dir='ltr'>Grecque</span> <span class='ocrx_word' id='word_1_179' title='bbox 1094 2672 1124 2724; x_wconf 90' lang='lat' dir='ltr'>et</span> <span class='ocrx_word' id='word_1_180' title='bbox 1138 2663 1249 2726; x_wconf 78' lang='lat' dir='ltr'>Rosea.</span> <span class='ocrx_word' id='word_1_181' title='bbox 1275 2661 1407 2725; x_wconf 63' lang='lat' dir='ltr'>Maecio</span> 
     </span>
     <span class='ocr_line' id='line_1_24' title="bbox 299 2756 1405 2844; baseline -0.005 -18"><span class='ocrx_word' id='word_1_182' title='bbox 299 2764 383 2826; x_wconf 86' lang='grc'><em>1881</em></span> <span class='ocrx_word' id='word_1_183' title='bbox 395 2785 405 2840; x_wconf 88' lang='grc'>,·</span> <span class='ocrx_word' id='word_1_184' title='bbox 428 2757 684 2844; x_wconf 77' lang='lat' dir='ltr'>Hergenrhther,</span> <span class='ocrx_word' id='word_1_185' title='bbox 705 2759 746 2823; x_wconf 89' lang='lat' dir='ltr'>K.</span> <span class='ocrx_word' id='word_1_186' title='bbox 767 2756 805 2822; x_wconf 79' lang='lat' dir='ltr'>G.</span> <span class='ocrx_word' id='word_1_187' title='bbox 825 2758 864 2822; x_wconf 90' lang='lat' dir='ltr'>B.</span> <span class='ocrx_word' id='word_1_188' title='bbox 881 2760 906 2822; x_wconf 90' lang='lat' dir='ltr'>I.</span> <span class='ocrx_word' id='word_1_189' title='bbox 923 2781 960 2844; x_wconf 82' lang='lat' dir='ltr'>p.</span> <span class='ocrx_word' id='word_1_190' title='bbox 978 2761 1045 2822; x_wconf 82' lang='lat'>663</span> <span class='ocrx_word' id='word_1_191' title='bbox 1064 2781 1145 2844; x_wconf 64' lang='lat' dir='ltr'>aeq-‚⁸</span> <span class='ocrx_word' id='word_1_192' title='bbox 1167 2759 1205 2823; x_wconf 86' lang='grc' dir='ltr'>Β.</span> <span class='ocrx_word' id='word_1_193' title='bbox 1221 2760 1282 2824; x_wconf 86' lang='grc' dir='ltr'><em>ΙΙΙ.</em></span> <span class='ocrx_word' id='word_1_194' title='bbox 1303 2784 1336 2844; x_wconf 92' lang='lat' dir='ltr'>p.</span> <span class='ocrx_word' id='word_1_195' title='bbox 1351 2761 1405 2823; x_wconf 79' lang='lat'>231</span> 
     </span>
    </p>
   </div>
   <div class='ocr_carea' id='block_1_3' title="bbox 299 2855 1013 2946">
    <p class='ocr_par' dir='ltr' id='par_1_3' title="bbox 299 2855 1013 2946">
     <span class='ocr_line' id='line_1_25' title="bbox 299 2855 1013 2946; baseline -0.004 -22"><span class='ocrx_word' id='word_1_196' title='bbox 299 2883 375 2946; x_wconf 71' lang='lat' dir='ltr'>sqq,</span> <span class='ocrx_word' id='word_1_197' title='bbox 398 2858 456 2924; x_wconf 87' lang='lat' dir='ltr'>ubi</span> <span class='ocrx_word' id='word_1_198' title='bbox 482 2859 580 2921; x_wconf 92' lang='lat' dir='ltr'>etiam</span> <span class='ocrx_word' id='word_1_199' title='bbox 604 2855 661 2920; x_wconf 91' lang='lat' dir='ltr'>alii</span> <span class='ocrx_word' id='word_1_200' title='bbox 685 2867 835 2920; x_wconf 85' lang='lat' dir='ltr'>auctores</span> <span class='ocrx_word' id='word_1_201' title='bbox 859 2857 1013 2922; x_wconf 88' lang='lat' dir='ltr'>citantur.</span> 
     </span>
    </p>
   </div>
   <div class='ocr_carea' id='block_1_4' title="bbox 320 3143 1388 3453">
    <p class='ocr_par' dir='ltr' id='par_1_4' title="bbox 320 3143 1388 3453">
     <span class='ocr_line' id='line_1_26' title="bbox 839 3143 874 3210; baseline 0 -4"><span class='ocrx_word' id='word_1_202' title='bbox 839 3143 874 3210; x_wconf 84' lang='lat'>1.</span> 
     </span>
     <span class='ocr_line' id='line_1_27' title="bbox 320 3255 1388 3338; baseline -0.007 -13"><span class='ocrx_word' id='word_1_203' title='bbox 320 3261 391 3325; x_wconf 87' lang='lat' dir='ltr'>De</span> <span class='ocrx_word' id='word_1_204' title='bbox 414 3259 578 3325; x_wconf 75' lang='lat' dir='ltr'>cauete</span> <span class='ocrx_word' id='word_1_205' title='bbox 599 3257 771 3336; x_wconf 26' lang='lat' dir='ltr'>*quaem</span> <span class='ocrx_word' id='word_1_206' title='bbox 792 3257 1003 3322; x_wconf 68' lang='lat' dir='ltr'>schisma</span> <span class='ocrx_word' id='word_1_207' title='bbox 1022 3255 1241 3322; x_wconf 80' lang='lat' dir='ltr'>Ortemtts</span> <span class='ocrx_word' id='word_1_208' title='bbox 1257 3271 1388 3338; x_wconf 79' lang='lat' dir='ltr'>prae·</span> 
     </span>
     <span class='ocr_line' id='line_1_28' title="bbox 686 3377 1022 3453; baseline -0.006 -16"><span class='ocrx_word' id='word_1_209' title='bbox 686 3377 919 3453; x_wconf 75' lang='lat' dir='ltr'>paratam</span> <span class='ocrx_word' id='word_1_210' title='bbox 943 3377 1022 3436; x_wconf 85' lang='lat' dir='ltr'>eet.</span> 
     </span>
    </p>
   </div>
   <div class='ocr_carea' id='block_1_5' title="bbox 152 3530 1405 4301">
    <p class='ocr_par' dir='ltr' id='par_1_5' title="bbox 299 3530 1405 4010">
     <span class='ocr_line' id='line_1_29' title="bbox 388 3530 1405 3612; baseline -0.01 -14"><span class='ocrx_word' id='word_1_211' title='bbox 388 3535 419 3598; x_wconf 85' lang='lat'>3.</span> <span class='ocrx_word' id='word_1_212' title='bbox 456 3533 567 3612; x_wconf 75' lang='lat' dir='ltr'>Quum</span> <span class='ocrx_word' id='word_1_213' title='bbox 601 3530 745 3596; x_wconf 87' lang='lat' dir='ltr'>schisma</span> <span class='ocrx_word' id='word_1_214' title='bbox 767 3530 877 3595; x_wconf 91' lang='lat' dir='ltr'>Photii</span> <span class='ocrx_word' id='word_1_215' title='bbox 909 3540 1047 3596; x_wconf 90' lang='lat' dir='ltr'>eventus</span> <span class='ocrx_word' id='word_1_216' title='bbox 1080 3530 1180 3594; x_wconf 87' lang='lat' dir='ltr'>fuerit</span> <span class='ocrx_word' id='word_1_217' title='bbox 1209 3532 1327 3594; x_wconf 88' lang='lat' dir='ltr'>summi</span> <span class='ocrx_word' id='word_1_218' title='bbox 1350 3551 1405 3591; x_wconf 90' lang='lat' dir='ltr'>mo·</span> 
     </span>
     <span class='ocr_line' id='line_1_30' title="bbox 300 3627 1403 3714; baseline -0.007 -18"><span class='ocrx_word' id='word_1_219' title='bbox 300 3633 416 3712; x_wconf 90' lang='lat' dir='ltr'>menti,</span> <span class='ocrx_word' id='word_1_220' title='bbox 441 3630 583 3714; x_wconf 87' lang='lat' dir='ltr'>indeque</span> <span class='ocrx_word' id='word_1_221' title='bbox 608 3628 755 3692; x_wconf 86' lang='lat' dir='ltr'>dimanet</span> <span class='ocrx_word' id='word_1_222' title='bbox 778 3629 891 3692; x_wconf 91' lang='lat' dir='ltr'>scissio</span> <span class='ocrx_word' id='word_1_223' title='bbox 916 3627 971 3692; x_wconf 91' lang='lat' dir='ltr'>illa</span> <span class='ocrx_word' id='word_1_224' title='bbox 995 3629 1124 3692; x_wconf 90' lang='lat' dir='ltr'>funesta</span> <span class='ocrx_word' id='word_1_225' title='bbox 1149 3630 1235 3694; x_wconf 91' lang='lat' dir='ltr'>inter</span> <span class='ocrx_word' id='word_1_226' title='bbox 1258 3627 1403 3694; x_wconf 83' lang='lat' dir='ltr'>Occiden-</span> 
     </span>
     <span class='ocr_line' id='line_1_31' title="bbox 299 3725 1402 3812; baseline -0.009 -20"><span class='ocrx_word' id='word_1_227' title='bbox 299 3741 365 3794; x_wconf 89' lang='lat' dir='ltr'>tem</span> <span class='ocrx_word' id='word_1_228' title='bbox 390 3739 422 3792; x_wconf 92' lang='lat' dir='ltr'>et</span> <span class='ocrx_word' id='word_1_229' title='bbox 436 3727 615 3804; x_wconf 87' lang='lat' dir='ltr'>Orientem,</span> <span class='ocrx_word' id='word_1_230' title='bbox 641 3749 726 3812; x_wconf 88' lang='lat' dir='ltr'>quae</span> <span class='ocrx_word' id='word_1_231' title='bbox 741 3725 853 3791; x_wconf 87' lang='lat' dir='ltr'>adhuc</span> <span class='ocrx_word' id='word_1_232' title='bbox 871 3727 906 3789; x_wconf 91' lang='lat' dir='ltr'>in</span> <span class='ocrx_word' id='word_1_233' title='bbox 922 3725 992 3790; x_wconf 88' lang='lat' dir='ltr'>dies</span> <span class='ocrx_word' id='word_1_234' title='bbox 1007 3738 1204 3812; x_wconf 89' lang='lat' dir='ltr'>perseverat,</span> <span class='ocrx_word' id='word_1_235' title='bbox 1230 3735 1266 3789; x_wconf 88' lang='lat' dir='ltr'>ut</span> <span class='ocrx_word' id='word_1_236' title='bbox 1280 3739 1402 3790; x_wconf 78' lang='lat' dir='ltr'>eventus</span> 
     </span>
     <span class='ocr_line' id='line_1_32' title="bbox 300 3820 1402 3913; baseline -0.009 -23"><span class='ocrx_word' id='word_1_237' title='bbox 300 3837 460 3913; x_wconf 86' lang='lat' dir='ltr'>quantum</span> <span class='ocrx_word' id='word_1_238' title='bbox 492 3826 647 3890; x_wconf 88' lang='lat' dir='ltr'>convenit</span> <span class='ocrx_word' id='word_1_239' title='bbox 679 3822 906 3907; x_wconf 88' lang='lat' dir='ltr'>intelligantur</span> <span class='ocrx_word' id='word_1_240' title='bbox 939 3835 971 3887; x_wconf 93' lang='lat' dir='ltr'>et</span> <span class='ocrx_word' id='word_1_241' title='bbox 995 3825 1254 3909; x_wconf 84' lang='lat' dir='ltr'>perspiciantur,</span> <span class='ocrx_word' id='word_1_242' title='bbox 1284 3820 1402 3909; x_wconf 82' lang='lat' dir='ltr'>jurabit</span> 
     </span>
     <span class='ocr_line' id='line_1_33' title="bbox 300 3919 1402 4010; baseline -0.005 -22"><span class='ocrx_word' id='word_1_243' title='bbox 300 3926 415 4010; x_wconf 89' lang='lat' dir='ltr'>paucis</span> <span class='ocrx_word' id='word_1_244' title='bbox 447 3943 630 4006; x_wconf 87' lang='lat' dir='ltr'>exponere,</span> <span class='ocrx_word' id='word_1_245' title='bbox 666 3920 773 4006; x_wconf 86' lang='lat' dir='ltr'>qualis</span> <span class='ocrx_word' id='word_1_246' title='bbox 796 3921 896 3985; x_wconf 82' lang='lat' dir='ltr'>fuerit</span> <span class='ocrx_word' id='word_1_247' title='bbox 919 3945 958 3986; x_wconf 90' lang='lat' dir='ltr'>ea</span> <span class='ocrx_word' id='word_1_248' title='bbox 981 3931 1087 3986; x_wconf 89' lang='lat' dir='ltr'>aetate</span> <span class='ocrx_word' id='word_1_249' title='bbox 1111 3922 1249 3986; x_wconf 79' lang='lat' dir='ltr'>cond-itio</span> <span class='ocrx_word' id='word_1_250' title='bbox 1273 3919 1402 3986; x_wconf 79' lang='lat' dir='ltr'>ecciesiae</span> 
     </span>
    </p>

    <p class='ocr_par' dir='ltr' id='par_1_6' title="bbox 152 4015 1401 4301">
     <span class='ocr_line' id='line_1_34' title="bbox 152 4015 1401 4105; baseline -0.011 -17"><span class='ocrx_word' id='word_1_251' title='bbox 152 4041 266 4082; x_wconf 65' lang='lat' dir='ltr'>mura</span> <span class='ocrx_word' id='word_1_252' title='bbox 304 4021 461 4101; x_wconf 82' lang='lat' dir='ltr'>CPtanae,</span> <span class='ocrx_word' id='word_1_253' title='bbox 486 4029 518 4084; x_wconf 90' lang='lat' dir='ltr'>et</span> <span class='ocrx_word' id='word_1_254' title='bbox 539 4043 701 4105; x_wconf 86' lang='lat' dir='ltr'>quaenam</span> <span class='ocrx_word' id='word_1_255' title='bbox 718 4018 886 4084; x_wconf 90' lang='lat' dir='ltr'>adfuerint</span> <span class='ocrx_word' id='word_1_256' title='bbox 902 4020 1044 4104; x_wconf 78' lang='lat' dir='ltr'>permina</span> <span class='ocrx_word' id='word_1_257' title='bbox 1066 4017 1201 4103; x_wconf 90' lang='lat' dir='ltr'>lugendi</span> <span class='ocrx_word' id='word_1_258' title='bbox 1219 4017 1305 4082; x_wconf 91' lang='lat' dir='ltr'>illius</span> <span class='ocrx_word' id='word_1_259' title='bbox 1318 4015 1401 4080; x_wconf 85' lang='lat' dir='ltr'>schis-</span> 
     </span>
     <span class='ocr_line' id='line_1_35' title="bbox 172 4103 1401 4203; baseline -0.008 -20"><span class='ocrx_word' id='word_1_260' title='bbox 172 4103 255 4152; x_wconf 48' lang='grc' dir='ltr'>Μ·</span> <span class='ocrx_word' id='word_1_261' title='bbox 301 4121 407 4184; x_wconf 89' lang='lat' dir='ltr'>matis.</span> <span class='ocrx_word' id='word_1_262' title='bbox 427 4157 466 4166; x_wconf 89' lang='lat'><em>-</em></span> <span class='ocrx_word' id='word_1_263' title='bbox 486 4117 570 4182; x_wconf 90' lang='lat' dir='ltr'>Inde</span> <span class='ocrx_word' id='word_1_264' title='bbox 593 4141 614 4182; x_wconf 94' lang='lat' dir='ltr'>a</span> <span class='ocrx_word' id='word_1_265' title='bbox 629 4116 845 4202; x_wconf 90' lang='lat' dir='ltr'>Metrophane</span> <span class='ocrx_word' id='word_1_266' title='bbox 869 4124 913 4203; x_wconf 72' lang='lat' dir='ltr'>(a.</span> <span class='ocrx_word' id='word_1_267' title='bbox 930 4119 1019 4200; x_wconf 80' lang='lat'>315),</span> <span class='ocrx_word' id='word_1_268' title='bbox 1045 4139 1142 4203; x_wconf 91' lang='lat' dir='ltr'>quem</span> <span class='ocrx_word' id='word_1_269' title='bbox 1159 4117 1301 4200; x_wconf 89' lang='lat' dir='ltr'>primum</span> <span class='ocrx_word' id='word_1_270' title='bbox 1316 4115 1401 4178; x_wconf 82' lang='lat' dir='ltr'>fuisse</span> 
     </span>
     <span class='ocr_line' id='line_1_36' title="bbox 301 4211 1401 4301; baseline -0.006 -22"><span class='ocrx_word' id='word_1_271' title='bbox 301 4217 459 4301; x_wconf 83' lang='lat' dir='ltr'>Byzantii</span> <span class='ocrx_word' id='word_1_272' title='bbox 476 4215 660 4301; x_wconf 90' lang='lat' dir='ltr'>praesulem</span> <span class='ocrx_word' id='word_1_273' title='bbox 674 4215 794 4278; x_wconf 88' lang='lat' dir='ltr'>eruditi</span> <span class='ocrx_word' id='word_1_274' title='bbox 808 4215 1009 4299; x_wconf 87' lang='lat' dir='ltr'>existimant,</span> <span class='ocrx_word' id='word_1_275' title='bbox 1027 4237 1129 4300; x_wconf 88' lang='lat' dir='ltr'>nsque</span> <span class='ocrx_word' id='word_1_276' title='bbox 1141 4211 1185 4278; x_wconf 87' lang='lat' dir='ltr'>ad</span> <span class='ocrx_word' id='word_1_277' title='bbox 1203 4237 1228 4279; x_wconf 91' lang='lat' dir='ltr'>s.</span> <span class='ocrx_word' id='word_1_278' title='bbox 1242 4214 1401 4299; x_wconf 77' lang='lat' dir='ltr'>Ignatinm</span> 
     </span>
    </p>
   </div>
   <div class='ocr_carea' id='block_1_6' title="bbox 0 0 1471 4836">
    <p class='ocr_par' dir='ltr' id='par_1_7' title="bbox 0 0 1471 4836">
     <span class='ocr_line' id='line_1_37' title="bbox 0 0 1471 4836; baseline 0 0"><span class='ocrx_word' id='word_1_279' title='bbox 0 0 1471 4836; x_wconf 95' lang='lat' dir='ltr'> </span> 
     </span>
    </p>
   </div>
  </div>
 </body>
</html>
