2904 4834
314 525 349 579 16
501 525 605 580 XVIII.
626 525 666 579 De
684 525 812 581 Romanis
830 525 1006 581 Pontificibus
1024 527 1126 582 meruli
1144 529 1248 584 decimi

313 670 477 752 conditio,
511 693 611 756 quam
636 671 985 754 commemoravimus,
1019 683 1252 757 exaggeratam
1276 683 1407 738 umens

313 768 424 834 multis
441 790 511 832 esse
526 768 832 833 animadvertimus.
854 805 889 816 -
914 769 967 832 De
982 767 1070 833 illius
1084 771 1201 834 aetatis
1215 769 1410 836 Pontificibus

312 889 448 952 agemus
472 867 573 950 igitur
596 868 711 930 critica
736 889 816 930 sana
840 865 1007 949 adhibita,
1042 869 1089 932 ita
1112 877 1149 931 ut
1172 891 1257 954 quae
1280 892 1353 933 vera
1376 871 1411 932 iu-

312 967 492 1030 veuiuntur
515 964 604 1028 band
628 974 788 1050 tegamus,
813 987 898 1050 quae
915 965 1056 1030 conficta
1070 960 1124 1029 v'el
1141 969 1336 1052 exaggerata
1350 979 1410 1030 sunt

310 1063 510 1148 rejiciamus,
532 1085 617 1148 quae
637 1062 739 1126 dubia
759 1073 923 1148 apparent
929 1062 982 1126 vel
998 1065 1031 1128 in
1045 1065 1182 1149 ancipiti
1196 1064 1412 1151 relinquamus.

311 1159 365 1224 vel
389 1159 477 1245 quod
501 1161 572 1224 veri
597 1159 737 1224 similius
761 1160 894 1225 videmr
916 1160 1111 1227 indicemus.

404 1259 455 1324 17.
487 1257 674 1322 Axos-nae
696 1257 902 1344 (sel-896)
925 1258 1120 1343 pontificatu
1144 1270 1294 1324 auctores
1307 1262 1412 1346 passim

312 1357 485 1422 exordium
515 1354 698 1442 perturbati
723 1365 827 1420 status
850 1378 959 1420 rerum
985 1351 1195 1442 computant,
1231 1359 1338 1422 minus
1360 1361 1414 1444 qui-

312 1453 385 1519 dem
425 1464 560 1540 propter
593 1477 632 1518 ea
662 1476 747 1541 quae
771 1456 842 1540 ipso
867 1453 1052 1519 Ecclesiam
1074 1454 1282 1540 gubernante
1305 1455 1415 1520 accide-

312 1563 399 1634 runt·
422 1574 523 1639 quam
546 1561 680 1638 propter
702 1561 842 1617 eventus
866 1561 938 1637 post
962 1563 1100 1618 mortem
1120 1553 1201 1639 ejus,
1227 1566 1260 1619 et
1275 1553 1316 1618 ob
1336 1575 1414 1617 accu-

312 1652 454 1715 sationes
478 1660 557 1714 tunc
581 1651 615 1714 in
640 1651 747 1735 ipsum
772 1649 926 1735 prolatas.
971 1651 1024 1714 De
1040 1651 1198 1716 Formoso
1223 1653 1336 1738 itaque
1350 1653 1416 1737 ejus-

312 1771 376 1835 que
398 1749 475 1812 fatis
499 1750 610 1828 variis,
641 1747 796 1812 secundis
819 1757 918 1834 atque
942 1747 1100 1830 adversis,
1133 1749 1300 1835 quaedam
1324 1750 1415 1813 dicen·

312 1849 479 1912 convenit.
504 1885 547 1894 -
579 1845 663 1910 Inde
695 1845 737 1910 ab
772 1866 859 1909 anno
893 1845 958 1910 864
990 1857 1131 1911 exarante
1162 1847 1341 1912 Formosus
1368 1847 1417 1910 fuit

311 1946 486 2030 episcopus
509 1941 750 2029 Portueusis,¹)
781 1965 922 2030 eumque
954 1943 1101 2009 vidimus
1125 1968 1154 2010 a.
1181 1945 1246 2010 866
1269 1945 1416 2030 legatione

311 2042 401 2128 apud
425 2041 585 2126 Bulgaros
608 2040 761 2105 functum
785 2063 855 2105 esse
879 2063 916 2105 eo
941 2062 1106 2122 successu,
1130 2051 1167 2107 ut
1189 2042 1277 2107 hauc
1303 2045 1417 2130 provin-

312 2142 397 2204 ciam
422 2161 615 2204 conversam
631 2137 708 2203 Sedi
722 2138 933 2224 Apostolieae
957 2139 1151 2222 devinciret,
1170 2140 1339 2228 talemque
1353 2139 1416 2204 obti-

311 2248 404 2303 neret
426 2237 516 2324 apud
531 2237 730 2302 Michaelem
750 2259 860 2322 regem
876 2238 1033 2320 favorem,
1058 2247 1095 2302 ut
1108 2240 1207 2303 enixe
1223 2249 1419 2324 expeteretur

311 2336 355 2400 ab
388 2338 458 2422 ipso
492 2345 649 2422 tanquam
683 2334 902 2419 Bulgarorum
937 2335 1215 2422 archiepiscopus.
1275 2335 1417 2402 Petitioni

311 2433 402 2498 haud
425 2433 574 2498 obsecuti
599 2443 676 2498 sunt
690 2433 847 2498 Nicolaus
862 2443 894 2496 et
908 2433 1099 2498 Hadrianus
1114 2435 1305 2500 Pontifices.
1337 2435 1418 2498 Forte

311 2531 395 2596 aliae
420 2553 550 2618 quoque
575 2532 655 2617 ipsis
678 2541 773 2596 erant
795 2533 948 2611 rationes,
974 2532 1030 2596 sed
1055 2555 1094 2596 ea
1117 2531 1243 2618 prolata
1258 2545 1321 2615 est,
1346 2529 1419 2618 quod

310 2631 503 2714 episcopum
527 2630 569 2693 ad
593 2629 693 2694 aliam
718 2629 828 2693 sedem
854 2629 1030 2693 mansfeme
1046 2651 1113 2694 non
1129 2629 1317 2715 expediret.
1353 2630 1418 2694 Erat

310 2725 393 2791 baec
426 2727 560 2814 quidem
592 2729 675 2791 ratio
707 2749 766 2812 per
795 2750 829 2791 se
854 2728 925 2814 jam
954 2730 1165 2812 gravissima,
1200 2749 1239 2792 eo
1264 2727 1355 2816 quod
1375 2725 1419 2790 illa

310 2834 417 2889 aetate
432 2825 663 2890 translationes
677 2824 866 2911 praesulum
882 2828 916 2890 in
930 2825 1112 2891 Occidente
1123 2826 1223 2913 juxta
1234 2825 1419 2891 Latinorum

311 2923 520 3010 disciplinam
551 2926 734 3008 generatim
757 2923 1039 3009 improbarentur,
1071 2924 1219 3010 adeoque
1243 2926 1420 2989 rarissimas

310 3029 421 3085 essent
450 3032 481 3085 et
512 3023 643 3086 nonnisi
674 3021 716 3086 ob
747 3024 871 3086 motiva
903 3023 1022 3088 summi
1048 3023 1204 3087 momenti
1230 3023 1419 3088 acciderent

311 3118 459 3205 Apparet
488 3129 600 3185 tamen
631 3143 673 3184 ex
696 3119 764 3200 his,
796 3119 991 3186 Formosum
1015 3121 1114 3184 fuisse
1138 3121 1249 3185 virum
1274 3124 1310 3186 in
1336 3120 1422 3185 rebus

309 3218 447 3301 agendis
471 3217 568 3282 valde
592 3220 734 3304 peritum
759 3229 951 3304 magnoque
969 3220 1002 3283 in
1028 3217 1150 3282 honore
1167 3217 1333 3284 habitum.
1366 3217 1419 3296 Qui

311 3314 388 3378 dein
413 3318 514 3380 variis
538 3318 572 3381 iu
596 3319 736 3401 negotiis
757 3315 835 3381 Sodi
855 3316 1066 3402 Apostolicae
1087 3315 1204 3394 adfuit,
1228 3315 1419 3401 legationem

311 3434 440 3500 quoque
473 3413 556 3478 obiit
586 3438 616 3479 a.
642 3415 706 3479 872
735 3415 777 3478 ad
801 3415 1012 3479 Ludovicnm
1036 3413 1237 3480 Germaniae
1260 3435 1374 3500 regem
1394 3427 1419 3474 et

310 3509 553 3598 Engelbergam
576 3512 836 3598 Imperatricem.

402 3637 452 3702 18.
486 3635 552 3702 Sed
575 3660 604 3703 a.
630 3638 705 3720 876,
730 3640 778 3702 uti
797 3639 869 3724 jam
893 3637 972 3702 alibi
997 3635 1184 3721 vidimus‚¹)
1208 3636 1387 3701 Formosus
1406 3657 1420 3694 o

233 3737 266 3766 ¹²¹·
310 3733 332 3798 J
334 3755 441 3798 oanne
453 3733 538 3798 VIII
553 3738 663 3801 varias
679 3735 721 3800 ob
737 3739 963 3802 accusationes
979 3757 1055 3800 cum
1071 3733 1220 3822 pluribus
1237 3733 1420 3820 proceribus

311 3833 346 3895 in
356 3831 522 3918 judicium
538 3843 676 3899 vocatus
691 3845 749 3911 est,
774 3857 943 3921 quumque
957 3834 1147 3920 aufugisset,
1165 3832 1218 3897 die
1239 3833 1280 3896 19
1297 3828 1420 3918 Aprilis,

311 3940 409 4015 atque
439 3933 556 4010 iterum
583 3933 636 3997 die
660 3933 703 3998 30
726 3933 831 4015 Junii,
856 3933 1031 3998 damnatus
1055 3943 1153 4017 atque
1177 3931 1350 4015 depositus
1372 3942 1420 3991 est.

384 4162 404 4226 ¹)
423 4162 556 4218 Successit
581 4164 721 4218 Formosus
747 4163 775 4218 in
800 4163 955 4230 episcopatu
973 4162 1072 4218 Portus
1090 4160 1238 4226 Rodoaldo,
1266 4161 1315 4228 qui
1342 4173 1420 4214 meses

310 4241 455 4297 Novembri
474 4259 498 4296 a.
518 4245 571 4298 864
590 4245 618 4298 in
637 4244 738 4310 synodo
757 4244 878 4298 Romans
897 4260 914 4296 a
931 4243 1041 4297 Nicolao
1058 4243 1073 4296 1
1091 4242 1229 4309 depositas
1248 4249 1300 4298 est

382 4321 406 4390 ²)
426 4322 482 4377 Clr.
502 4324 646 4378 Dissertat.
666 4323 724 4378 XV.
756 4325 795 4378 De
814 4323 930 4391 Imperio
949 4330 977 4378 et
996 4323 1029 4377 de
1047 4322 1166 4377 Ecclesia
1184 4337 1252 4376 saec
1272 4321 1321 4376 lx
1342 4337 1366 4375 n
1384 4322 1420 4374 ὀῖ.
