3002 4836
464 520 669 576 Dissertationis
687 521 798 578 indoles.
1156 521 1192 578 08

87 663 149 728 rsle
168 665 362 745 restituatur,
387 667 435 730 ita
458 666 604 730 maxime
627 666 785 730 convenit
808 675 923 730 contra
939 665 1110 730 Ecclesiae
1133 665 1190 730 ad-

88 763 232 827 versarios
254 784 297 826 cx
320 762 457 827 historia
481 783 611 850 quoque
634 761 823 847 ostendere,
847 773 971 850 quanto
990 765 1067 850 jure
1090 785 1191 850 qnan-

85 876 173 946 uque
194 862 397 926 necessitatis
420 861 455 924 vi
475 862 536 926 iste
551 861 759 946 principatus
781 861 936 928 ¹conditus
959 863 1011 943 sit,
1036 871 1070 928 et
1091 883 1191 948 quam

86 956 177 1022 multa
205 968 236 1021 et
269 959 417 1023 maxima
449 957 538 1022 bona
568 958 647 1024 inde
671 957 840 1024 Ecclesiae
868 968 902 1023 et
924 961 1074 1024 societati
1098 958 1192 1024 civili

85 1058 294 1139 provenerint.
320 1055 433 1136 Quum
453 1056 496 1121 ad
515 1077 588 1120 eam
607 1057 708 1142 igitur
728 1058 762 1120 in
784 1067 896 1122 nostra
911 1058 1107 1122 tractatione
1121 1079 1191 1144 per-

85 1155 260 1218 venerimus
276 1165 428 1235 seusam,
446 1176 511 1240 qua
526 1155 733 1239 principatus
748 1153 856 1219 civilis
871 1155 1013 1219 Romani
1022 1154 1192 1220 Pontificis

84 1273 169 1314 snum
179 1251 297 1316 habuit
308 1265 426 1332 ortum,
443 1251 484 1316 de
498 1251 660 1337 ejusmodi
675 1253 802 1337 origine
811 1252 875 1316 hac
884 1252 1123 1318 Dissertatione
1136 1252 1192 1317 ali-

84 1359 195 1434 quanto
227 1351 416 1414 accuratius
449 1371 596 1434 agemus.
651 1349 814 1415 Auctores
846 1359 1064 1435 protestantes
1093 1351 1190 1434 varii,

83 1445 172 1510 etalii
187 1448 363 1532 scriptores
378 1449 435 1534 qui
459 1455 571 1512 nostro
594 1457 740 1533 tempore
764 1451 971 1526 eversionem
984 1447 1190 1533 principatus

84 1543 160 1608 illius
190 1553 430 1632 praepararunt
463 1555 495 1607 et
533 1544 765 1628 vindicarunt,
796 1544 923 1612 artibus
955 1555 988 1609 et
1018 1545 1191 1614 ambitioni

84 1641 297 1706 Romanorum
320 1641 520 1708 Pontificum
544 1641 747 1728 adscribunt,
772 1643 861 1728 quod
884 1665 905 1707 a
918 1644 1121 1708 Francorum
1144 1665 1191 1706 re·

82 1738 171 1823 gibus
193 1740 300 1826 adjuti
333 1741 444 1804 varias
467 1742 618 1824 regiones
640 1739 757 1804 Italiae
788 1740 1030 1826 Imperatorum
1054 1743 1192 1805 orienta-

82 1837 155 1902 lium
185 1837 405 1904 dominationi
435 1837 669 1921 subtraxerint,
703 1849 802 1924 atquo
832 1840 883 1904 ita
901 1839 1126 1925 principatum
1150 1841 1192 1903 ci·

83 1934 176 2002 vilem
207 1935 434 2002 formaverint.
481 1933 547 2000 Sed
571 1936 769 2016 videbimus,
804 1956 934 2000 summa
957 1957 1032 2000 cum
1051 1937 1192 2022 justitia,

81 2055 118 2096 ac
139 2035 332 2099 necessitate
356 2043 503 2118 cogente,
528 2056 549 2097 a
571 2034 728 2098 Romanis
750 2033 969 2100 Pontificibus
993 2033 1083 2098 hunc
1106 2037 1192 2120 prin·

81 2133 223 2217 cipetum
257 2131 391 2198 civilem
423 2141 598 2218 acceptum
630 2133 740 2217 potius
770 2153 840 2196 esse
872 2151 972 2217 quam
995 2134 1192 2218 quaesitum,

83 2251 138 2292 nec
157 2229 236 2314 jura
259 2228 498 2314 Imperatorum
522 2229 731 2294 orientalium
763 2229 827 2294 lrac
849 2231 884 2294 in
906 2251 943 2292 re
964 2229 1054 2295 laesa
1080 2231 1192 2296 fuisse.

81 2327 225 2412 Agemm
246 2326 391 2412 primum
414 2327 453 2392 de
486 2329 592 2392 courir
615 2338 707 2413 utque
730 2326 899 2406 enecabat,
923 2327 1034 2414 quiue
1053 2351 1192 2416 proepo-

81 2436 170 2490 ratus
198 2434 245 2488 est
262 2425 467 2511 principatus
498 2424 602 2489 eluto
629 2427 768 2489 Romani
790 2423 972 2511 Pontificis;
1010 2425 1132 2491 deiude
1154 2427 1194 2491 de

73 2523 268 2608 functione
290 2523 383 2612 injus
398 2524 615 2608 principatus.
663 2522 775 2604 Quum
807 2544 886 2587 vero
915 2522 978 2587 lrac
1011 2525 1045 2588 in
1068 2545 1104 2588 re
1127 2545 1194 2589 ma·

81 2622 158 2684 nimi
173 2620 336 2684 momenti
357 2619 458 2684 inerit
480 2621 639 2705 protectio
663 2612 763 2706 quain
778 2621 983 2686 Francorum
1005 2641 1100 2707 reges
1113 2622 1192 2688 Sedi

81 2715 289 2804 Apostolicae
318 2718 570 2802 praestiterunt,
603 2717 764 2782 hocloco
794 2720 895 2782 etiam
926 2717 968 2783 de
991 2718 1055 2783 illis
1077 2729 1194 2788 tracta·

81 2815 186 2880 bimus
200 2813 418 2894 relationibus,
432 2839 512 2900 quae
522 2814 646 2880 saeculo
663 2827 773 2880 oetaeo
787 2819 871 2880 iuter
884 2815 1049 2900 Perseum
1062 2816 1195 2903 illosque

82 2936 162 2998 repes
185 2923 277 2976 ortae
297 2923 382 2978 unit.
766 2961 769 2966 ·

164 3012 198 3077 3.
224 3009 359 3076 &netuli
392 3021 530 3096 possunt
567 3010 656 3076 hisce
694 3012 735 3076 de
767 3011 1031 3098 quaestionibus:
1078 3012 1194 3096 Conui,
1224 3033 1334 3076 saara.

83 3111 285 3176 eramenta
314 3109 540 3174 emmonis
568 3109 753 3193 Pontificius
786 3133 840 3172 seu
875 3107 981 3174 Codex
1017 3108 1195 3192 Coreliaus,

82 3206 203 3272 Romae
228 3205 326 3272 1760.
353 3243 389 3254 —
416 3205 570 3288 Tbeiner,
590 3203 696 3272 Codex
711 3207 932 3293 diplomaticus
948 3207 1082 3272 dominii
1104 3220 1195 3296 ump.

84 3303 114 3370 S.
145 3303 255 3383 Sedis,
278 3304 402 3368 Romae
428 3303 525 3368 1861.
556 3341 600 3352 -
630 3303 717 3386 Orsi,
741 3301 815 3368 ‹lell’
840 3305 959 3389 oripiae
981 3305 1034 3369 del
1057 3307 1196 3372 dooumo

84 3403 251 3491 temporale
274 3413 330 3468 etc.
353 3402 459 3467 Roma
485 3403 580 3467 1754.
613 3441 657 3450 -
684 3401 885 3484 Muraarelli,
909 3403 1058 3466 Donum
1083 3415 1196 3490 teopro-

84 3500 147 3565 role
170 3499 223 3566 del
246 3501 350 3586 Papa,
373 3499 480 3564 Roma
505 3500 601 3565 1789.
625 3537 669 3548 -
693 3497 859 3580 Gossolin,
885 3499 1021 3563 Pouooir
1043 3501 1087 3565 du
1109 3501 1196 3588 Pope

84 3623 124 3662 nu
144 3621 256 3685 meysa
277 3602 344 3682 epa
369 3635 412 3644 -
435 3597 576 3677 Persidi,
601 3596 731 3662 Attalici
760 3598 872 3660 critica
894 3596 944 3660 srsl
968 3599 1087 3682 eripias
1111 3597 1197 3663 dello

86 3696 252 3782 temporale
275 3695 493 3760 uenenarium
517 3695 570 3760 slei
590 3696 674 3781 Pupi
697 3717 711 3758 e
735 3692 815 3758 salle
839 3693 983 3780 apolopie
1007 3693 1090 3760 dello
1114 3707 1197 3760 stato

83 3805 222 3878 presente
247 3794 283 3858 ru·
304 3803 414 3879 onesta
446 3796 628 3872 soorouito,
660 3793 774 3858 Bastia
805 3791 901 3857 1860.
933 3829 977 3840 -
1008 3793 1196 3879 Brunengo,

90 3891 214 3978 Oripine
237 3890 291 3956 del
313 3891 452 3955 domimo
476 3890 646 3976 mmo
669 3901 724 3956 etc.
748 3890 854 3954 Roma
880 3891 974 3955 1864.
990 3929 1033 3940 -
1048 3890 1197 3956 Mathicu

88 3986 192 4070 Onu,
213 3989 257 4054 Le
274 3990 413 4074 pouooir
437 3988 585 4074 temperet
608 3989 663 4052 des
676 3989 790 4074 Paper,
807 3988 933 4076 josetifie
949 4012 1016 4074 pur
1038 3988 1197 4071 l’lu'atoire,

88 4086 175 4152 Paris
200 4087 296 4154 1863.
318 4123 363 4134 -
386 4085 548 4172 Schurpff,
564 4087 627 4151 Die
646 4087 840 4174 Eatstelruup
862 4086 917 4151 dee
931 4087 1198 4166 Kirctemtaaar,

89 4184 244 4269 Freiburg
275 4183 373 4250 1860.
407 4222 451 4232 -
482 4183 643 4269 Phillips,
676 4185 910 4265 Kirclteureclrt,
935 4183 973 4249 Β.
1006 4185 1067 4248 ΙΙΙ.
1100 4189 1129 4249 1.
1155 4223 1180 4234 -·

90 4281 305 4365 Rohrbacher,
334 4281 667 4366 Universulpmoliiclte
690 4292 757 4362 ete,
771 4281 810 4348 B.
827 4283 883 4346 XI.
908 4285 942 4346 irs
965 4281 1126 4346 deutsche·
1141 4282 1198 4344 Be-

1058 4387 1091 4440 6*
