3054 4834
320 477 374 530 38⁴2
608 475 696 528 xxa.
718 475 908 528 Controversia
927 475 960 528 dc
979 475 1164 530 investituris.

319 620 452 684 dentiae
476 630 508 682 et
532 619 742 682 oeconomiae
768 621 933 703 practicae
958 621 1107 704 quaestio
1133 619 1304 700 agebatur,
1327 622 1427 704 inqua

320 716 491 780 Paschalis
523 737 596 780 eam
622 714 847 796 indulgentiae
872 714 971 798 elegit
995 718 1097 784 viem.
1132 739 1217 802 quae
1242 719 1305 800 ipsi
1328 737 1428 802 oppor-

318 827 409 896 tuna,
435 817 499 878 imo
526 815 711 878 necessaria
726 812 921 895 videbatur,
947 814 1111 900 simulque
1135 813 1295 878 adhibere
1319 814 1430 878 studuit

317 913 476 994 cautelas,
502 911 623 997 quibus
637 911 785 996 pericula
809 921 908 996 atque
932 909 1066 992 abusus,
1092 921 1254 998 quantum
1278 913 1347 976 fieri
1371 935 1429 996 pos-

317 1019 376 1092 set,
413 1021 651 1074 averterentur.
699 1009 811 1087 Quum
837 1029 915 1072 vero
940 1008 1157 1074 nihilominus
1197 1031 1275 1072 mox
1304 1011 1377 1095 jura
1406 1025 1432 1071 et

316 1112 547 1174 auctoritatem
572 1107 741 1171 Ecclesiae
774 1109 915 1170 nimium
949 1129 988 1170 ea
1021 1109 1234 1172 concessione
1265 1107 1432 1192 periclitari

319 1207 412 1271 multi
446 1217 627 1288 censerent,
664 1207 809 1291 episcopi
834 1207 1033 1286 resisterent,
1063 1216 1095 1269 et
1118 1215 1210 1269 aestu
1235 1206 1374 1269 fervoris
1396 1207 1433 1267 in-

317 1307 507 1392 tempestivi
522 1304 625 1390 aliqui
643 1306 741 1368 etiam
759 1304 823 1365 viri
842 1305 989 1384 insignes
1002 1303 1234 1367 vehementius
1251 1305 1433 1367 Pontificem

319 1405 542 1488 increparent,
578 1404 623 1466 ita
654 1412 690 1464 ut
721 1402 798 1464 unio
839 1400 1054 1464 eeclesiarum
1090 1401 1236 1465 convelli
1268 1402 1434 1465 videretur.

319 1503 434 1564 merito
459 1499 671 1585 privilegium
698 1498 786 1562 istud
810 1500 987 1563 rescissum
1012 1510 1045 1562 et
1068 1498 1230 1563 abolitum
1254 1499 1331 1563 fuit.

408 1600 460 1662 34.
509 1599 596 1684 Apte
630 1619 715 1682 quae
746 1595 810 1660 hac
835 1599 868 1660 in
892 1619 926 1659 rc
965 1599 998 1660 in
1023 1597 1194 1661 Paschalis
1217 1599 1366 1661 invenem
1390 1596 1436 1658 ad·

319 1698 402 1760 verti
436 1706 582 1781 possunt,
617 1693 743 1778 colligit
766 1696 954 1759 Annotator
981 1695 1109 1780 Natalis
1133 1695 1332 1763 Alexandri.
1367 1693 1434 1757 dnm

320 1793 487 1858 Gallicani
512 1793 611 1878 hujus
624 1794 768 1856 auctoris
784 1793 983 1856 severiorem
1009 1791 1050 1856 de
1067 1791 1220 1856 Pascheli
1247 1793 1434 1856 sententiam

140 1903 248 1947 Pontifex
265 1918 308 1948 ms·
320 1895 435 1976 carpit.
486 1891 680 1975 ,Quamvis
706 1892 823 1976 inquit,
849 1890 1020 1954 Pasclralis
1045 1893 1077 1954 in
1103 1891 1244 1954 concilio
1268 1915 1289 1953 a
1316 1913 1350 1953 sc
1373 1911 1437 1952 con·

148 1975 298 2087 ’““ζ;ξ““”
320 2000 437 2053 vocato
461 1992 508 2052 rei
532 1990 672 2053 formam
697 1988 941 2074 quodammodo
959 1991 1181 2074 assumpserit,
1208 1991 1288 2074 quia
1303 1989 1435 2051 ilenrico

245 2074 251 2088 ’
320 2089 513 2172 Imperatori
540 2088 810 2150 investiturarum
834 2085 1047 2170 privilegium
1069 2095 1288 2163 concesserat,
1315 2106 1377 2149 non
1393 2086 1436 2146 de·

316 2186 451 2248 fuerunt
474 2194 583 2250 tamen
611 2185 666 2269 qui
692 2195 772 2248 tunc
797 2185 896 2248 etiam
922 2183 963 2246 ab
989 2185 1079 2248 omui
1105 2182 1202 2268 culpa
1227 2183 1327 2247 illurn
1342 2181 1434 2246 vindi·

317 2285 477 2346 caverint.
525 2281 636 2346 Primo
675 2283 776 2365 igitur
809 2283 843 2345 in
880 2281 995 2344 codem
1032 2280 1207 2366 privilegio
1243 2281 1433 2346 electionum

315 2379 501 2444 libertatem
527 2390 649 2444 sartam
673 2389 861 2466 tectamque
890 2401 960 2442 esse
987 2377 1145 2454 decrevit,
1178 2401 1378 2466 omnemque
1399 2377 1433 2442 ab

316 2480 363 2541 eis
388 2479 562 2542 simoniam
588 2477 790 2542 eliminando
816 2477 916 2540 solius
940 2499 1094 2541 assensus
1113 2479 1196 2562 regii
1214 2480 1433 2542 necessitatem

316 2575 469 2640 indulsit:
495 2599 570 2640 curn
593 2576 648 2648 his
672 2597 750 2638 vero
775 2575 1024 2640 conditionibus
1048 2575 1103 2638 alii
1126 2579 1226 2640 etiam
1241 2578 1431 2641 sanctissimi
1500 2625 1501 2640 r

317 2674 535 2759 Imperatores
560 2675 830 2738 investiturarum
851 2675 927 2758 jure
944 2674 1035 2736 fruiti
1060 2685 1162 2737 erant.
1197 2673 1297 2753 Quod
1325 2673 1432 2738 deinde
1500 2659 1501 2680 ¹

317 2757 480 2857 praestitit
509 2770 699 2852 PasclraliS,
741 2794 805 2834 nou
843 2770 885 2834 ob
922 2769 1163 2834 criminabilem
1201 2771 1433 2858 indulgentiam
1500 2841 1501 2854 ἦ

316 2870 439 2934 facturn
464 2872 691 2956 unusquisque
715 2881 881 2952 agnoscet,
906 2870 932 2932 si
950 2869 1112 2945 observet,
1138 2869 1267 2954 quodsi
1287 2871 1433 2954 prudenti
1500 2857 1501 2918 ἶ

316 2967 563 3052 dispensatione
597 2967 639 3032 ab
674 2969 714 3030 iis
744 2990 829 3052 quae
862 2977 1048 3030 statuerunt
1079 2969 1129 3030 sui
1170 2967 1434 3051 praedecessores

315 3088 382 3130 uon
405 3069 601 3146 recessisset,
626 3089 693 3130 non
718 3063 822 3128 solum
848 3076 962 3128 contra
987 3087 1021 3128 se
1038 3063 1208 3148 irreligiosi
1228 3065 1434 3150 Imperatori>

315 3165 398 3226 iram
424 3167 629 3244 concitasset,
655 3163 713 3226 sed
738 3164 837 3226 etiam
863 3166 968 3247 ipsam
985 3161 1169 3226 Ecclesiam
1196 3165 1229 3226 in
1255 3163 1350 3228 dirae
1374 3186 1433 3250 per·
1500 3165 1501 3198 ³

316 3263 494 3325 secationis
518 3275 549 3326 ct
574 3259 798 3346 irreparabilis
824 3260 1037 3324 dissensionis
1052 3259 1231 3324 discrimen
1248 3262 1430 3346 redegisset.

317 3359 406 3440 Quot
430 3382 507 3424 vero
533 3369 713 3446 suppetunt
744 3360 778 3422 in
803 3357 1026 3422 ecelesiastica
1050 3357 1186 3422 historia
1214 3372 1430 3424 monumenta.
1500 3417 1501 3420 ,

316 3458 437 3543 quibus
461 3461 701 3542 cognoscimus,
734 3480 800 3521 non
825 3455 924 3521 semel
949 3477 991 3518 ex
1016 3455 1212 3542 prudentia-e
1237 3467 1269 3520 et
1294 3458 1430 3522 caritatis

314 3553 443 3638 legibus
468 3577 634 3621 canonum
658 3555 905 3620 observantiam
930 3554 1031 3618 fuisse
1045 3553 1305 3619 dimittendam?
1331 3556 1428 3620 Potuit

314 3653 464 3738 proinde,
489 3655 554 3717 imo
580 3655 695 3719 debuit
720 3651 890 3717 l'aschalis
915 3652 1040 3738 absque
1065 3651 1215 3738 eoquod
1242 3653 1427 3718 violatorum

315 3772 480 3815 canonum
504 3774 580 3815 reus
605 3752 793 3827 haberetur,
820 3754 854 3815 in
879 3750 1117 3815 illacrimandis
1142 3749 1206 3816 illis
1224 3751 1428 3816 circumstan-

315 3850 378 3927 tiis,
411 3850 442 3912 in
469 3849 590 3934 quibus
614 3853 684 3934 ipse
708 3861 741 3912 et
763 3849 914 3912 Ecclesia
938 3849 1094 3911 universa
1118 3860 1197 3911 tunc
1235 3849 1426 3913 versabatur.

315 3967 480 4010 canonum
504 3946 749 4012 observantiam
776 3947 977 4031 dispensare.
1025 3945 1070 4010 Ut
1094 3945 1173 4030 quid
1203 3968 1281 4029 ergo
1306 3968 1426 4010 necesse

314 4056 384 4107 erat
408 4056 455 4107 tot
478 4067 622 4108 canones
647 4068 705 4110 seu
729 4046 854 4108 monita
878 4065 1011 4108 suorum
1027 4043 1327 4128 praedeeessorum,
1351 4063 1424 4129 quac

314 4153 462 4205 recenset
485 4143 621 4222 Natalis,
647 4165 726 4228 prae
744 4141 847 4206 oculis
871 4141 1003 4224 habere,
1028 4165 1070 4206 ex
1094 4141 1216 4227 quibus
1240 4144 1356 4228 patrati
1380 4139 1424 4202 de·

315 4237 383 4301 licti
407 4242 604 4320 gravitatem
629 4251 843 4322 mensuraret,
869 4261 970 4325 quum
992 4251 1025 4303 ct
1045 4240 1107 4324 ipsi
1133 4261 1276 4304 canones
1292 4243 1422 4325 ipsorum
