3002 4836
303 495 340 551 90
560 497 633 552 xm.
654 495 693 550 De
712 493 786 551 uirili
803 495 835 550 R
855 495 994 552 Pontificio
1013 497 1173 567 principatu.

305 640 389 705 sidio
414 663 496 727 opus
530 649 609 706 crat.
656 638 786 725 Opibus
813 641 882 704 suis
905 639 1139 728 Romanaeque
1171 644 1329 710 ecclesias
1362 645 1425 710 fre·

305 748 444 824 quanter
466 737 643 804 Pontifices
667 739 821 824 expensis
850 737 1090 825 multiplicibus
1123 741 1302 807 subvenire
1326 741 1425 808 debc-

304 834 401 918 bsnt3
430 838 554 923 passim
578 837 711 903 monitis
734 838 802 900 suis
825 834 1037 902 rebellionem
1062 839 1345 926 oppositionemve
1360 841 1425 906 Ita-

304 933 410 998 lorum
434 943 548 1000 contra
563 934 748 1001 Orientalcs
764 935 894 1016 sedarc3
918 935 1016 1000 modo
1041 957 1154 1001 curam
1178 959 1273 1002 suam
1297 938 1424 1025 impan-

304 1031 391 1113 dcrc,
410 1042 446 1097 ut
469 1035 677 1099 munirentur
699 1033 791 1098 arces
816 1041 848 1096 et
869 1035 1022 1098 civitates
1046 1045 1159 1099 contra
1182 1034 1352 1117 barbaros,
1368 1034 1423 1098 vel

303 1139 340 1194 nt
363 1129 579 1197 barbarorum
612 1131 754 1216 egressio
784 1130 1011 1217 repelleretur3
1047 1133 1143 1197 modo
1176 1134 1276 1196 etiam
1303 1154 1424 1218 pacem

304 1237 337 1292 et
358 1240 457 1314 pacta
480 1229 657 1295 conciliare
681 1232 767 1295 inter
797 1227 898 1294 Italos
931 1239 963 1293 et
987 1227 1233 1315 Longobardos,
1259 1233 1314 1317 qui
1339 1230 1425 1296 Pon·

302 1325 430 1391 tifioum
455 1325 651 1414 dignitatem
676 1327 779 1392 multo
792 1325 866 1413 plus
882 1327 1119 1393 reverebantur
1142 1349 1241 1414 quam
1266 1328 1425 1394 exarcha-

303 1445 376 1489 rum
400 1435 622 1511 potestatem:

136 1524 283 1598 ⁰³⁸011'51·
395 1523 445 1590 11.
469 1525 569 1590 Tanti
605 1524 740 1588 fuerumt
777 1525 810 1588 in
849 1519 1010 1610 ejusmodi
1048 1524 1150 1607 gestis
1187 1521 1339 1609 Gregorii
1376 1525 1423 1590 bl.

151 1587 276 1629 mm
302 1619 440 1703 labores,
464 1631 621 1710 tantaque
645 1623 839 1687 auctoritate
863 1631 895 1686 et
915 1619 1136 1686 sollicitudine
1160 1621 1194 1686 in
1218 1619 1423 1708 reipublicae

303 1721 435 1804 nogotia
458 1741 528 1784 sesa
551 1722 690 1786 miscere
722 1729 856 1784 coactus
880 1729 943 1797 est,
962 1728 1004 1782 ut
1021 1719 1093 1805 jam
1118 1715 1195 1783 inde
1219 1720 1423 1806 principatui

303 1816 437 1882 cuidam
462 1818 554 1883 civili
570 1817 717 1882 influxus
739 1811 795 1882 ille
809 1817 981 1883 Pontificis
1005 1815 1121 1881 similis
1145 1827 1238 1883 esset.
1271 1815 1422 1883 Plurima

302 1913 402 2001 hujus
426 1914 548 1980 laboris
572 1917 607 1980 in
623 1915 776 2001 Gregorii
801 1913 946 2001 epistolis
963 1924 1039 1979 sunt
1061 1912 1259 1980 testimonia.
1283 1917 1362 1981 Jam
1388 1919 1423 1982 in

302 2033 362 2077 sna
385 2013 428 2077 ad
451 2009 622 2080 Joanncm¹
641 2011 811 2080 OPtanum
836 2013 1010 2098 synodica:
1035 2013 1106 2077 Hoc
1128 2014 1162 2077 iu
1186 2013 1252 2077 loco
1267 2011 1424 2100 (Romae)

301 2112 443 2197 quisquis
459 2123 575 2199 pastor
598 2112 725 2190 dieitur,
750 2113 833 2176 curis
848 2109 1057 2176 exterioribus
1078 2111 1218 2197 praviter
1240 2124 1423 2197 occupatur,

302 2209 351 2272 ita
381 2220 416 2274 ut
449 2233 541 2297 saepe
564 2211 716 2274 incestum
730 2209 806 2294 flat,
829 2221 933 2273 utrum
957 2207 1099 2272 Pastoris
1123 2206 1269 2295 officium,
1294 2233 1337 2272 aa
1362 2221 1422 2274 ter-

300 2307 533 2393 reciprocatis
557 2305 675 2396 apat¹).
721 2305 868 2372 Maxime
901 2327 943 2370 ex
973 2304 1268 2390 Langobardorum
1293 2307 1423 2391 pericu·

302 2401 342 2466 lis
362 2405 424 2468 iata
442 2405 575 2490 negotia
598 2406 773 2491 provenire
790 2403 964 2490 significat,
984 2402 1132 2468 scribens
1154 2401 1277 2468 Joanni
1302 2419 1423 2469 excon-

301 2499 384 2564 suli:
418 2500 506 2568 Sieut
527 2513 660 2591 peccata
682 2525 752 2567 mea
780 2501 988 2583 merebantur,
1019 2523 1083 2565 aon
1107 2501 1331 2582 Romanorum,
1369 2505 1426 2568 sed

302 2597 581 2684 Loapobarsiosum
605 2601 769 2687 episcopas
784 2599 896 2687 factus
911 2621 987 2679 mm,
1011 2621 1140 2685 quarm
1163 2599 1327 2663 siatbiciae
1351 2623 1425 2687 spa-

302 2695 372 2760 tbae
396 2707 481 2776 susat,
507 2709 537 2762 et
558 2699 664 2785 pratia
684 2719 799 2784 poena.
825 2747 856 2762 ..
885 2697 980 2762 Gema
1004 2696 1143 2784 quotidie
1166 2689 1427 2784 compationibus

295 2815 437 2880 pessus,
461 2807 491 2859 et
512 2797 672 2882 respirare
696 2817 759 2860 aaa
782 2793 914 2880 aalao’).
962 2793 1013 2858 Ac
1031 2793 1121 2881 juste
1145 2814 1248 2880 quum
1261 2791 1422 2861 Constan-

301 2891 614 2978 tinae‘Imperatriei
639 2893 798 2958 scriberet
820 2902 945 2978 petens,
970 2902 1007 2957 ut
1029 2891 1219 2956 retunderet
1232 2893 1424 2978 superbiam

301 2989 443 3056 Joennis
467 2988 592 3055 OPtnni
616 2989 749 3055 titulum
780 2989 987 3076 patriarchae
1020 2989 1223 3054 oecumenici
1249 2988 1312 3055 sibi
1337 3013 1425 3056 srrc-

301 3089 420 3172 gantis,
446 3111 505 3153 sua
529 3099 561 3152 et
592 3086 751 3153 ecclesiae
774 3087 943 3153 Romanae
982 3087 1164 3153 intuenda
1196 3087 1426 3155 dominatione

302 3185 542 3271 Imperatorum
567 3195 802 3251 commemorat
825 3187 941 3250 merita
966 3184 1132 3251 scribens:
1175 3185 1296 3272 Vipiuti
1318 3199 1425 3252 autem

294 3287 368 3372 jam
395 3293 425 3346 et
454 3294 568 3370 septena
592 3307 693 3349 ausos
715 3284 871 3362 ducimus,
895 3283 1033 3370 paedia
1057 3283 1114 3346 isac
1137 3281 1212 3348 urbe
1234 3285 1318 3348 iuter
1343 3283 1426 3350 Lou-

301 3379 512 3466 pobardosum
542 3381 669 3466 piadios
694 3381 834 3446 uiuimus.
886 3377 1007 3458 Quibus
1040 3403 1132 3466 quam
1164 3379 1264 3446 muita
1294 3381 1353 3446 bac
1384 3381 1427 3447 ab

302 3477 434 3542 ecclesia
457 3479 653 3565 quotidianis
675 3479 978 3566 diebus‘eropauiua
994 3491 1030 3544 ut
1048 3481 1131 3542 iuter·
1154 3501 1205 3542 eos
1228 3480 1328 3543 visere
1351 3504 1427 3566 pos·

301 3577 408 3656 amus,
433 3577 627 3663 suppereuda
649 3599 713 3641 nou
736 3587 817 3642 sual.
865 3575 929 3642 Sed
949 3577 1082 3641 breuiter
1104 3575 1220 3653 iudico,
1244 3578 1319 3662 prtia
1344 3577 1428 3642 suar

300 3674 337 3738 ia
360 3673 532 3738 Raueaaae
550 3675 701 3761 partibus
722 3674 918 3740 dominorum
935 3677 1045 3762 piatas
1068 3673 1156 3760 apud
1174 3674 1312 3758 primum
1336 3697 1427 3740 exer-

301 3773 396 3835 citum
426 3771 542 3835 Italiae
572 3767 773 3837 saceiiariuru
811 3773 843 3854 (i.
877 3795 905 3838 e.
935 3771 1094 3836 sacellarii
1126 3792 1183 3834 seu
1216 3772 1335 3835 acras-ii
1361 3771 1426 3836 dis-

302 3867 525 3954 pensatorem)
560 3869 660 3946 babet,
693 3871 748 3956 pai
778 3872 883 3935 cauas
906 3867 1195 3956 superuenientibus
1218 3867 1427 3955 quotidianas

302 3989 460 4054 sapsam
473 3963 594 4053 faeiat,
617 3968 665 4030 ita
690 3977 719 4031 et
742 3969 776 4032 ia
808 3969 865 4032 bac
888 3967 962 4033 urbe
990 3967 1026 4031 ia
1049 3967 1153 4031 causis
1177 3963 1294 4030 talibus
1318 3987 1424 4031 aarum

303 4063 491 4128 sacellarius
515 4085 568 4150 epo
592 4085 668 4128 sum.
717 4065 758 4128 Et
783 4075 886 4128 tamea
918 4065 993 4129 baec
1016 4063 1161 4138 ecelesia,
1186 4084 1264 4153 putas
1287 4083 1351 4128 uno
1375 4087 1427 4128 so-

380 4285 403 4356 ¹)
422 4283 489 4353 Epp.
509 4283 539 4338 L.
558 4283 580 4339 l.
599 4283 648 4353 Ep.
669 4285 711 4338 at
1012 4287 1037 4354 ¹)
1056 4279 1096 4340 lb.
1116 4283 1165 4352 Ep.
1184 4283 1226 4336 bo.
