2926 4840
474 539 514 594 De
532 553 612 593 causa
631 536 763 592 wulfadi
1127 537 1180 591 243

72 703 177 764 genere
199 693 307 762 natus,
331 681 517 746 eruditione
541 681 604 745 fuit
620 681 724 757 ‚valde
738 681 888 765 insignis,
913 703 953 744 ae
968 678 1178 766 disciplinam

72 777 313 844 ecclesiasticam
344 778 482 843 sollicite
505 780 608 843 tuitus
631 789 697 860 est,
728 778 787 842 sed
810 779 863 841 vir
886 787 955 842 crat
982 777 1179 843 dominandi

72 877 214 962 cupidus,
246 879 357 941 animo
381 875 502 960 elatus,
534 885 634 963 atque
657 877 700 941 ad
723 876 797 942 lites
821 885 854 939 et
877 875 1082 941 vindicanda
1100 877 1179 962 jura

70 997 142 1060 quaa
176 975 243 1040 sibi
276 977 455 1039 convenire
491 974 691 1060 opinabatur
728 973 813 1038 ultra
850 974 985 1039 modam
1023 977 1178 1040 intentus.

71 1071 168 1152 Quum
194 1073 269 1159 jam
292 1074 401 1159 prima
424 1072 647 1138 adolescentia
670 1070 840 1137 abbatiam
864 1095 890 1137 s.
914 1072 1069 1156 Dionysii
1092 1081 1179 1135 esset

69 1171 231 1254 ingressus,
256 1181 290 1234 et
311 1193 331 1235 a
354 1170 488 1255 regibus
505 1170 635 1236 Galliae
658 1173 761 1235 variis
786 1171 818 1234 iu
840 1171 981 1254 negotiis
996 1169 1177 1251 adhibitus,

67 1291 91 1332 a.
106 1270 166 1334 845
187 1268 459 1355 archiepiscopus
474 1268 669 1333 Rhemensis
692 1269 799 1333 factus
823 1279 882 1333 est.
898 1305 942 1316 —
966 1267 1054 1332 Ante
1069 1269 1177 1353 ipsum

67 1365 153 1453 bajus
175 1365 338 1431 eeclesiae
370 1366 499 1452 praesul
530 1368 593 1432 fuit
616 1365 712 1431 Ebbo
744 1369 855 1451 magni
880 1374 1045 1430 caeterum
1069 1365 1178 1428 meriti

67 1467 125 1546 vir,
157 1464 215 1530 sed
248 1463 395 1528 dissidiis
418 1464 629 1529 Ludovicum
653 1465 750 1529 Pium
782 1468 867 1529 inter
897 1477 929 1528 et
958 1464 1043 1528 filios
1073 1462 1178 1547 impli-

65 1575 156 1628 catus.
201 1563 280 1649 Ipse
308 1562 452 1627 liliorum
475 1573 586 1648 partes
609 1584 766 1648 sequens,
797 1583 884 1626 anno
909 1563 973 1626 883
1006 1583 1081 1626 cum
1105 1559 1179 1625 aliis

66 1661 219 1747 episcopis
255 1661 291 1725 in
324 1671 490 1725 conventu
524 1660 613 1746 apud
648 1659 890 1746 Compendium
923 1658 1036 1723 habito
1069 1658 1177 1723 Ludo·

65 1759 165 1822 vicum
195 1756 355 1846 publicae
378 1757 554 1823 addixerat
586 1760 819 1843 poenitentiae.
866 1757 1060 1822 Ludovicus
1089 1778 1177 1820 anno

64 1865 211 1942 sequente
235 1856 380 1942 Imperio
404 1859 590 1938 restitutus,
621 1855 795 1921 Ebbonem
825 1859 1044 1942 interceptum
1068 1877 1179 1919 mona·

64 1955 154 2018 eticae
178 1956 271 2018 vitae
299 1952 446 2018 tradidit.
493 1955 592 2018 Anno
617 1954 682 2023 835
714 1955 748 2018 in
772 1953 917 2039 generali
941 1954 1063 2040 placito
1087 1952 1178 2040 apud

64 2050 168 2116 villam
184 2051 380 2117 Theodonis
396 2051 521 2133 habito,
546 2052 642 2116 Ebbo
658 2051 879 2116 abdicationis
894 2051 1043 2117 libellum
1060 2050 1179 2116 obtulit
1291 2075 1294 2082 ’

63 2151 239 2236 episcopis,
270 2171 449 2235 eorumque
475 2151 646 2213 sententiis
669 2171 689 2213 a
711 2149 894 2236 pontificali
918 2151 1100 2215 ministerio
1124 2149 1179 2213 ab·

63 2249 173 2311 stinere
192 2248 319 2334 jussus,
345 2250 380 2312 in
404 2249 612 2312 monasteriis
636 2250 740 2312 vitam
764 2249 831 2332 egit
854 2269 958 2334 usque
980 2246 1023 2311 ad
1047 2270 1077 2312 a.
1102 2245 1178 2330 840,

62 2367 118 2430 quo
141 2345 228 2411 obiit
251 2344 445 2409 Ludovicus
459 2345 548 2410 Pius.
596 2345 692 2410 Tunc
717 2345 824 2410 edicto
848 2346 1009 2429 Letharii,
1035 2347 1088 2410 cui
1113 2346 1178 2430 epi·

63 2444 143 2528 scopi
169 2441 292 2528 viginti
317 2443 598 2529 subscripserunt,
629 2442 725 2507 Ebbo
750 2445 785 2509 in
808 2443 920 2508 sedem
947 2443 1178 2525 Rhemensem,

63 2563 139 2626 qnae
171 2541 215 2606 ab
240 2543 313 2627 ejus
336 2541 547 2606 abdicatione
578 2541 736 2623 vacabat,
761 2544 930 2606 restitutus
954 2551 1018 2625 est,
1049 2552 1082 2605 et
1105 2562 1179 2605 con·

61 2649 192 2703 testatus
215 2638 463 2704 abdicationem
488 2636 581 2703 suam
605 2660 671 2703 non
694 2641 796 2704 fuisse
816 2639 965 2722 liberam,
989 2639 1179 2726 pontificale

61 2739 275 2801 ministerium
290 2739 468 2822 resumpsit
480 2758 584 2822 eoque
600 2739 685 2802 sicut
696 2750 794 2802 antea
810 2739 943 2804 functus
955 2750 1013 2804 est.
1033 2737 1178 2802 Biennio

60 2847 134 2918 post,
160 2833 281 2900 Carolo
298 2833 402 2899 Calvo
419 2857 495 2920 rege
510 2834 639 2900 Galliae
661 2847 775 2901 contra
795 2838 929 2902 fratrem
947 2858 1042 2901 suum
1058 2833 1177 2899 Lotha-

59 2933 138 2997 rium
157 2931 314 3016 bellante,
338 2931 434 2997 Ebbo
451 2933 574 2998 relictis
589 2933 724 2999 Rhamis
744 2935 893 3021 confugit
911 2935 953 2998 ad
969 2934 1176 3016 Lotbarium,

60 3040 87 3092 et
115 3053 193 3094 cum
217 3053 256 3095 eo
281 3032 447 3117 profectus
478 3041 528 3108 est
560 3034 596 3096 in
617 3031 759 3097 Italiam.
806 3032 905 3097 Anno
930 3033 994 3098 847
1025 3055 1045 3096 a
1068 3030 1176 3096 Ludo-

59 3131 127 3192 vico
151 3128 353 3194 Germanico
378 3131 604 3215 episcopatum
628 3129 872 3195 Hildesiensem
897 3131 1050 3213 obtinuit,
1080 3131 1176 3215 eique

59 3224 212 3291 ccclesiae
235 3226 380 3312 praefuit
404 3249 507 3313 usque
531 3227 574 3291 ad
598 3238 736 3292 mortem
760 3229 804 3315 (a.
832 3227 921 3314 851).

165 3325 218 3390 27.
249 3323 304 3389 Ad
328 3323 650 3410 archiepiscopatum
665 3325 884 3390 Rhemensem
909 3349 938 3390 a.
954 3327 1018 3391 845
1040 3335 1177 3391 evectus
1195 3337 1263 3380 ἢν·
1277 3334 1337 3379 vur-

59 3431 102 3484 est
115 3421 328 3504 Hincmarus,
353 3423 445 3508 isque
470 3421 615 3503 clericos,
639 3443 722 3509 quos
737 3423 833 3487 Ebbo
856 3434 929 3509 post
945 3437 1174 3512 recuperatum
1239 3395 1293 3440 Μ’

58 3541 84 3584 a.
107 3520 174 3584 840
197 3518 517 3606 archiepiscopatum
541 3519 769 3602 ordinaverat,
803 3521 992 3608 suspendit,
1027 3521 1176 3608 eoquod

61 3613 223 3701 illegitime
240 3616 384 3682 ordinati
402 3627 520 3684 essent.
560 3617 658 3682 Hanc
674 3621 923 3704 suspensionem
938 3622 1058 3683 acriter
1073 3619 1175 3684 Hinc·

59 3735 165 3779 marus
189 3717 290 3780 tuitus
313 3725 380 3798 est,
414 3717 571 3803 quoniam
595 3716 788 3798 verebatur,
812 3737 855 3781 nc
879 3719 906 3781 si
930 3715 977 3781 illi
1002 3717 1114 3782 clerici
1138 3728 1176 3782 ut

58 3811 194 3896 legitimi
224 3813 368 3879 ordinati
401 3814 617 3896 haberentur,
654 3816 753 3879 etiam
777 3817 982 3902 recuperatio
1015 3815 1175 3903 archicpi-

59 3919 208 3996 scopatus
230 3933 289 3998 per
307 3910 483 3977 Ebbonem
506 3910 654 3998 legitima
678 3919 874 3995 censeretur,
899 3913 1048 4001 adeoque
1072 3915 1176 4000 ipsius

60 4007 257 4096 fflincmari)
286 4013 414 4076 evectio
439 4011 482 4076 ad
505 4010 825 4098 archiepiscopatum
848 4011 1070 4078 Rhemeusem
1094 4014 1175 4076 vitio

60 4118 228 4192 appareret
250 4109 379 4176 affecta.
427 4107 494 4174 Sed
516 4110 715 4194 gravissima
738 4109 778 4174 lis
809 4132 852 4174 ex
874 4109 938 4174 hoc
966 4113 1097 4196 negotio
1122 4133 1175 4176 ex-

60 4204 154 4284 arsit3
180 4203 342 4291 adquam
367 4205 588 4272 dirimendam
612 4227 700 4270 anno
725 4207 789 4272 853
818 4207 932 4273 habita
956 4219 1006 4273 est
1029 4209 1176 4294 synodus

61 4299 308 4369 suessionensis.
346 4303 494 4369 Praefati
518 4303 648 4388 clerici,
672 4304 830 4370 videlicet
853 4303 1031 4370 Wull'adus
1054 4316 1087 4368 et
1110 4315 1176 4368 tres

1015 4409 1068 4464 16*
