2904 4834
310 487 362 542 436
625 485 712 540 XVII.
750 484 792 539 De
810 485 954 540 schismate
972 483 1116 541 Photiano.

310 631 428 696 Photio
451 630 573 696 Marini
598 627 768 694 Pontificis
800 627 994 694 electionem
1017 627 1162 693 Basilius
1184 609 1363 714 Iuiperator
1388 645 1420 693 ut

311 728 494 793 invalidam
519 728 644 813 rejecit,
668 747 706 790 eo
731 725 820 812 quod
843 726 885 790 ab
910 725 975 790 alio
992 728 1185 811 episcopatu
1200 725 1360 814 (Cereusi)
1381 729 1419 791 ad

311 828 496 890 Romanum
520 823 697 890 translatus
722 831 815 888 esset.
845 823 945 903 Quod
968 825 1121 911 quamvis
1145 825 1180 888 iu
1203 823 1338 890 Oriente
1357 849 1419 910 pas-

311 927 372 1006 sim
396 923 498 1004 fieret,
524 921 650 986 CPtaui
673 930 785 985 tamen
798 919 1072 986 Occidentalibus
1096 943 1220 986 resana
1243 925 1419 1007 arrogantia
1442 915 1443 918 '

311 1019 572 1107 aiprobrabant,
605 1029 704 1105 atque
732 1027 769 1083 ut
792 1014 1068 1104 impedimentum
1091 1018 1286 1084 elevationis
1308 1020 1419 1084 lilariui

311 1118 502 1184 afferebant
544 1117 673 1182 Marino
692 1117 764 1203 jam
788 1115 883 1181 brevi
907 1126 990 1201 post,
1015 1137 1127 1182 mense
1151 1117 1240 1202 Majo
1263 1119 1342 1182 anui
1363 1119 1443 1232 Sillp

141 1239 261 1282 mosam
273 1216 477 1300 nrdefuncto‚
502 1217 659 1280 successit
681 1215 873 1280 Hadrianus
884 1215 945 1294 HI,
969 1214 1013 1280 ad
1036 1236 1135 1301 quem
1149 1215 1293 1279 Basilius
1306 1215 1422 1280 litteras
1442 1239 1443 1252 ¹

189 1301 255 1344 Μ’.

312 1315 434 1378 direxit
457 1313 686 1395 vehementes,
717 1336 737 1376 a
759 1311 877 1377 Photio
907 1335 985 1377 sane
1010 1313 1192 1394 coniectas,
1223 1323 1337 1378 contra
1360 1313 1417 1376 lla-

311 1414 420 1476 rinum
452 1411 645 1475 defunctum
669 1409 876 1476 Pontificem.
922 1409 1034 1475 Etiam
1057 1410 1250 1475 Hadrianus
1272 1410 1341 1492 111,
1371 1413 1417 1496 qui

310 1513 433 1597 pariter
444 1509 601 1574 Photium
623 1509 804 1590 damnavit,
829 1518 958 1574 tautum
978 1507 1072 1574 brevi
1087 1508 1281 1594 pontificatu
1297 1509 1420 1572 iunctus
1442 1567 1443 1589 p

149 1609 269 1662 Sstrhfflfl
283 1611 375 1692 vest,
407 1610 502 1694 eique
526 1609 682 1672 suffectus
705 1607 769 1671 fuit
792 1608 835 1692 (a.
860 1605 937 1688 885)
962 1605 1138 1692 Stephanus
1168 1607 1201 1671 V.
1249 1606 1419 1692 Respondit
1442 1605 1443 1666 l

189 1673 215 1713 n.
231 1671 254 1713 P.

310 1706 498 1792 Stephanus
530 1704 573 1769 ad
603 1703 675 1768 illas
698 1705 815 1769 Basilii
838 1703 962 1768 litteras
993 1705 1131 1790 epistola
1160 1707 1274 1790 vigore
1303 1719 1417 1791 aposto·

308 1805 371 1870 lico
396 1804 512 1891 plena,
537 1825 602 1889 qua
627 1802 872 1866 distinctionem
896 1804 1067 1887 potestatis
1090 1801 1199 1866 civilis
1223 1813 1256 1866 et
1278 1802 1419 1866 ecclesia·

308 1905 409 1966 eticae
433 1911 543 1986 urget,
568 1900 734 1965 Marinum
758 1899 801 1964 ab
826 1899 1093 1964 accusationibus
1117 1900 1269 1964 vindicat
1291 1901 1419 1986 ejusque

308 2000 453 2066 celebrat
476 2001 630 2079 virtutes,
664 1998 774 2062 Photii
798 2019 876 2062 vero
902 1999 1041 2063 crimina
1065 1999 1099 2062 iu
1121 2000 1315 2062 memoriam
1338 2020 1418 2062 revo-

308 2098 403 2180 cat.¹)
416 2135 460 2145 ——
478 2096 544 2160 Hic
569 2107 679 2161 autem
704 2097 913 2160 continuavit
928 2117 966 2159 eo
981 2105 1127 2181 tempore
1142 2096 1417 2182 impugnationem

306 2196 502 2258 Latinorum
526 2193 636 2279 quoad
660 2193 846 2258 doctrinam
862 2192 904 2256 de
920 2195 1127 2278 processione
1144 2191 1286 2278 Spiritus
1303 2192 1416 2258 Sancti.

307 2294 357 2358 Ea
389 2293 430 2357 de
454 2294 646 2379 quaestione
677 2289 799 2354 librum
831 2291 964 2376 scripsit
986 2291 1035 2355 De
1067 2294 1262 2378 mystapopia
1286 2291 1419 2379 Spiritu

307 2389 459 2472 Sancti‚²)
483 2412 581 2483 quem
605 2391 708 2453 variis
731 2389 912 2452 transmisit
935 2391 1116 2474 episcopis3
1140 2399 1238 2474 atque
1260 2391 1359 2453 etiam
1381 2388 1415 2451 ad

306 2488 592 2573 archiepiscopum
615 2485 881 2572 Aquilejensem,
912 2485 1173 2551 dissertationem
1203 2508 1263 2572 per
1291 2487 1416 2551 modom

307 2587 472 2673 Epistolae
503 2585 640 2666 direxit,
675 2583 717 2648 de
740 2583 948 2669 processione
972 2585 1115 2669 Spiritus
1143 2582 1257 2648 Sancti
1284 2607 1327 2649 ex
1357 2583 1417 2648 solo

244 2721 247 2728 .
305 2683 444 2770 Patrae)

396 2808 506 2888 Quum
538 2817 649 2872 tamen
679 2816 759 2870 tuno
788 2805 941 2891 lingeret,
974 2828 1008 2869 se
1039 2829 1058 2870 a
1087 2805 1236 2872 Romano
1265 2807 1416 2872 Pontifioo

305 2908 435 2972 Jcanne
465 2904 550 2969 Vlll
580 2906 729 2989 agnitum
762 2914 793 2967 et
823 2903 1052 2967 confirmatum
1083 2925 1170 2984 esse,
1202 2925 1239 2968 eo
1269 2928 1347 2969 usus
1376 2921 1416 2966 est

305 3003 461 3085 artificio,
496 3011 533 3066 ut
553 3002 734 3066 Romanam
761 3001 951 3084 ecclesiam,
982 3003 1017 3066 in
1041 3025 1106 3087 qua
1129 3001 1255 3066 additio
1279 3004 1415 3088 Filioque

305 3101 454 3185 symbolo
477 3099 626 3165 nondum
648 3102 770 3164 inserta
785 3111 863 3182 erat,
889 3099 951 3164 sibi
968 3101 1228 3165 consentientem
1243 3100 1414 3165 exhiberet

305 3209 337 3263 et
360 3198 441 3262 alios
465 3197 696 3264 Occidentales
725 3197 848 3262 directe
877 3199 1097 3284 impugnaret.
1142 3197 1261 3263 Nullus
1292 3199 1414 3285 quidem

304 3443 416 3508 accidit,
446 3449 478 3496 ut
502 3442 592 3512 plures
616 3447 713 3496 textus
740 3459 773 3497 ax
797 3442 892 3496 iisdem
920 3441 948 3495 in
973 3442 1150 3498 Collectiones
1176 3457 1306 3498 cauom
1329 3441 1415 3496 inserti

304 3523 416 3578 inerint.

378 3613 397 3684 ¹)
417 3611 507 3666 Labbe
526 3611 575 3666 IX.
595 3611 656 3667 366.
767 3609 789 3679 ⁹)
809 3609 841 3664 V.
862 3610 963 3680 migne,
983 3611 1013 3665 P.
1034 3609 1065 3664 G.
1086 3609 1145 3665 ΟΠ.
1164 3611 1218 3664 2⁷9
1235 3625 1292 3678 sqq.

376 3700 397 3768 ³)
417 3701 505 3769 Epist.
531 3699 776 3767 1.1.ep.xxrv3
805 3715 847 3769 ap.
866 3700 973 3769 iligna,
993 3699 1023 3753 P.
1044 3699 1076 3753 G.
1096 3699 1154 3753 ΟΠ.
1181 3715 1206 3768 p.
1227 3703 1286 3753 ⁷93.
1306 3699 1413 3764 -Quis

303 3781 389 3837 inerit
406 3781 453 3835 ille
471 3779 687 3848 archiepiscopus
701 3779 888 3849 aquilejensis,
908 3779 1129 3835 controvertitur.
1161 3779 1201 3834 Eo
1219 3777 1411 3847 temperacula

303 3861 415 3916 titulum
439 3859 613 3929 patriarchae
631 3859 811 3929 Aquuejensis
831 3860 955 3916 ferebant
979 3860 1033 3914 duo
1052 3859 1201 3927 praesules.
1227 3859 1412 3927 quammulta

303 3940 439 3995 translata
456 3940 518 3996 sede
535 3939 572 3993 ab
592 3940 760 4010 aquilejensi
778 3940 899 4006 civitate,
918 3941 981 3994 Fari
1000 3940 1077 4006 Julii‚
1100 3941 1170 3995 alter
1180 3939 1264 3994 Gradi
1281 3937 1411 3994 residebat

303 4020 449 4076 Gradensis
467 4019 642 4089 metropolita
666 4025 727 4074 erat
751 4025 818 4075 tuuc
834 4019 947 4084 Petrus,
973 4019 1102 4087 antiquae
1120 4019 1261 4088 Aquilejae
1284 4033 1328 4074 sau
1346 4017 1409 4070 Fori-

300 4096 424 4165 julisnsis
442 4099 616 4167 metropolita
635 4100 802 4168 walpertus.
841 4099 1031 4167 Quaestionem
1049 4100 1155 4154 erudite
1174 4100 1284 4154 discutit
1299 4099 1408 4165 Bergan·

302 4179 395 4234 rtther
414 4179 538 4248 (Photius
556 4180 595 4234 11.
614 4179 667 4234 685
679 4181 755 4247 squ),
774 4181 803 4234 in
815 4194 926 4248 samque
945 4180 1016 4235 cedit
1027 4180 1186 4249 opinionem,
1205 4181 1239 4236 ad
1252 4179 1409 4247 Walperrum

301 4259 393 4313 Photii
413 4259 554 4326 epistolam
573 4259 667 4312 datam
690 4273 756 4315 esse.
