2922 4832
290 449 342 506 152
540 452 615 508 m
648 453 856 510 Controversiae
875 459 905 510 st
922 455 1033 523 Imperii
1051 454 1166 512 indoles

297 595 405 660 noctis
427 595 555 660 silentio
576 596 699 682 vigiliis
721 597 992 684 orationibusque
1016 599 1179 680 intentus,
1204 599 1401 665 lacrimarum

299 714 431 779 quoque
463 695 544 758 rivis
567 693 700 758 abluere
733 715 799 759 non
824 695 959 762 destitit.
1006 696 1251 783 Saepenumero
1285 719 1401 762 omnem

300 790 544 856 hebdomadam
568 799 707 878 excepta
730 793 847 878 quinta
869 793 951 857 feria
978 793 1115 879 jejunus
1147 793 1344 878 perducens,
1373 797 1400 858 in

300 889 519 972 eleemosynis
549 888 648 952 valde
671 888 782 974 largus
805 891 940 954 exstitit.
988 891 1322 977 Appropinquantem
1344 893 1405 978 ejus

297 986 426 1051 obitum
450 985 553 1052 multa
575 1008 778 1072 praevenere
801 989 999 1073 importuna.
1024 987 1176 1074 Namque
1200 989 1296 1053 multi
1316 989 1403 1054 duces

299 1095 332 1148 et
355 1087 499 1166 comites,
524 1106 589 1149 non
606 1085 677 1148 sine
694 1086 896 1149 conscientia
912 1087 1151 1172 episcoporum,
1176 1086 1281 1151 multa
1305 1098 1407 1152 contre

299 1205 376 1246 eum
407 1183 596 1268 conspirare
625 1183 792 1264 nituntur,
826 1181 977 1248 Heinriei
1015 1184 1119 1264 ducis,
1148 1194 1263 1270 postea
1292 1207 1401 1250 succes·

299 1281 381 1345 soris
405 1282 465 1360 sui,
490 1280 533 1344 ad
557 1278 620 1343 hoc
642 1278 804 1344 auxilium
827 1280 1041 1366 postulantes.
1075 1281 1140 1346 Hic
1164 1282 1292 1346 obitum
1316 1286 1407 1370 patris

301 1379 409 1442 suist
438 1379 612 1464 aequivoci
643 1380 778 1460 monita,
803 1381 859 1464 qui
890 1380 923 1443 in
948 1377 1161 1444 Gennesbem
1193 1380 1278 1446 obiit
1305 1405 1343 1445 ac
1367 1405 1404 1444 rc·

301 1478 456 1563 quiescit,
487 1477 622 1540 memori
647 1497 783 1541 servans
807 1479 841 1541 in
864 1485 1014 1562 pectore,
1047 1489 1080 1542 et
1102 1477 1165 1542 sibi
1197 1477 1358 1544 haetenus
1377 1481 1405 1542 in

302 1575 431 1639 cunctis
455 1573 577 1657 fidelis,
606 1573 734 1639 nullum
757 1574 808 1639 his
831 1575 985 1660 praebuit
1007 1597 1188 1641 assensum.
1235 1575 1408 1664 Imperator

300 1672 364 1736 hoc
398 1673 508 1736 statim
541 1674 746 1758 comperiens
779 1683 811 1736 et
838 1673 978 1759 patienti
1010 1673 1118 1738 ferens
1140 1675 1268 1754 animo,
1303 1676 1335 1739 in
1357 1676 1408 1739 Pa·

299 1781 393 1835 terna
416 1769 499 1834 urbe
520 1769 668 1856 pustellis
691 1771 847 1835 interiora
861 1771 1089 1856 prementibus
1110 1781 1143 1836 et
1157 1772 1326 1837 Interdum
1342 1795 1405 1857 pan·

299 1868 393 1933 latim
417 1867 665 1953 erumpentibus
695 1868 889 1932 infirmatur.
937 1867 1004 1948 Qui
1034 1868 1120 1933 facie
1151 1869 1260 1934 clarus
1293 1881 1326 1935 et
1353 1869 1409 1934 fide
1451 1881 1452 1900 ³

300 1968 499 2054 praecipuus
513 1967 542 2030 9.
556 1964 622 2030 kal.
637 1965 822 2048 Februarii,
837 1966 978 2030 Romani
1003 1987 1125 2031 corona
1141 1967 1289 2053 Imperii,
1314 1969 1407 2031 exivit
1451 1995 1452 2010 ¹

301 2063 343 2128 ab
369 2064 431 2128 hoc
455 2063 603 2144 saeculo,
632 2065 700 2127 suis
732 2063 989 2150 insuperabilem
1012 2064 1201 2152 relinquens
1226 2087 1408 2144 moerorem,
1451 2041 1452 2074 ¹

301 2165 379 2251 quia
402 2183 440 2226 eo
464 2171 610 2248 ternpore
641 2184 678 2226 eo
702 2183 769 2226 non
798 2161 862 2226 fuit
885 2162 971 2227 ullus
1000 2162 1131 2247 largior,
1163 2187 1202 2229 ac
1226 2187 1287 2250 per
1310 2165 1410 2229 omnic
1451 2159 1452 2206 i

300 2262 492 2326 clementior
514 2259 633 2346 illo.“¹)
1451 2253 1452 2276 ¹

388 2376 441 2440 55.
488 2375 702 2439 Praematura
732 2397 818 2440 mors
849 2374 979 2440 Ottonis
1003 2375 1054 2440 III
1085 2377 1324 2462 impedimento
1346 2377 1410 2456 luit,
1451 2367 1452 2442 i

303 2475 479 2562 quominus
503 2473 678 2538 conamina
702 2473 772 2559 ejus
789 2472 1011 2537 constituendi
1026 2473 1206 2559 Imperium
1232 2473 1409 2539 absolutum
1451 2463 1452 2546 l

301 2583 334 2637 et
357 2571 543 2635 universale
567 2573 601 2635 in
625 2570 808 2637 Occidente
832 2581 912 2635 tunc
935 2570 1071 2635 ulterius
1096 2571 1340 2637 evolverentur.
1362 2575 1410 2635 At·
1451 2551 1452 2616 i

301 2679 412 2734 tamen
443 2667 633 2733 tendentiae
663 2670 767 2755 ipsius
796 2691 836 2733 ac
867 2667 1136 2754 praecedentium
1167 2669 1409 2756 Imperatorum.

302 2767 433 2834 Ottonis
457 2767 473 2830 I
497 2777 528 2830 et
545 2765 675 2830 Ottonis
699 2767 743 2848 II,
762 2767 834 2852 jam
857 2776 1010 2832 naturam
1029 2764 1164 2854 ImperIi
1188 2765 1281 2832 haud
1304 2787 1410 2854 parum

303 2874 523 2930 mutaverant.
570 2863 666 2946 Num,
697 2866 745 2928 uti
769 2863 932 2944 vidimus,
963 2886 1065 2951 quum
1089 2863 1271 2950 Imperium
1306 2865 1411 2929 Roma·

304 2985 383 3028 num
408 2985 428 3026 a
451 2961 563 3026 Leone
587 2961 639 3026 III
662 2971 886 3045 renovaretur,
909 2961 1009 3048 hujus
1022 2961 1157 3048 Imperii
1182 2964 1269 3027 sacri
1294 2961 1411 3028 indoles
1451 2969 1452 3040 l

303 3063 338 3126 in
362 3081 400 3124 eo
423 3063 616 3145 praesertim
641 3061 819 3124 constituta
842 3069 925 3142 erat,
957 3069 993 3123 ut
1014 3059 1199 3146 Imperator
1227 3073 1314 3125 esset
1335 3081 1410 3124 snm·
1451 3047 1452 3138 l

302 3181 376 3223 mus
399 3167 564 3245 protector
587 3157 796 3240 Pontificum,
821 3157 1007 3240 Ecclesiae,
1038 3159 1272 3245 societatisque
1296 3158 1409 3223 christi·

303 3279 396 3338 anae,
429 3265 462 3320 et
485 3278 550 3341 qua
582 3254 657 3319 talis
685 3257 979 3342 praeeminentiam
1008 3255 1146 3320 haberet
1175 3278 1255 3341 prae
1285 3255 1409 3341 reliquis

303 3353 524 3440 principibus,
556 3364 657 3439 utque
681 3353 744 3417 hoc
773 3375 872 3417 sensu
902 3351 1094 3418 monarchia
1122 3353 1288 3440 quaedam
1312 3353 1409 3418 cathe-

303 3451 368 3516 lica
392 3451 530 3518 adesset.
577 3449 646 3516 Sub
679 3449 795 3516 Carolo
826 3451 871 3516 M.
903 3451 1040 3537 ejusque
1070 3449 1316 3516 suecessoribus
1338 3451 1410 3514 hace

303 3551 438 3636 Imperii
463 3559 581 3614 natura
604 3546 714 3634 quoad
736 3549 784 3613 rei
801 3571 964 3613 summam
988 3557 1118 3612 servata
1141 3547 1213 3614 fuit.
1253 3547 1320 3613 Sed
1342 3547 1410 3613 inde

303 3648 346 3713 ab
371 3649 465 3713 initio
489 3647 567 3714 Otto
584 3648 601 3711 I
616 3656 648 3710 et
663 3648 733 3732 ejus
757 3669 961 3711 successores
976 3668 1013 3711 eo
1038 3645 1229 3730 tendebant,
1255 3656 1292 3710 ut
1312 3645 1409 3711 Ponti-

301 3795 514 3806 ——-..--.-..

377 3853 397 3920 ¹)
416 3851 512 3906 Chion.
526 3849 557 3905 L.
576 3849 623 3905 IV.
644 3851 725 3904 Perta
743 3849 794 3903 111.
814 3849 875 3903 781.
897 3881 929 3888 -
949 3848 1059 3904 Fabulis
1073 3865 1089 3903 s
1104 3849 1240 3919 plerisque
1257 3847 1411 3904 adscribimr

303 3934 375 4002 quod
393 3935 421 3987 in
441 3931 546 3998 aliquot
563 3928 739 3998 scriptoribus
758 3928 918 3998 supparibus
937 3929 1084 3994 iuvenitur,
1109 3929 1237 3984 Ottoncm
1255 3929 1299 3984 HI
1316 3939 1410 3982 veneno

303 4014 434 4070 Infectam
461 4011 544 4066 fuisse
570 4027 587 4064 a
614 4010 762 4078 stephania
790 4009 938 4065 crescentii
962 4009 1059 4075 vidua,
1084 4017 1262 4078 cumquest
1279 4017 1408 4064 masuam·

303 4095 393 4150 dinem
420 4091 553 4146 habuerit.
597 4089 652 4145 Cir.
681 4090 848 4159 Dambergcr
876 4088 969 4146 Gesch.
993 4090 1026 4146 V.
1054 4105 1080 4158 p.
1099 4091 1161 4156 662,
1189 4089 1283 4146 Kritik
1308 4104 1333 4156 p.
1357 4086 1407 4141 197.
1451 4119 1452 4164 ,

302 4175 425 4229 Eventus
444 4172 588 4226 veritatem
608 4177 697 4226 tarum
711 4171 834 4225 admittit
847 4169 966 4235 Glrerer,
985 4169 1014 4224 iu
1032 4171 1146 4224 Ottones
1163 4169 1341 4240 Imperatores
1357 4165 1407 4219 uni·
1451 4167 1452 4210 l

301 4255 401 4311 versim
419 4253 545 4307 severior.
583 4250 616 4308 V.
636 4253 742 4321 Gregor
759 4249 819 4306 VIL
837 4249 869 4306 B.
889 4251 921 4306 V.
941 4265 984 4320 pp.
1003 4249 1064 4304 922.
1083 4249 1144 4304 932.
