2922 4832
310 487 361 540 146
557 488 631 544 XIX
662 488 869 544 controversiae
887 493 916 544 et
933 489 1043 557 Imperii
1061 489 1175 544 indoles.

150 641 238 684 (Μ’
253 640 290 683 dv
398 632 452 696 47.
492 629 558 697 Sed
588 633 743 717 quamvis
773 634 808 697 in
835 633 1075 696 restauratione
1104 631 1168 695 hau
1197 631 1331 719 Imperii
1362 630 1413 695 sub

172 703 271 745 'm'
310 727 431 794 Ottoue
454 731 637 813 generatim
670 751 709 794 ea
739 730 916 796 concordia
946 731 1034 794 inter
1055 729 1238 816 Imperium
1262 741 1295 794 et
1317 727 1410 793 Sauer-

311 826 436 890 dotium
460 826 626 913 hujusque
641 828 762 893 efficax
776 829 935 915 protectio
959 826 1195 908 intenderetur,
1221 828 1269 890 nti
1283 837 1414 912 tempore

310 922 419 989 Caroli
443 925 499 1006 M,
530 946 608 989 mox
640 935 751 990 tamen
775 927 946 1013 apparuit,
982 924 1139 990 Ottonem
1169 923 1233 989 sibi
1258 924 1414 990 vindicare

309 1021 409 1088 talem
432 1024 662 1088 auctoritatem
687 1023 908 1110 imperialem,
941 1022 1107 1110 talemque
1137 1021 1346 1088 adruentiam
1367 1043 1414 1085 sen

308 1122 545 1207 protectionem
576 1119 762 1204 Ecclesiae,
798 1143 865 1208 qua
894 1119 982 1185 hanc
1014 1121 1049 1185 in
1083 1118 1353 1186 subordinatione
1379 1131 1415 1182 te

308 1227 416 1300 neret,
448 1227 481 1284 et
502 1240 692 1304 supremum
717 1219 901 1285 dominium
932 1219 967 1282 in
990 1217 1150 1282 ditionem
1174 1218 1415 1284 ecclesiasticum

309 1315 395 1382 ultra
430 1315 551 1381 limites
589 1315 718 1382 debitos
755 1327 932 1382 exerceret.
998 1317 1257 1380 staedoraa'uium
1298 1319 1414 1380 mauri·

310 1416 387 1478 totis
422 1413 616 1504 imperialis,
656 1427 685 1479 et
716 1415 936 1480 subordiaots'o
967 1415 1078 1500 aliquo
1101 1415 1262 1479 Ecclesiae
1286 1426 1317 1479 et
1350 1415 1415 1477 Pou-

310 1511 425 1595 tificum
461 1511 518 1577 aab
543 1523 724 1598 patronatu
758 1514 980 1600 Imperatoris,
1018 1511 1242 1576 characterem
1276 1513 1418 1576 cunstitu-

310 1619 370 1674 unt
407 1611 543 1696 Imperii
582 1609 713 1675 Ottonis
749 1611 766 1674 I
805 1621 838 1674 et
874 1631 1099 1675 successorum
1139 1611 1219 1696 ejus.
1268 1609 1419 1691 Quamvis

309 1706 493 1790 Imperator
523 1708 558 1771 in
588 1729 641 1771 res
670 1707 768 1792 plane
800 1707 987 1794 spirituales
1020 1729 1087 1771 non
1120 1728 1190 1771 sese
1219 1709 1418 1780 immisceret,

311 1803 504 1868 electionem
528 1815 641 1869 tamsm
664 1805 864 1870 Pontificum
895 1827 1017 1890 magna
1044 1815 1203 1890 exparte
1233 1804 1300 1870 sibi
1323 1804 1418 1868 vindi·

311 1923 387 1966 care
409 1901 546 1968 studuit.
571 1903 649 1968 Jam
673 1903 708 1967 in
732 1900 914 1968 Germania
936 1905 982 1967 ita
1005 1903 1226 1988 patrocinium
1250 1925 1311 1967 seu
1325 1912 1416 1988 patro

310 2009 426 2064 natum
458 2001 493 2064 in
527 1999 682 2066 eeclesias
706 2000 899 2082 exercebat,
934 2011 970 2064 ut
999 2002 1194 2065 auctoritate
1221 2001 1276 2065 vel
1302 2000 1417 2066 influxu

311 2119 368 2162 suo
393 2096 487 2162 sedes
510 2098 713 2184 episcopales
727 2099 768 2164 iis
792 2095 913 2184 quibus
928 2097 1028 2162 vellet
1051 2098 1223 2164 conferret.
1256 2099 1299 2162 In
1323 2096 1421 2183 plures

311 2194 406 2260 sedes
429 2197 627 2282 praecipuas
650 2195 818 2282 praesules
841 2217 884 2260 ex
901 2197 1036 2282 propria
1058 2195 1186 2260 familia
1201 2195 1418 2261 collocaverat.

312 2293 523 2378 dignissimos
547 2294 698 2379 quidem,
724 2293 880 2358 videlicet
903 2292 1106 2360 Gulielmum
1129 2292 1235 2358 filium
1259 2295 1297 2358 in
1321 2291 1417 2356 sedern
1450 2335 1451 2340 η

311 2390 552 2476 Mogontinam,
569 2392 604 2456 in
618 2387 849 2458 Coloniensem
859 2393 1050 2457 Brunonem
1059 2391 1205 2457 fratrem.
1229 2391 1419 2456 investitura

311 2498 422 2554 autem
453 2489 632 2575 imperialis
665 2491 894 2576 episcoporum
926 2500 1026 2576 atque
1056 2487 1217 2554 abbatum
1245 2489 1418 2554 universim
1450 2541 1451 2548 i

306 2587 380 2673 jam
402 2586 550 2672 vigebat.
597 2587 747 2652 Similem
775 2587 941 2653 influxum
969 2589 1071 2673 igitur
1093 2587 1171 2654 oao
1199 2589 1301 2652 etiam
1325 2588 1358 2650 in
1379 2605 1420 2646 ec·

313 2685 447 2750 alesiam
461 2686 645 2751 Romanam
669 2685 734 2750 sibi
757 2695 794 2750 ut
809 2686 1016 2771 Imperatori,
1040 2685 1231 2767 Protectori,
1256 2685 1420 2749 Advocato
1450 2701 1451 2738 2

312 2783 482 2850 Ecclesiae
506 2782 629 2866 deberi,
658 2783 824 2849 censebat.
869 2783 929 2848 llle
953 2783 1099 2848 influxus
1123 2783 1269 2870 quidem,
1294 2783 1322 2847 si
1345 2781 1421 2844 exci-
1450 2775 1451 2854 Ῑ

313 2883 385 2968 pias
409 2881 547 2946 dissidia
570 2903 647 2946 cum
669 2881 815 2964 Joanne,
844 2880 906 2946 sub
930 2881 1050 2948 Ottone
1078 2881 1215 2967 ejusque
1239 2877 1418 2944 suecessori-
1450 2871 1451 2962 l

313 2979 386 3062 bus,
409 3001 511 3065 quum
536 2978 714 3043 virtutibus
736 2989 959 3066 praestarent,
991 2981 1120 3044 minora
1151 2979 1350 3044 detrimenta
1372 2995 1420 3060 pro

313 3237 373 3291 dem
392 3235 499 3290 Ottonis
519 3241 547 3290 et
565 3235 696 3291 Iohannis
714 3235 770 3291 XII
783 3241 899 3305 pactum,
918 3237 965 3292 sed
983 3235 1174 3304 supperaddita
1186 3235 1332 3291 donatione
1350 3234 1420 3288 ritis·

313 3324 379 3382 tum,
398 3317 484 3370 forma
503 3316 585 3370 etiarn
603 3315 675 3369 haud
694 3315 801 3370 omniuo
819 3317 939 3382 sincera,
965 3315 1065 3371 reterre
1090 3331 1192 3372 censeo.
1229 3317 1298 3371 Eam
1317 3315 1375 3370 iude
1391 3311 1419 3366 ab
1450 3329 1451 3370 l

313 3402 430 3453 exeunte
448 3396 553 3451 saeculo
571 3395 612 3450 XI
630 3411 677 3465 pro
696 3397 816 3466 genuina
834 3395 979 3460 venditam,
1005 3395 1033 3451 iu
1052 3395 1154 3451 codices
1171 3395 1320 3450 Vaticanus
1345 3401 1419 3448 naus

313 3479 449 3548 scriptam,
473 3477 624 3544 sensimque
643 3475 721 3530 fidam
740 3477 898 3546 populorum
916 3481 1025 3530 nautam
1044 3517 1050 3530 .
1069 3517 1075 3530 .
1097 3521 1102 3532 .
1122 3477 1227 3532 demum
1245 3493 1263 3531 a
1282 3469 1417 3530 RudoIIol

314 3565 343 3614 et
365 3557 560 3613 suoeessoribus
584 3557 642 3626 ejus
666 3555 851 3610 oonflnmtam
876 3555 972 3622 tuisse,
998 3555 1120 3611 omnibus
1144 3563 1238 3612 notum
1260 3560 1330 3610 est.u
1357 3555 1417 3608 La

313 3656 340 3707 p.
359 3641 419 3694 163.
439 3669 473 3678 -
493 3635 625 3691 Muratori
637 3635 838 3706 genuinitatem
851 3635 1011 3704 Diplomatis
1025 3635 1197 3706 impugnavit
1214 3635 1243 3689 iu
1255 3651 1306 3690 suo
1318 3634 1418 3700 scriptu:

314 3719 400 3773 Piens
424 3716 589 3784 repositione
613 3716 656 3770 dei
680 3717 770 3771 diritti
795 3715 928 3785 imperiali
956 3717 988 3771 ed
1016 3715 1125 3771 Estensi
1151 3732 1230 3785 sopra
1254 3715 1283 3769 la
1311 3711 1419 3770 auidi

314 3796 479 3858 consortio.
498 3811 518 3850 c.
539 3795 586 3850 IX.
607 3797 721 3864 peut.
735 3797 771 3852 it.
791 3797 813 3853 Ι.
836 3798 910 3852 1712.
930 3828 963 3836 -
984 3797 1020 3851 01.
1032 3797 1118 3852 Balan
1131 3795 1332 3866 genuinitatsm
1344 3794 1418 3848 ludus

314 3881 477 3947 propugnat,
496 3877 585 3931 Sturia
603 3875 627 3930 d'
645 3876 729 3930 italia
746 3877 777 3930 L.
798 3875 899 3931 XVIII.
929 3894 954 3932 n.
974 3877 1015 3931 IX
1038 3892 1102 3944 sqq,
1126 3876 1172 3931 ubi
1197 3878 1281 3932 etiam
1305 3887 1419 3942 eaquae
1450 3879 1451 3948 l

315 3959 486 4012 donatr'oaem
505 3963 631 4027 spectant
650 3956 769 4011 discutit.
784 3988 817 3997 -
831 3957 1021 4024 Quaestionem
1040 3957 1191 4012 accuratius
1209 3958 1362 4012 emmim
1373 3969 1416 4008 nou
1450 3951 1451 4026 l

315 4043 408 4103 vacat,
433 4053 464 4094 eo
490 4035 533 4092 vei
553 4037 640 4092 miuus
665 4036 735 4106 qnod
754 4051 822 4104 quae
846 4037 878 4091 sd
897 4037 1056 4092 donationes
1074 4037 1135 4092 Sodi
1154 4037 1324 4106 spostolicae
1342 4035 1417 4089 iactas
1450 4031 1451 4116 l

316 4119 444 4184 attinent,
470 4135 504 4174 ex
532 4117 699 4172 documentis
727 4122 756 4172 et
783 4118 869 4186 gestis
897 4118 1040 4172 anterioris
1068 4117 1197 4185 temporis
1226 4113 1419 4172 duumuiro
1450 4147 1451 4178 ,

315 4203 389 4253 suns.
426 4197 480 4254 os.
500 4197 582 4253 etam
601 4197 696 4254 nerea
722 4197 749 4252 o.
771 4196 803 4254 o.
822 4197 853 4252 e.
873 4197 921 4254 iv.
941 4198 965 4270 ξ.
991 4197 1059 4266 sia
1082 4195 1250 4268 aestuat
1279 4199 1321 4252 ro.
1345 4195 1367 4266 a.
1389 4195 1416 4251 a
1450 4181 1451 4266 l

314 4277 520 4346 Hergenrtther
538 4277 572 4332 X.
592 4277 625 4334 G.
644 4277 695 4332 111.
714 4277 775 4332 alt.
1450 4271 1451 4298 l
