3002 4836
279 451 315 507 88
533 451 606 506 xlv.
626 451 667 506 De
685 449 759 506 civili
776 449 809 505 B.
829 449 968 506 Pontificis
986 450 1149 520 pnnclpatn.

279 593 429 661 efflictim
452 605 485 660 et
507 595 699 661 enixissime
713 615 786 659 eum
807 593 1038 682 interpellabat
1051 594 1084 662 S.
1100 594 1309 680 Augustinus
1332 597 1402 684 (ep.

280 691 371 781 209),
395 715 437 760 ne
469 692 654 778 Antonium
685 690 916 758 Fussalensem
950 693 1143 780 episcopum
1175 691 1334 758 ecclesiae
1366 707 1406 760 et

280 791 349 858 aedi
374 813 452 856 suae
475 792 603 856 restitui
622 789 756 878 juberet
779 812 818 854 ea
842 791 875 854 vi
900 800 932 854 et
956 787 1157 855 armatorum
1180 789 1323 856 militnm
1347 815 1400 856 ca·

280 903 383 972 terve,
407 911 473 976 qua
495 891 681 956 restitutum
697 886 790 954 illum
809 887 849 952 iri
867 887 957 953 fama
977 885 1181 974 vulgaverat,
1196 887 1262 954 late
1285 911 1405 974 sparso

279 1010 317 1052 eo
333 987 405 1075 jam
423 997 556 1052 terrore.
583 987 718 1052 ,iudicia
740 985 818 1067 iilis,
843 997 873 1051 ct
893 985 1039 1072 publices
1055 997 1240 1074 potestates,
1264 999 1294 1052 et
1316 985 1405 1052 mili-

280 1098 365 1152 tares
387 1087 530 1174 impetus,
555 1095 705 1172 tanquam
727 1095 911 1150 accentuum
934 1083 1136 1172 Apostolmae
1160 1081 1253 1150 Sedis
1276 1096 1400 1151 senten-

280 1185 358 1249 tiam
380 1185 594 1248 comminatur.
641 1183 821 1268 Augustini
854 1179 1007 1268 precibus
1031 1191 1064 1246 et
1086 1182 1253 1268 aequitate
1278 1205 1404 1248 causae

278 1267 376 1346 facile
400 1280 579 1348 credideris
602 1279 784 1346 emollitum
803 1281 904 1347 fuisse
921 1277 1154 1360 Coelestinum,
1178 1291 1211 1344 et
1234 1278 1405 1364 fragorem

279 1379 407 1446 illorum
432 1400 598 1444 armorum
622 1377 828 1465 dissipatum.
915 1451 916 1456 ἵ
1333 1453 1336 1459 ¹

361 1479 398 1548 ,9.
425 1476 536 1558 Quum
560 1473 727 1542 mediante
755 1473 885 1540 saeculo
914 1477 1028 1563 quinto
1058 1463 1271 1542 occidentalis
1292 1475 1402 1564 Impe-

278 1577 318 1640 rii
350 1575 451 1642 robur
479 1573 692 1657 decresceret,
718 1587 752 1652 et
780 1573 997 1638 barbarorum
1030 1573 1165 1660 agmina
1187 1595 1326 1658 regnum
1351 1565 1405 1639 in-

280 1663 449 1754 vaderent,
484 1674 613 1760 ipsique
645 1671 720 1738 urbi
751 1672 920 1738 Romanae
950 1670 1171 1752 imminerent,
1201 1673 1235 1738 in
1259 1673 1406 1736 summis

279 1771 344 1836 illis
367 1770 523 1858 perieulis
556 1771 748 1858 pracsertim
781 1769 920 1836 Romani
945 1769 1122 1837 Pontifices
1155 1791 1213 1834 suo
1248 1767 1405 1834 subsidio

279 1868 457 1935 adfuerunt
475 1869 643 1936 Romanis.
688 1866 729 1934 Id
754 1868 898 1932 maxime
921 1867 1029 1952 patuit
1052 1877 1198 1952 tempore
1212 1865 1246 1932 S.
1265 1865 1403 1932 Leonis.

280 1965 413 2048 Quanta
437 1968 471 2032 iu
495 1966 577 2031 urbe
600 1965 670 2053 ejus
693 1965 793 2031 fuerit
821 1965 1007 2046 auctoritas,
1042 1975 1074 2028 et
1096 1959 1300 2050 praesentiae
1324 1963 1407 2050 ejus

279 2065 456 2130 necessitas
479 2063 577 2130 simul
600 2075 699 2152 atque
722 2062 879 2145 solamen,
913 2061 1047 2148 colliges
1071 2086 1113 2128 ex
1136 2064 1187 2145 iis,
1211 2083 1295 2148 quae
1320 2063 1401 2128 scri-

278 2162 327 2227 bit
350 2161 393 2228 ad
416 2161 639 2228 Theodosium
663 2161 713 2244 Π,
744 2159 935 2246 significans
967 2183 1032 2228 non
1056 2182 1149 2247 posse
1174 2182 1207 2224 se
1230 2159 1402 2248 proficisci

278 2271 310 2324 et
333 2283 483 2346 praeesse
508 2259 641 2345 Synodo
675 2261 908 2326 oecumenicae
940 2271 1019 2326 tunc
1043 2257 1168 2344 Ephesi
1194 2269 1403 2323 convocatae

279 2359 378 2448 (quae
402 2360 438 2424 in
453 2357 662 2424 latrocinium
680 2355 917 2444 degeneravit),
933 2357 1022 2445 quod
1037 2355 1152 2424 abesse
1167 2356 1272 2421 Roma
1286 2357 1402 2440 ipsum

277 2479 344 2522 non
367 2467 535 2543 pateretur
558 2457 658 2524 Urbis
683 2456 781 2522 salus.
809 2453 901 2530 Quod
920 2457 1028 2544 pietas
1051 2459 1128 2544 ejula,
1152 2452 1276 2532 scribit,
1301 2455 1405 2518 etiam

278 2577 325 2620 me
348 2555 484 2620 credidit
506 2556 654 2620 interesse
679 2551 788 2620 debere
817 2549 973 2633 Concilio,
997 2553 1122 2618 cunoni
1145 2549 1312 2618 secundum
1336 2549 1401 2615 ali-

277 2653 361 2738 quod
391 2654 569 2742 exiperetur
601 2651 796 2741 eccmplum,
828 2676 910 2716 nuuc
944 2663 1047 2716 tanton
1074 2645 1270 2738 nequequam
1288 2661 1404 2736 posset

277 2750 411 2838 impleri,
445 2753 520 2837 quia
551 2774 655 2816 retum
683 2753 898 2837 praesentium
926 2751 1022 2816 nimis
1053 2751 1175 2814 incerto
1201 2748 1352 2828 conditio,
1379 2773 1408 2812 a·

277 2859 385 2916 tantae
413 2849 501 2914 urbis
526 2847 661 2936 populis
688 2872 735 2912 me
758 2848 864 2914 abesse
896 2870 961 2912 non
976 2847 1114 2934 tricaret,
1138 2858 1169 2911 et
1191 2846 1226 2912 in
1248 2841 1401 2932 ‹lespera-

278 2947 392 3010 tionem
423 2947 592 3033 quamdam
623 2948 725 3012 animi
758 2945 1013 3012 tumultuantium
1043 2946 1251 3024 mitterentur,
1284 2939 1322 3011 si'
1334 2945 1408 3032 pei*

276 3044 468 3108 occasionem
491 3067 604 3108 caueae
628 3043 857 3128 ecclesiasticae
888 3041 1013 3108 uiderer
1036 3044 1181 3130 patriam
1209 3054 1239 3108 et
1261 3041 1400 3128 Aposto-

277 3140 371 3204 lieom
402 3137 512 3206 &dem
544 3141 622 3206 velle
655 3141 795 3208 &serere
804 3140 836 3228 ¹).
884 3141 928 3206 Et
958 3143 993 3208 in
1023 3138 1089 3206 alia
1112 3139 1250 3228 epistola
1272 3139 1405 3226 pariter

277 3237 408 3320 scribit:
437 3237 513 3306 Cum
536 3239 720 3326 temporalis
742 3243 911 3306 necessitas
930 3263 977 3304 nse
1000 3262 1064 3304 non
1081 3239 1232 3326 patiam
1254 3237 1402 3301 &emere

268 3335 473 3422 *ciuitatom¹).
520 3335 625 3402 Nemo
658 3359 753 3425 porro
778 3348 827 3401 est
859 3339 915 3424 qui
940 3338 1075 3414 nesciat,
1099 3359 1158 3424 per
1190 3333 1223 3402 S.
1247 3333 1399 3398 Leonem

275 3432 400 3498 factum
423 3438 560 3516 esse-(a.
583 3435 680 3522 452),
705 3445 741 3500 ut
760 3435 864 3502 Attila
880 3436 1079 3500 Hunnorum
1102 3457 1161 3500 rex
1178 3431 1260 3500 Urbi
1283 3454 1398 3519 parce-

275 3541 334 3614 ret,
359 3541 489 3599 etcum
515 3535 618 3620 copiis
642 3535 709 3598 suis
734 3533 911 3601 recederet.
935 3535 1076 3600 Romam
1091 3533 1287 3599 Pontificem
1311 3533 1399 3618 peri·

276 3626 482 3696 culosissima
505 3629 549 3696 ad
571 3652 683 3717 regem
697 3629 956 3699 honestaverunt
970 3617 1144 3718 legatione,
1164 3652 1241 3696 eum
1265 3627 1404 3694 duobus

275 3724 349 3790 aliis
361 3727 574 3814 amplissimis
597 3741 629 3794 et
652 3731 870 3796 ornatissimis
894 3731 985 3797 viris.
1008 3729 1064 3795 Ad
1079 3723 1400 3795 truculentissimum

279 3823 435 3890 videlicet
447 3847 558 3913 regem
582 3839 619 3902 ut
632 3850 750 3916 pacem
766 3838 925 3918 peterent,
939 3850 1015 3893 cum
1039 3829 1111 3894 viro
1136 3825 1300 3895 consulari
1314 3827 1398 3892 Avi·

277 3943 338 3988 eno
363 3933 395 3988 et
419 3924 489 3988 viro
513 3926 730 4010 praefectorio
754 3925 900 4011 Trigetio
924 3928 1090 4014 profectus
1113 3936 1162 3992 est
1185 3925 1405 3990 beatissimus

274 4019 366 4106 Papa
383 4021 452 4086 Leo
476 4023 601 4088 auxilio
618 4025 682 4089 Dei
707 4025 819 4107 fretus,
835 4045 934 4111 quem
958 4026 1056 4089 sciret
1078 4046 1248 4110 nunquam
1263 4024 1401 4109 piorum

277 4165 486 4178 ——

349 4245 370 4313 ι)
388 4243 476 4314 aput.
497 4247 538 4303 13.
1077 4245 1101 4317 ¹)
1119 4245 1206 4316 apuu
1226 4247 1268 4302 rr.
