2952 4832
356 393 395 446 ue
414 391 578 446 Pontificum
597 391 622 444 S.
641 337 768 458 (trebatii
788 391 851 446 VII.
950 423 955 432 ·
1138 394 1188 446 est

85 541 273 622 coenavimus.
323 537 387 612 Qui
408 539 505 602 etiam
522 533 712 624 priusquam
735 538 887 602 intrasset
901 537 1042 616 Italiam,
1067 537 1188 622 suppli·

84 661 126 700 css
153 638 193 701 ad
213 659 273 701 nos
295 637 415 730 leputas
432 637 655 724 praemittens,
675 659 735 721 per
759 637 866 700 omnia
889 659 920 698 se
945 631 1189 721 satisfacturum
1292 641 1293 644 ’

86 737 142 800 Deo
170 746 197 797 et
219 747 331 800 sancto
354 735 447 798 Petro
482 756 519 797 ac
540 733 632 798 nobis
662 732 785 811 obtulit,
822 744 851 798 et
875 733 919 797 ad
942 731 1204 797 emendationem

85 835 153 898 ritae
189 858 264 900 suae
301 854 422 896 ameum
455 853 488 894 sc
520 841 717 894 seruatumsm
751 830 961 895 obedientiam
991 834 1192 917 repromisit,·

82 931 234 995 dssmmodo
266 931 356 1016 apud
378 952 435 994 nos
461 927 671 993 absolutionis
694 939 723 992 st
746 926 941 1015 apostolicae
963 928 1191 994 benedictionis

80 1031 204 1112 patiam
226 1031 398 1115 impetrare
423 1037 600 1090 mercretur.
651 1025 744 1100 Quod
775 1049 870 1111 quum
897 1026 955 1089 diu
986 1027 1091 1090 multis
1121 1052 1190 1092 con·

80 1125 291 1191 sunamites
313 1125 505 1212 differentes,
539 1125 655 1188 acriter
678 1146 746 1188 eum
770 1124 809 1186 de
837 1125 904 1187 suis
936 1125 1111 1189 excessibus
1129 1150 1192 1211 per

79 1247 171 1288 onnes
204 1227 260 1312 qai
292 1223 545 1288 intercurrebant
586 1224 713 1286 nuntios
742 1222 1018 1308 redarpuerensas,
1065 1223 1192 1287 tandem

76 1325 360 1410 persemetipsum,
394 1321 476 1385 nibil
499 1319 610 1384 hostile
636 1331 691 1384 aut
715 1320 915 1384 temerarium
939 1330 1113 1398 ostentans,
1147 1322 1193 1384 ad
1295 1313 1300 1322 ¹

78 1421 218 1506 oppidum
236 1420 380 1498 Canusii,
405 1420 439 1482 in
462 1441 521 1504 quo
544 1419 663 1481 morati
685 1441 800 1494 seimus,
825 1441 893 1480 cum
912 1419 1028 1504 passeis
1052 1417 1188 1483 aduenit.

79 1517 173 1602 ibique
198 1539 262 1604 per
292 1517 432 1581 triduum
464 1528 537 1580 ante
555 1526 686 1602 portam
709 1517 808 1579 cssstri
831 1513 923 1600 (lun.
948 1515 1104 1602 25-27),
1138 1517 1188 1578 de-

73 1618 168 1700 posito
192 1617 280 1680 omni
302 1618 387 1701 reqio
411 1613 506 1691 cseltu,
537 1613 771 1690 miserabiliter,
795 1624 903 1700 utpote
927 1612 1137 1678 discalceatus
1161 1627 1191 1677 et

76 1713 168 1778 laneis
191 1715 325 1778 indutus
342 1713 530 1800 persistens,
555 1736 618 1776 non
638 1713 731 1798 prius
756 1735 824 1775 cusu
847 1711 942 1776 multo
958 1713 1040 1796 'fletu
1064 1725 1189 1799 aposto-

76 1809 146 1874 licae
168 1813 385 1876 miserationis
410 1809 567 1874 aemilium
590 1821 619 1874 st
643 1810 888 1874 consolationem
901 1810 1073 1896 implorare
1095 1811 1190 1875 desti·

75 1911 116 1987 tit,
139 1933 234 1996 quam
258 1911 439 1994 omnesqui
462 1908 509 1972 ibi
531 1907 668 1971 aderaut
692 1918 722 1970 et
745 1907 789 1971 ad
813 1931 889 1993 assos
911 1931 1019 1970 rumor
1042 1907 1097 1972 ille
1116 1934 1189 1995 per·

73 2008 162 2086 uenit,
196 2008 242 2072 ad
277 2017 399 2071 tantam
427 2008 581 2092 pietatem
618 2015 647 2069 et
676 2006 904 2092 compassionis
940 2007 1190 2071 misericordiam

72 2107 167 2186 mouit,
204 2116 240 2168 ut
267 2129 330 2191 pro
363 2127 397 2168 eo
430 2104 533 2167 multis
552 2103 702 2190 precibus
735 2114 765 2166 ct
789 2103 930 2168 lacrimis
955 2105 1188 2182 intercedentes,

70 2223 167 2266 omncs
191 2203 318 2287 quidem
341 2201 503 2266 insolitam
527 2204 640 2266 inentis
662 2213 791 2265 nostrae
815 2201 963 2266 duritiem
986 2204 1188 2280 mirarentur,

70 2300 213 2365 sionnulli
235 2324 308 2364 cero
332 2303 366 2364 in
389 2301 567 2364 nobismori
591 2300 785 2386 apostolicae
800 2301 977 2364 severitatis
991 2303 1189 2384 paritatem,

70 2397 119 2459 ssd
147 2400 243 2484 quasi
270 2400 455 2486 tyrannicae
477 2397 627 2484 feritatis
659 2398 878 2462 crudelitatem
908 2421 972 2462 esse
1006 2397 1188 2464 clamarent.

69 2530 108 2542 -
139 2497 285 2582 Denique
318 2498 475 2560 instantia
508 2497 755 2582 compunctionis
786 2500 853 2585 ejus
886 2507 915 2559 st
940 2507 1030 2560 tanta
1054 2499 1190 2562 ommium

68 2596 118 2676 qui
139 2595 188 2658 ibi
211 2594 348 2658 aderant
371 2593 604 2680 supplicatione
628 2594 752 2672 devicti,
786 2593 914 2657 tandem
949 2617 1016 2657 eum
1040 2593 1188 2659 relascatc

67 2693 277 2756 anatbematis
299 2691 434 2769 eisseulo,
459 2694 493 2756 in
516 2694 744 2756 communionis
765 2693 903 2777 qratiam
927 2703 957 2754 et
973 2693 1076 2756 sinum
1098 2717 1188 2759 sarec-

69 2798 114 2850 tac
136 2791 252 2854 mauis
276 2787 435 2854 Ecclesiae
458 2791 642 2876 recepimus,
672 2791 810 2876 acceptis
833 2790 873 2854 ab
897 2813 932 2854 eo
955 2793 1188 2868 securitatibus,

65 2909 140 2969 quae
173 2887 315 2973 inferius
346 2889 483 2974 scriptae
507 2899 590 2952 sunt.
641 2886 782 2960 starum
806 2889 900 2952 etiam
924 2889 1188 2972 confirmationem

63 3007 119 3068 per
140 3009 257 3050 manus
280 2985 405 3050 notatu
432 2983 662 3064 Cluniacsnsis,
698 2997 728 3050 et
744 2987 890 3070 filiarum
913 2997 1094 3052 nostrarum
1118 2990 1189 3052 Ma·

67 3083 173 3147 tlsilslis
198 3095 229 3148 et
242 3085 420 3148 comitissae
430 3082 612 3148 Adelaidae
625 3084 866 3170 (Taurinonsis)
889 3095 920 3149 et
942 3082 1078 3150 aliorum
1098 3088 1188 3171 prin-

64 3182 178 3267 cipum,
202 3183 421 3269 cpiscaporum
445 3182 651 3263 etlaicorum,
675 3183 730 3268 qui
752 3183 841 3246 nobis
866 3183 910 3246 ad
932 3183 987 3246 boc
1009 3184 1104 3247 utiles
1126 3184 1189 3250 uisi

61 3292 144 3357 sunt,
167 3282 352 3367 recepisses.
401 3279 464 3343 His
487 3282 591 3365 itaque
615 3282 832 3366 superactis,
864 3291 899 3344 ut
922 3279 967 3344 ad
994 3305 1105 3366 pacem
1129 3283 1186 3346 Ec·

62 3377 176 3442 clssiae
200 3389 231 3441 et
255 3378 455 3441 concordiam
479 3380 578 3462 re9ni,
612 3380 692 3444 sicut
714 3379 772 3442 diu
795 3379 1054 3457 desideravimus,
1079 3383 1185 3444 omnia

58 3475 188 3559 planius
213 3477 282 3539 Deo
307 3475 479 3564 adjuvante
503 3487 655 3562 coaptare
672 3478 843 3562 possimus,
868 3477 1042 3563 adportes
1067 3489 1186 3544 vestras

63 3572 142 3636 data
163 3575 303 3659 primum
327 3574 563 3659 opportunitate
587 3576 726 3638 manure
750 3575 900 3660 cupimus.
940 3577 1009 3640 Hoc
1032 3579 1114 3642 onim
1137 3579 1186 3642 di·

62 3669 225 3735 lsetiouem
249 3682 385 3734 ommam
407 3671 626 3736 indubitanter
650 3673 729 3737 sciro
751 3673 902 3750 uolumus,
934 3676 1082 3759 quoniam
1105 3677 1187 3739 sicut

61 3769 94 3830 in
125 3769 300 3854 descriptis
320 3769 543 3834 securitatibus
564 3793 692 3834 noscere
708 3772 856 3857 potestis,
887 3773 934 3835 ita
963 3773 1064 3838 adleuc
1089 3775 1185 3838 totius

59 3868 180 3954 usyotii
201 3888 301 3932 causa
324 3889 477 3954 suspensa
492 3879 556 3945 est,
581 3880 616 3934 ut
632 3879 669 3934 et
692 3869 845 3933 aduentus
867 3881 974 3934 noster
997 3881 1027 3934 et
1040 3871 1186 3936 consilio-

60 3987 130 4026 rum
165 3973 338 4028 sessorum
369 3961 566 4030 unanimitas
600 3967 794 4052 permaaime
831 3970 1011 4032 necessaria
1045 3992 1110 4034 esse
1141 3971 1185 4032 ui-

58 4061 200 4126 smm
211 4060 247 4148 1).

61 4171 232 4179 -u———.—-

137 4207 159 4272 ι)
178 4173 316 4272 Βοῶν.
336 4220 361 4271 q.
383 4205 424 4259 ιε.
448 4234 481 4245 -
506 4201 622 4259 Visetur
644 4203 759 4273 spuma
777 4206 879 4274 scripte
897 4206 941 4262 css
959 4207 1001 4262 es.
1021 4207 1085 4264 san.
1108 4209 1187 4262 1077.

939 4289 942 4310 ¹
973 4296 1025 4350 19*
