2922 4832
355 495 546 549 Controversia
564 495 597 550 de
615 495 787 564 tetragamia.
1084 497 1135 550 139

42 641 218 719 reverentia,
243 659 337 702 suam
368 639 565 702 sententiam
589 637 752 720 defendit,
783 649 977 722 argumenta
1008 641 1138 724 impug-
1160 689 1173 712 ,

43 751 85 800 nat
94 759 171 822 qnae
185 759 207 801 a
221 737 379 800 Romanis
393 757 452 821 pro
466 734 611 799 liceitate
633 737 849 820 tetragamiae
872 735 974 801 allata
996 736 1135 816 eraut‚¹l

42 837 173 920 petitque,
208 845 244 898 ut
267 843 393 898 mutata
417 834 580 898 sententia
604 833 819 897 concordiam
842 856 919 898 cum
944 837 1014 918 ipso
1045 837 1136 899 inoat

43 931 183 996 Pontifex.
230 931 270 996 In
301 932 450 996 favorem
482 932 664 996 sententiae
687 929 816 996 Nicolai
848 931 970 998 adduci
1000 933 1134 1018 quidem

41 1041 169 1112 poteraut
198 1051 342 1094 canones
375 1022 417 1092 et'
438 1029 537 1092 effata
575 1030 740 1094 severiora
775 1030 910 1094 Patrum
941 1049 1135 1114 graecorum

41 1125 71 1189 ‹lc
90 1131 208 1213 quartis
223 1128 358 1212 nuptiis,
383 1126 441 1190 sed
458 1128 599 1192 nimium
624 1126 720 1212 plane
736 1129 806 1212 ipse
822 1127 1030 1213 procedebat,
1055 1126 1136 1191 duur

40 1247 82 1288 cas
101 1236 255 1290 assereret
277 1247 337 1310 per
369 1247 403 1288 so
427 1235 603 1309 peecatum
632 1247 718 1306 esse,
748 1225 879 1311 legique
903 1225 1038 1289 divinae
1062 1247 1137 1289 eou-

40 1325 137 1387 trarias
161 1325 217 1400 ita,
244 1333 281 1386 ut
305 1324 507 1407 dispensatio
531 1322 601 1387 dari
627 1342 693 1387 nou
716 1335 835 1409 posset.
871 1323 909 1387 lu
933 1323 1072 1388 ecelesia
1089 1345 1140 1388 oc-

39 1421 176 1486 cidentali
200 1443 265 1486 non
294 1420 517 1486 laudabantur
540 1421 675 1507 quidem
700 1423 837 1505 nuptiae
862 1421 1048 1500 ulteriores,
1080 1421 1138 1485 sed

39 1531 131 1584 tamon
155 1542 219 1584 uon
244 1519 499 1584 damnabantur.
545 1519 623 1583 Jam
656 1543 680 1583 s.
705 1519 931 1603 Arrgtrstiuus:
963 1521 1012 1582 De
1036 1519 1141 1583 tertiis

37 1629 59 1678 ct
78 1620 194 1702 quartis
225 1629 255 1682 et
279 1617 318 1682 de
340 1616 428 1681 ultro
451 1615 604 1702 placidos
627 1618 749 1702 ineptiis
779 1617 879 1681 rolant
912 1619 1049 1680 domines
1079 1639 1139 1680 mo·

39 1737 92 1776 rere
116 1717 334 1800 mationem.
385 1714 475 1778 Unde
498 1725 534 1778 stt
557 1715 690 1778 breviter
716 1714 937 1800 respoctdoom,
969 1739 1023 1778 nce
1054 1715 1142 1779 ullus

37 1815 150 1897 nuptias
173 1813 274 1878 audeo
298 1813 468 1888 damnare,
502 1835 558 1876 neo
591 1815 635 1876 eis
667 1814 886 1877 uerecundiam
907 1815 1143 1876 numerositatis

36 1911 189 1996 anferre.²)
244 1910 407 1991 Quamvis
436 1921 545 1974 autern
580 1913 735 1976 severiori
768 1910 962 1995 disciplinae
996 1910 1142 1975 Orientis

36 2007 161 2073 Romani
193 2009 370 2073 Pontifices
407 2011 592 2072 consentire
623 2020 773 2094 possent,
807 2008 994 2072 nullatenus
1028 2019 1141 2072 tamen

35 2117 171 2188 poterant
201 2107 377 2172 admittere
410 2105 499 2170 illam
535 2104 663 2170 Nicolai
697 2108 911 2181 seutentiam,
945 2106 998 2170 vel
1023 2109 1140 2190 impro-

35 2202 101 2268 bare
127 2205 259 2269 modum
283 2204 403 2288 agendi
429 2203 534 2288 Sergii
560 2204 609 2268 lll
633 2227 673 2268 ac
697 2204 977 2289 dispensationem
1001 2204 1044 2268 ab
1070 2205 1140 2288 ipso

35 2321 222 2368 concessam.
268 2301 380 2387 Atque
410 2300 473 2365 hao
503 2303 630 2366 ratione
663 2301 822 2366 dissensio
856 2323 931 2365 cum
964 2302 1050 2366 Sede
1081 2302 1140 2364 lto-

34 2419 124 2464 mana
145 2401 296 2484 perstitit.

110 2525 165 2588 41.
211 2524 375 2588 Paulatim
411 2534 521 2587 tamen
545 2523 702 2588 Nicolaus
734 2527 957 2610 importunam
991 2525 1318 2586 severim-coeuntium

33 2632 88 2684 tem
113 2625 263 2686 minuere
288 2623 378 2686 visus
402 2631 460 2687 est.
499 2619 692 2687 Alexandro
716 2623 816 2686 fratre
840 2623 962 2685 Leonis
987 2621 1143 2685 defuncto
1194 2601 1273 2645 Μ*

33 2717 70 2803 [a.
92 2720 171 2808 913)
205 2722 267 2805 ipsi
292 2722 469 2805 praecipue
503 2719 604 2784 tutela
633 2718 840 2785 Constantini
866 2719 1143 2805 Porphyrogeniti

32 2829 122 2902 atque
146 2818 389 2883 administratio
413 2820 459 2882 rei
484 2817 637 2904 publicae
667 2820 842 2883 commissa
864 2817 944 2891 fuit,
977 2837 1145 2902 quumque¹

33 2927 159 2998 petente
180 2916 396 2980 Constantino
430 2927 534 2980 mater
557 2918 660 3002 ipsius
684 2917 759 3000 Zoe,
795 2926 894 2980 antea
925 2915 1078 2998 relegata,
1103 2913 1145 2977 ad

33 3014 184 3095 palatium
216 3015 380 3088 rediisset,
414 3035 486 3078 eam
523 3024 559 3078 ut
591 3015 777 3100 Augustam
810 3013 966 3078 Nicolaus
999 3015 1146 3096 agnovit.

31 3110 65 3174 ld
89 3111 271 3176 secuudum
307 3113 472 3198 principia
496 3135 556 3176 sira
586 3115 751 3177 severiora
775 3133 840 3176 nou
865 3113 1024 3196 potuisset
1049 3113 1146 3196 patri·

30 3211 143 3288 archa,
177 3209 447 3296 quandoquidem
478 3231 520 3273 ex
556 3211 658 3296 ipsius
682 3212 837 3296 opinione
861 3210 927 3272 Zet—2
950 3231 1017 3273 uon
1041 3209 1149 3271 suerat

31 3310 87 3370 nisi
113 3307 286 3393 illegitima
310 3307 496 3372 concubina
512 3309 634 3372 Leonis
659 3308 717 3373 VI.
741 3308 909 3394 Implioite
926 3307 1027 3392 igitur
1050 3316 1149 3392 atque

31 3419 163 3471 externe
194 3405 309 3470 saltem
337 3407 410 3491 jam
443 3408 597 3490 agnovit,
634 3427 705 3470 cnm
741 3406 915 3491 conjugem
949 3426 1062 3470 veram
1086 3404 1149 3467 lm-

31 3507 188 3588 peratoris
220 3503 332 3568 fuisse.
370 3541 412 3552 --
447 3505 616 3568 Postremo
650 3525 687 3568 eo
726 3505 879 3590 pervenit
909 3503 1082 3582 Nicolaus,
1114 3511 1152 3564 ut

30 3625 115 3666 auno
141 3605 202 3668 921
229 3602 355 3686 synodo
380 3601 493 3666 habitu
519 3603 597 3666 unio
630 3603 663 3667 in
697 3601 922 3688 patriarchatu
946 3599 1079 3665 OPtano
1104 3621 1150 3662 re·

30 3702 227 3780 stitueretur,
253 3711 286 3762 et
304 3701 472 3764 communi
489 3721 651 3765 consensu
675 3702 807 3764 unionis
831 3699 1000 3764 decretum
1025 3699 1065 3763 de
1089 3707 1150 3760 ter·

31 3800 81 3862 tiis
115 3807 152 3861 et
173 3799 298 3884 quartis
322 3799 446 3883 nuptiis
479 3799 684 3864 conderetur.
732 3797 851 3877 Quoad
883 3799 995 3860 tertias
1019 3796 1152 3880 nuptias

197 3927 241 3936 ⁴-

102 3969 123 4028 1)
143 3967 203 4021 Jam
224 3982 276 4022 uon
302 3973 413 4020 exstem
431 3968 591 4022 documenta
615 3981 683 4032 quae
703 3983 721 4020 a
739 3966 806 4020 Sede
824 3965 980 4034 Apostolica
1004 3963 1054 4017 hac
1073 3962 1101 4016 iu
1121 3979 1151 4018 re

30 4046 290 4114 Constantinopolim
310 4047 391 4102 missa
409 4055 496 4106 eraut,
515 4047 561 4102 sed
580 4047 703 4114 aSergio
723 4045 767 4100 Ill
785 4045 857 4099 datis
870 4043 971 4099 litteris
984 4043 1151 4097 vindicatum

31 4127 114 4182 scrisse
131 4129 176 4194 jus
195 4133 353 4194 quartarum
380 4127 536 4195 nuptiarum
562 4127 659 4180 saltem
685 4125 711 4180 vi
730 4125 954 4193 dispensationis,
980 4139 1013 4177 ex
1037 4121 1154 4191 epistola

31 4207 136 4261 Nicolai
157 4208 263 4275 pystici
283 4207 428 4276 colligitur.

101 4293 122 4333 ‘·'=
144 4289 214 4356 Aug.
235 4287 267 4342 de
286 4287 353 4342 bono
372 4289 426 4342 rid.
445 4305 467 4343 c.
489 4289 528 4340 12.
