<?xml version="1.0" encoding="UTF-8"?>
<!DOCTYPE html PUBLIC "-//W3C//DTD XHTML 1.0 Transitional//EN"
    "http://www.w3.org/TR/xhtml1/DTD/xhtml1-transitional.dtd">
<html xmlns="http://www.w3.org/1999/xhtml" xml:lang="en" lang="en">
 <head>
  <title>
</title>
<meta http-equiv="Content-Type" content="text/html;charset=utf-8" />
  <meta name='ocr-system' content='tesseract 3.04.00' />
  <meta name='ocr-capabilities' content='ocr_page ocr_carea ocr_par ocr_line ocrx_word'/>
</head>
<body>
  <div class='ocr_page' id='page_1' title='image "./dissertationess01junggoog_0034.png"; bbox 0 0 3002 4836; ppageno 0'>
   <div class='ocr_carea' id='block_1_1' title="bbox 415 503 1209 562">
    <p class='ocr_par' dir='ltr' id='par_1_1' title="bbox 415 503 1209 562">
     <span class='ocr_line' id='line_1_1' title="bbox 415 503 1209 562; baseline 0.003 -4"><span class='ocrx_word' id='word_1_1' title='bbox 415 505 501 560; x_wconf 84' lang='lat' dir='ltr'><strong>Initia</strong></span> <span class='ocrx_word' id='word_1_2' title='bbox 517 503 636 560; x_wconf 87' lang='lat' dir='ltr'><strong>haeresis</strong></span> <span class='ocrx_word' id='word_1_3' title='bbox 655 505 887 562; x_wconf 83' lang='lat' dir='ltr'><strong>iconoclastarum.</strong></span> <span class='ocrx_word' id='word_1_4' title='bbox 1174 507 1209 562; x_wconf 78' lang='lat'><strong>23</strong></span> 
     </span>
    </p>
   </div>
   <div class='ocr_carea' id='block_1_2' title="bbox 85 647 1385 4064">
    <p class='ocr_par' dir='ltr' id='par_1_2' title="bbox 85 647 1214 2398">
     <span class='ocr_line' id='line_1_2' title="bbox 88 647 1209 735; baseline 0.004 -23"><span class='ocrx_word' id='word_1_5' title='bbox 88 651 187 714; x_wconf 68' lang='lat' dir='ltr'><strong>tracti</strong></span> <span class='ocrx_word' id='word_1_6' title='bbox 210 647 378 735; x_wconf 87' lang='lat' dir='ltr'><strong>dejectus,</strong></span> <span class='ocrx_word' id='word_1_7' title='bbox 404 659 437 712; x_wconf 89' lang='lat' dir='ltr'><strong>et</strong></span> <span class='ocrx_word' id='word_1_8' title='bbox 459 671 479 711; x_wconf 88' lang='lat' dir='ltr'><strong>a</strong></span> <span class='ocrx_word' id='word_1_9' title='bbox 502 647 696 714; x_wconf 89' lang='lat' dir='ltr'><strong>mulieribus</strong></span> <span class='ocrx_word' id='word_1_10' title='bbox 720 650 848 713; x_wconf 91' lang='lat' dir='ltr'><strong>occisus</strong></span> <span class='ocrx_word' id='word_1_11' title='bbox 872 658 930 714; x_wconf 91' lang='lat' dir='ltr'><strong>est.</strong></span> <span class='ocrx_word' id='word_1_12' title='bbox 977 647 1008 713; x_wconf 85' lang='lat' dir='ltr'><strong>A</strong></span> <span class='ocrx_word' id='word_1_13' title='bbox 1032 672 1131 714; x_wconf 86' lang='lat' dir='ltr'><strong>saevo</strong></span> <span class='ocrx_word' id='word_1_14' title='bbox 1146 649 1209 716; x_wconf 90' lang='lat' dir='ltr'><strong>Im·</strong></span> 
     </span>
     <span class='ocr_line' id='line_1_3' title="bbox 89 745 1209 834; baseline 0.001 -23"><span class='ocrx_word' id='word_1_15' title='bbox 89 757 233 830; x_wconf 84' lang='lat' dir='ltr'><strong>peratore</strong></span> <span class='ocrx_word' id='word_1_16' title='bbox 258 747 300 811; x_wconf 92' lang='lat' dir='ltr'><strong>ob</strong></span> <span class='ocrx_word' id='word_1_17' title='bbox 325 745 488 833; x_wconf 90' lang='lat' dir='ltr'><strong>ejusmodi</strong></span> <span class='ocrx_word' id='word_1_18' title='bbox 522 746 646 811; x_wconf 85' lang='lat' dir='ltr'><strong>factum</strong></span> <span class='ocrx_word' id='word_1_19' title='bbox 676 745 804 833; x_wconf 89' lang='lat' dir='ltr'><strong>plures,</strong></span> <span class='ocrx_word' id='word_1_20' title='bbox 830 748 930 812; x_wconf 89' lang='lat' dir='ltr'><strong>etiam</strong></span> <span class='ocrx_word' id='word_1_21' title='bbox 953 745 1115 829; x_wconf 82' lang='lat' dir='ltr'><strong>feminae,</strong></span> <span class='ocrx_word' id='word_1_22' title='bbox 1139 770 1209 834; x_wconf 89' lang='lat' dir='ltr'><strong>gra-</strong></span> 
     </span>
     <span class='ocr_line' id='line_1_4' title="bbox 90 843 1209 932; baseline 0.004 -26"><span class='ocrx_word' id='word_1_23' title='bbox 90 845 230 910; x_wconf 83' lang='lat' dir='ltr'><strong>vissimis</strong></span> <span class='ocrx_word' id='word_1_24' title='bbox 263 846 380 932; x_wconf 89' lang='lat' dir='ltr'><strong>poeuis</strong></span> <span class='ocrx_word' id='word_1_25' title='bbox 413 845 522 908; x_wconf 86' lang='lat' dir='ltr'><strong>affecti</strong></span> <span class='ocrx_word' id='word_1_26' title='bbox 547 854 633 910; x_wconf 89' lang='lat' dir='ltr'><strong>sunt.</strong></span> <span class='ocrx_word' id='word_1_27' title='bbox 667 883 710 892; x_wconf 94' lang='lat'>-</span> <span class='ocrx_word' id='word_1_28' title='bbox 732 843 856 910; x_wconf 90' lang='lat' dir='ltr'><strong>Leonis</strong></span> <span class='ocrx_word' id='word_1_29' title='bbox 879 845 1041 931; x_wconf 72' lang='lat' dir='ltr'><strong>impietati</strong></span> <span class='ocrx_word' id='word_1_30' title='bbox 1066 869 1131 932; x_wconf 90' lang='lat' dir='ltr'><strong>qua</strong></span> <span class='ocrx_word' id='word_1_31' title='bbox 1153 867 1209 932; x_wconf 90' lang='lat' dir='ltr'><strong>po-</strong></span> 
     </span>
     <span class='ocr_line' id='line_1_5' title="bbox 88 939 1208 1030; baseline 0.003 -24"><span class='ocrx_word' id='word_1_32' title='bbox 88 943 146 1006; x_wconf 85' lang='lat' dir='ltr'><strong>tuit</strong></span> <span class='ocrx_word' id='word_1_33' title='bbox 169 945 359 1008; x_wconf 84' lang='lat' dir='ltr'><strong>constantia</strong></span> <span class='ocrx_word' id='word_1_34' title='bbox 392 941 519 1006; x_wconf 85' lang='lat' dir='ltr'><strong>obstitit</strong></span> <span class='ocrx_word' id='word_1_35' title='bbox 552 942 585 1008; x_wconf 91' lang='lat' dir='ltr'><strong>S.</strong></span> <span class='ocrx_word' id='word_1_36' title='bbox 610 939 797 1008; x_wconf 83' lang='lat' dir='ltr'><strong>Germanus</strong></span> <span class='ocrx_word' id='word_1_37' title='bbox 829 943 1018 1028; x_wconf 89' lang='lat' dir='ltr'><strong>patriarcha</strong></span> <span class='ocrx_word' id='word_1_38' title='bbox 1046 942 1208 1030; x_wconf 84' lang='lat' dir='ltr'><strong>OPtanus,</strong></span> 
     </span>
     <span class='ocr_line' id='line_1_6' title="bbox 88 1038 1209 1127; baseline 0.002 -23"><span class='ocrx_word' id='word_1_39' title='bbox 88 1061 186 1104; x_wconf 86' lang='lat' dir='ltr'><strong>senex</strong></span> <span class='ocrx_word' id='word_1_40' title='bbox 210 1041 395 1126; x_wconf 87' lang='lat' dir='ltr'><strong>nonaginta</strong></span> <span class='ocrx_word' id='word_1_41' title='bbox 417 1038 486 1106; x_wconf 89' lang='lat' dir='ltr'><strong>fere</strong></span> <span class='ocrx_word' id='word_1_42' title='bbox 502 1055 681 1123; x_wconf 85' lang='lat' dir='ltr'><strong>annorum,</strong></span> <span class='ocrx_word' id='word_1_43' title='bbox 701 1041 877 1127; x_wconf 78' lang='lat' dir='ltr'><strong>omniaque</strong></span> <span class='ocrx_word' id='word_1_44' title='bbox 891 1043 1050 1125; x_wconf 86' lang='lat' dir='ltr'><strong>tentavit,</strong></span> <span class='ocrx_word' id='word_1_45' title='bbox 1075 1051 1111 1106; x_wconf 90' lang='lat' dir='ltr'><strong>ut</strong></span> <span class='ocrx_word' id='word_1_46' title='bbox 1133 1064 1209 1106; x_wconf 88' lang='lat' dir='ltr'><strong>eum</strong></span> 
     </span>
     <span class='ocr_line' id='line_1_7' title="bbox 86 1137 1209 1225; baseline 0.004 -27"><span class='ocrx_word' id='word_1_47' title='bbox 86 1159 105 1198; x_wconf 87' lang='lat' dir='ltr'><strong>a</strong></span> <span class='ocrx_word' id='word_1_48' title='bbox 125 1138 214 1203; x_wconf 88' lang='lat' dir='ltr'><strong>male</strong></span> <span class='ocrx_word' id='word_1_49' title='bbox 240 1141 367 1225; x_wconf 86' lang='lat' dir='ltr'><strong>coeptis</strong></span> <span class='ocrx_word' id='word_1_50' title='bbox 395 1149 576 1204; x_wconf 87' lang='lat' dir='ltr'><strong>revocaret.</strong></span> <span class='ocrx_word' id='word_1_51' title='bbox 622 1139 664 1204; x_wconf 86' lang='lat' dir='ltr'><strong>Ei</strong></span> <span class='ocrx_word' id='word_1_52' title='bbox 688 1137 858 1204; x_wconf 77' lang='lat' dir='ltr'><strong>Ecclesiae</strong></span> <span class='ocrx_word' id='word_1_53' title='bbox 890 1159 986 1204; x_wconf 87' lang='lat' dir='ltr'><strong>usum</strong></span> <span class='ocrx_word' id='word_1_54' title='bbox 1010 1150 1043 1203; x_wconf 90' lang='lat' dir='ltr'><strong>st</strong></span> <span class='ocrx_word' id='word_1_55' title='bbox 1064 1139 1209 1204; x_wconf 88' lang='lat' dir='ltr'><strong>traditio-</strong></span> 
     </span>
     <span class='ocr_line' id='line_1_8' title="bbox 87 1235 1209 1323; baseline 0.005 -25"><span class='ocrx_word' id='word_1_56' title='bbox 87 1255 159 1298; x_wconf 85' lang='lat' dir='ltr'><strong>nem</strong></span> <span class='ocrx_word' id='word_1_57' title='bbox 184 1235 228 1300; x_wconf 89' lang='lat' dir='ltr'><strong>de</strong></span> <span class='ocrx_word' id='word_1_58' title='bbox 253 1257 422 1300; x_wconf 87' lang='lat' dir='ltr'><strong>sacrarum</strong></span> <span class='ocrx_word' id='word_1_59' title='bbox 446 1236 630 1320; x_wconf 81' lang='lat' dir='ltr'><strong>imaginum</strong></span> <span class='ocrx_word' id='word_1_60' title='bbox 658 1235 747 1302; x_wconf 86' lang='lat' dir='ltr'><strong>cultu</strong></span> <span class='ocrx_word' id='word_1_61' title='bbox 781 1237 952 1323; x_wconf 86' lang='lat' dir='ltr'><strong>opposuit,</strong></span> <span class='ocrx_word' id='word_1_62' title='bbox 978 1248 1010 1302; x_wconf 90' lang='lat' dir='ltr'><strong>et</strong></span> <span class='ocrx_word' id='word_1_63' title='bbox 1033 1240 1067 1303; x_wconf 92' lang='lat' dir='ltr'><strong>in</strong></span> <span class='ocrx_word' id='word_1_64' title='bbox 1091 1259 1209 1304; x_wconf 90' lang='lat' dir='ltr'><strong>memo·</strong></span> 
     </span>
     <span class='ocr_line' id='line_1_9' title="bbox 88 1333 1211 1422; baseline 0.001 -24"><span class='ocrx_word' id='word_1_65' title='bbox 88 1335 168 1398; x_wconf 85' lang='lat' dir='ltr'><strong>riam</strong></span> <span class='ocrx_word' id='word_1_66' title='bbox 210 1335 386 1398; x_wconf 88' lang='lat' dir='ltr'><strong>revocavit</strong></span> <span class='ocrx_word' id='word_1_67' title='bbox 419 1333 578 1400; x_wconf 90' lang='lat' dir='ltr'><strong>solemnia</strong></span> <span class='ocrx_word' id='word_1_68' title='bbox 607 1335 785 1420; x_wconf 87' lang='lat' dir='ltr'><strong>promissa,</strong></span> <span class='ocrx_word' id='word_1_69' title='bbox 816 1356 901 1421; x_wconf 90' lang='lat' dir='ltr'><strong>quae</strong></span> <span class='ocrx_word' id='word_1_70' title='bbox 925 1334 1004 1400; x_wconf 91' lang='lat' dir='ltr'><strong>dum</strong></span> <span class='ocrx_word' id='word_1_71' title='bbox 1027 1336 1211 1422; x_wconf 87' lang='lat' dir='ltr'><strong>imperator</strong></span> 
     </span>
     <span class='ocr_line' id='line_1_10' title="bbox 87 1429 1210 1516; baseline 0.002 -22"><span class='ocrx_word' id='word_1_72' title='bbox 87 1433 364 1516; x_wconf 75' lang='lat' dir='ltr'><strong>inauguraretur,</strong></span> <span class='ocrx_word' id='word_1_73' title='bbox 406 1433 560 1497; x_wconf 81' lang='lat' dir='ltr'><strong>emiserat</strong></span> <span class='ocrx_word' id='word_1_74' title='bbox 599 1432 640 1496; x_wconf 93' lang='lat' dir='ltr'><strong>de</strong></span> <span class='ocrx_word' id='word_1_75' title='bbox 675 1453 742 1496; x_wconf 88' lang='lat' dir='ltr'><strong>non</strong></span> <span class='ocrx_word' id='word_1_76' title='bbox 779 1429 1004 1498; x_wconf 78' lang='lat' dir='ltr'><strong>convellendis</strong></span> <span class='ocrx_word' id='word_1_77' title='bbox 1040 1433 1210 1498; x_wconf 80' lang='lat' dir='ltr'><strong>Ecclesiae</strong></span> 
     </span>
     <span class='ocr_line' id='line_1_11' title="bbox 85 1527 1210 1616; baseline 0.006 -24"><span class='ocrx_word' id='word_1_78' title='bbox 85 1529 214 1595; x_wconf 89' lang='lat' dir='ltr'><strong>ritibus.</strong></span> <span class='ocrx_word' id='word_1_79' title='bbox 263 1527 310 1594; x_wconf 87' lang='lat' dir='ltr'><strong>At</strong></span> <span class='ocrx_word' id='word_1_80' title='bbox 333 1528 418 1594; x_wconf 90' lang='lat' dir='ltr'><strong>nihil</strong></span> <span class='ocrx_word' id='word_1_81' title='bbox 442 1531 576 1595; x_wconf 90' lang='lat' dir='ltr'><strong>monitis</strong></span> <span class='ocrx_word' id='word_1_82' title='bbox 602 1531 671 1594; x_wconf 92' lang='lat' dir='ltr'><strong>suis</strong></span> <span class='ocrx_word' id='word_1_83' title='bbox 695 1531 833 1616; x_wconf 89' lang='lat' dir='ltr'><strong>profecit</strong></span> <span class='ocrx_word' id='word_1_84' title='bbox 856 1540 988 1596; x_wconf 89' lang='lat' dir='ltr'><strong>sanctus</strong></span> <span class='ocrx_word' id='word_1_85' title='bbox 1011 1532 1210 1616; x_wconf 84' lang='lat' dir='ltr'><strong>patriarche,</strong></span> 
     </span>
     <span class='ocr_line' id='line_1_12' title="bbox 88 1627 1210 1716; baseline 0.001 -24"><span class='ocrx_word' id='word_1_86' title='bbox 88 1627 179 1692; x_wconf 88' lang='lat' dir='ltr'><strong>Idem</strong></span> <span class='ocrx_word' id='word_1_87' title='bbox 205 1627 339 1713; x_wconf 88' lang='lat' dir='ltr'><strong>praesul</strong></span> <span class='ocrx_word' id='word_1_88' title='bbox 363 1627 408 1693; x_wconf 88' lang='lat' dir='ltr'><strong>ad</strong></span> <span class='ocrx_word' id='word_1_89' title='bbox 430 1627 579 1692; x_wconf 90' lang='lat' dir='ltr'><strong>diversos</strong></span> <span class='ocrx_word' id='word_1_90' title='bbox 602 1630 790 1716; x_wconf 89' lang='lat' dir='ltr'><strong>episcopos,</strong></span> <span class='ocrx_word' id='word_1_91' title='bbox 820 1649 959 1715; x_wconf 90' lang='lat' dir='ltr'><strong>quorum</strong></span> <span class='ocrx_word' id='word_1_92' title='bbox 983 1628 1085 1716; x_wconf 82' lang='lat' dir='ltr'><strong>aliqui</strong></span> <span class='ocrx_word' id='word_1_93' title='bbox 1109 1631 1210 1715; x_wconf 91' lang='lat' dir='ltr'><strong>impio</strong></span> 
     </span>
     <span class='ocr_line' id='line_1_13' title="bbox 86 1724 1211 1813; baseline 0.002 -24"><span class='ocrx_word' id='word_1_94' title='bbox 86 1725 285 1812; x_wconf 87' lang='lat' dir='ltr'><strong>Imperatori</strong></span> <span class='ocrx_word' id='word_1_95' title='bbox 316 1724 587 1808; x_wconf 79' lang='lat' dir='ltr'><strong>assentabantur,</strong></span> <span class='ocrx_word' id='word_1_96' title='bbox 621 1725 745 1790; x_wconf 86' lang='lat' dir='ltr'><strong>litteras</strong></span> <span class='ocrx_word' id='word_1_97' title='bbox 774 1728 881 1810; x_wconf 86' lang='lat' dir='ltr'><strong>misit,</strong></span> <span class='ocrx_word' id='word_1_98' title='bbox 905 1728 939 1791; x_wconf 89' lang='lat' dir='ltr'><strong>in</strong></span> <span class='ocrx_word' id='word_1_99' title='bbox 964 1725 1085 1813; x_wconf 91' lang='lat' dir='ltr'><strong>quibus</strong></span> <span class='ocrx_word' id='word_1_100' title='bbox 1108 1749 1211 1792; x_wconf 88' lang='lat' dir='ltr'><strong>sacra·</strong></span> 
     </span>
     <span class='ocr_line' id='line_1_14' title="bbox 87 1821 1212 1910; baseline 0.002 -22"><span class='ocrx_word' id='word_1_101' title='bbox 87 1845 158 1888; x_wconf 89' lang='lat' dir='ltr'><strong>rum</strong></span> <span class='ocrx_word' id='word_1_102' title='bbox 184 1825 372 1910; x_wconf 82' lang='lat' dir='ltr'><strong>imaginum</strong></span> <span class='ocrx_word' id='word_1_103' title='bbox 398 1822 522 1888; x_wconf 88' lang='lat' dir='ltr'><strong>cultum</strong></span> <span class='ocrx_word' id='word_1_104' title='bbox 547 1823 643 1888; x_wconf 85' lang='lat' dir='ltr'><strong>docte</strong></span> <span class='ocrx_word' id='word_1_105' title='bbox 667 1822 824 1890; x_wconf 86' lang='lat' dir='ltr'><strong>defendit.</strong></span> <span class='ocrx_word' id='word_1_106' title='bbox 870 1822 1050 1910; x_wconf 81' lang='lat' dir='ltr'><strong>Gregorius</strong></span> <span class='ocrx_word' id='word_1_107' title='bbox 1072 1821 1107 1888; x_wconf 85' lang='lat'><strong>11</strong></span> <span class='ocrx_word' id='word_1_108' title='bbox 1129 1823 1212 1890; x_wconf 90' lang='lat' dir='ltr'><strong>Pon·</strong></span> 
     </span>
     <span class='ocr_line' id='line_1_15' title="bbox 88 1919 1211 2008; baseline 0.002 -24"><span class='ocrx_word' id='word_1_109' title='bbox 88 1923 170 1986; x_wconf 85' lang='lat' dir='ltr'><strong>til&#39;ex</strong></span> <span class='ocrx_word' id='word_1_110' title='bbox 194 1943 276 1985; x_wconf 80' lang='lat' dir='ltr'><strong>vero</strong></span> <span class='ocrx_word' id='word_1_111' title='bbox 301 1944 331 1986; x_wconf 89' lang='lat' dir='ltr'><strong>a.</strong></span> <span class='ocrx_word' id='word_1_112' title='bbox 357 1919 391 1986; x_wconf 86' lang='lat' dir='ltr'><strong>S.</strong></span> <span class='ocrx_word' id='word_1_113' title='bbox 418 1921 583 1986; x_wconf 89' lang='lat' dir='ltr'><strong>Germano</strong></span> <span class='ocrx_word' id='word_1_114' title='bbox 608 1921 650 1986; x_wconf 90' lang='lat' dir='ltr'><strong>de</strong></span> <span class='ocrx_word' id='word_1_115' title='bbox 677 1931 744 1986; x_wconf 87' lang='lat' dir='ltr'><strong>tota</strong></span> <span class='ocrx_word' id='word_1_116' title='bbox 763 1944 798 1986; x_wconf 86' lang='lat' dir='ltr'><strong>rs</strong></span> <span class='ocrx_word' id='word_1_117' title='bbox 822 1923 941 1987; x_wconf 87' lang='lat' dir='ltr'><strong>certior</strong></span> <span class='ocrx_word' id='word_1_118' title='bbox 963 1922 1069 1988; x_wconf 85' lang='lat' dir='ltr'><strong>factus</strong></span> <span class='ocrx_word' id='word_1_119' title='bbox 1092 1921 1135 1988; x_wconf 84' lang='lat' dir='ltr'><strong>ad</strong></span> <span class='ocrx_word' id='word_1_120' title='bbox 1158 1944 1211 2008; x_wconf 88' lang='lat' dir='ltr'><strong>pa-</strong></span> 
     </span>
     <span class='ocr_line' id='line_1_16' title="bbox 87 2019 1212 2106; baseline -0.002 -22"><span class='ocrx_word' id='word_1_121' title='bbox 87 2019 268 2084; x_wconf 82' lang='lat' dir='ltr'><strong>triarcham</strong></span> <span class='ocrx_word' id='word_1_122' title='bbox 293 2019 464 2104; x_wconf 87' lang='lat' dir='ltr'><strong>epistolam</strong></span> <span class='ocrx_word' id='word_1_123' title='bbox 485 2021 632 2106; x_wconf 87' lang='lat' dir='ltr'><strong>scripsit,</strong></span> <span class='ocrx_word' id='word_1_124' title='bbox 650 2021 684 2085; x_wconf 90' lang='lat' dir='ltr'><strong>in</strong></span> <span class='ocrx_word' id='word_1_125' title='bbox 700 2043 766 2106; x_wconf 89' lang='lat' dir='ltr'><strong>qua</strong></span> <span class='ocrx_word' id='word_1_126' title='bbox 790 2021 819 2084; x_wconf 91' lang='lat' dir='ltr'><strong>ei</strong></span> <span class='ocrx_word' id='word_1_127' title='bbox 843 2021 886 2084; x_wconf 91' lang='lat' dir='ltr'><strong>de</strong></span> <span class='ocrx_word' id='word_1_128' title='bbox 909 2023 1093 2086; x_wconf 88' lang='lat' dir='ltr'><strong>constantia</strong></span> <span class='ocrx_word' id='word_1_129' title='bbox 1109 2023 1142 2086; x_wconf 91' lang='lat' dir='ltr'><strong>in</strong></span> <span class='ocrx_word' id='word_1_130' title='bbox 1160 2019 1212 2084; x_wconf 92' lang='lat' dir='ltr'><strong>de-</strong></span> 
     </span>
     <span class='ocr_line' id='line_1_17' title="bbox 88 2115 1212 2203; baseline -0.001 -22"><span class='ocrx_word' id='word_1_131' title='bbox 88 2115 258 2182; x_wconf 80' lang='lat' dir='ltr'><strong>fendenda</strong></span> <span class='ocrx_word' id='word_1_132' title='bbox 286 2117 457 2182; x_wconf 81' lang='lat' dir='ltr'><strong>Ecclesiae</strong></span> <span class='ocrx_word' id='word_1_133' title='bbox 485 2116 551 2182; x_wconf 90' lang='lat' dir='ltr'><strong>fide</strong></span> <span class='ocrx_word' id='word_1_134' title='bbox 579 2118 782 2203; x_wconf 87' lang='lat' dir='ltr'><strong>gratulatur,</strong></span> <span class='ocrx_word' id='word_1_135' title='bbox 811 2127 843 2182; x_wconf 91' lang='lat' dir='ltr'><strong>et</strong></span> <span class='ocrx_word' id='word_1_136' title='bbox 872 2118 1055 2184; x_wconf 86' lang='lat' dir='ltr'><strong>doctrinam</strong></span> <span class='ocrx_word' id='word_1_137' title='bbox 1080 2116 1212 2182; x_wconf 89' lang='lat' dir='ltr'><strong>catholi-</strong></span> 
     </span>
     <span class='ocr_line' id='line_1_18' title="bbox 88 2215 1214 2302; baseline -0.002 -22"><span class='ocrx_word' id='word_1_138' title='bbox 88 2239 160 2280; x_wconf 84' lang='lat' dir='ltr'><strong>cam</strong></span> <span class='ocrx_word' id='word_1_139' title='bbox 186 2215 230 2280; x_wconf 86' lang='lat' dir='ltr'><strong>de</strong></span> <span class='ocrx_word' id='word_1_140' title='bbox 254 2237 425 2280; x_wconf 90' lang='lat' dir='ltr'><strong>sacrarum</strong></span> <span class='ocrx_word' id='word_1_141' title='bbox 449 2217 632 2301; x_wconf 88' lang='lat' dir='ltr'><strong>imaginum</strong></span> <span class='ocrx_word' id='word_1_142' title='bbox 664 2215 755 2281; x_wconf 88' lang='lat' dir='ltr'><strong>cultu</strong></span> <span class='ocrx_word' id='word_1_143' title='bbox 778 2215 849 2280; x_wconf 88' lang='lat' dir='ltr'><strong>fuse</strong></span> <span class='ocrx_word' id='word_1_144' title='bbox 874 2216 1034 2302; x_wconf 90' lang='lat' dir='ltr'><strong>docteque</strong></span> <span class='ocrx_word' id='word_1_145' title='bbox 1058 2215 1158 2280; x_wconf 85' lang='lat' dir='ltr'><strong>tradit</strong></span> <span class='ocrx_word' id='word_1_146' title='bbox 1182 2224 1214 2278; x_wconf 88' lang='lat' dir='ltr'><strong>et</strong></span> 
     </span>
     <span class='ocr_line' id='line_1_19' title="bbox 90 2312 291 2398; baseline 0.01 -24"><span class='ocrx_word' id='word_1_147' title='bbox 90 2312 291 2398; x_wconf 84' lang='lat' dir='ltr'><strong>vindieat¹).</strong></span> 
     </span>
    </p>

    <p class='ocr_par' dir='ltr' id='par_1_3' title="bbox 91 2409 1216 3572">
     <span class='ocr_line' id='line_1_20' title="bbox 180 2409 1214 2496; baseline -0.003 -20"><span class='ocrx_word' id='word_1_148' title='bbox 180 2411 237 2477; x_wconf 78' lang='lat'><strong>26.</strong></span> <span class='ocrx_word' id='word_1_149' title='bbox 262 2409 568 2476; x_wconf 84' lang='lat' dir='ltr'><strong>IncolaeGraeciae</strong></span> <span class='ocrx_word' id='word_1_150' title='bbox 592 2421 624 2476; x_wconf 90' lang='lat' dir='ltr'><strong>et</strong></span> <span class='ocrx_word' id='word_1_151' title='bbox 640 2409 862 2496; x_wconf 82' lang='lat' dir='ltr'><strong>Cycladarum</strong></span> <span class='ocrx_word' id='word_1_152' title='bbox 886 2411 1068 2476; x_wconf 85' lang='lat' dir='ltr'><strong>insularum</strong></span> <span class='ocrx_word' id='word_1_153' title='bbox 1089 2411 1214 2475; x_wconf 88' lang='lat' dir='ltr'><strong>interea</strong></span> 
     </span>
     <span class='ocr_line' id='line_1_21' title="bbox 94 2509 1214 2595; baseline 0.002 -23"><span class='ocrx_word' id='word_1_154' title='bbox 94 2509 307 2595; x_wconf 78' lang='lat' dir='ltr'><strong>Imperatoris</strong></span> <span class='ocrx_word' id='word_1_155' title='bbox 341 2511 508 2594; x_wconf 86' lang='lat' dir='ltr'><strong>impietate</strong></span> <span class='ocrx_word' id='word_1_156' title='bbox 538 2510 657 2574; x_wconf 89' lang='lat' dir='ltr'><strong>irritati</strong></span> <span class='ocrx_word' id='word_1_157' title='bbox 681 2509 724 2574; x_wconf 87' lang='lat' dir='ltr'><strong>ab</strong></span> <span class='ocrx_word' id='word_1_158' title='bbox 753 2531 790 2574; x_wconf 95' lang='lat' dir='ltr'><strong>eo</strong></span> <span class='ocrx_word' id='word_1_159' title='bbox 814 2509 1033 2592; x_wconf 86' lang='lat' dir='ltr'><strong>rebellarunt,</strong></span> <span class='ocrx_word' id='word_1_160' title='bbox 1059 2509 1214 2574; x_wconf 80' lang='lat' dir='ltr'><strong>Cosmum</strong></span> 
     </span>
     <span class='ocr_line' id='line_1_22' title="bbox 92 2605 1214 2693; baseline -0.001 -21"><span class='ocrx_word' id='word_1_161' title='bbox 92 2607 213 2672; x_wconf 87' lang='lat' dir='ltr'><strong>ducem</strong></span> <span class='ocrx_word' id='word_1_162' title='bbox 238 2607 423 2672; x_wconf 79' lang='lat' dir='ltr'><strong>salutamnt</strong></span> <span class='ocrx_word' id='word_1_163' title='bbox 436 2607 693 2693; x_wconf 86' lang='lat' dir='ltr'><strong>Imperatorem,</strong></span> <span class='ocrx_word' id='word_1_164' title='bbox 711 2617 928 2693; x_wconf 88' lang='lat' dir='ltr'><strong>paratamque</strong></span> <span class='ocrx_word' id='word_1_165' title='bbox 944 2609 1111 2692; x_wconf 85' lang='lat' dir='ltr'><strong>ingentem</strong></span> <span class='ocrx_word' id='word_1_166' title='bbox 1136 2605 1214 2671; x_wconf 90' lang='lat' dir='ltr'><strong>clas-</strong></span> 
     </span>
     <span class='ocr_line' id='line_1_23' title="bbox 91 2703 1214 2792; baseline -0.001 -22"><span class='ocrx_word' id='word_1_167' title='bbox 91 2727 159 2770; x_wconf 87' lang='lat' dir='ltr'><strong>sem</strong></span> <span class='ocrx_word' id='word_1_168' title='bbox 177 2705 499 2792; x_wconf 86' lang='lat' dir='ltr'><strong>Constantinopolim</strong></span> <span class='ocrx_word' id='word_1_169' title='bbox 521 2704 738 2771; x_wconf 88' lang='lat' dir='ltr'><strong>destinarunt.</strong></span> <span class='ocrx_word' id='word_1_170' title='bbox 769 2705 834 2772; x_wconf 88' lang='lat' dir='ltr'><strong>Sed</strong></span> <span class='ocrx_word' id='word_1_171' title='bbox 850 2707 1022 2770; x_wconf 88' lang='lat' dir='ltr'><strong>commisso</strong></span> <span class='ocrx_word' id='word_1_172' title='bbox 1042 2703 1165 2790; x_wconf 89' lang='lat' dir='ltr'><strong>proelio</strong></span> <span class='ocrx_word' id='word_1_173' title='bbox 1184 2727 1214 2769; x_wconf 89' lang='lat' dir='ltr'><strong>a.</strong></span> 
     </span>
     <span class='ocr_line' id='line_1_24' title="bbox 93 2801 1216 2889; baseline -0.001 -22"><span class='ocrx_word' id='word_1_174' title='bbox 93 2805 167 2885; x_wconf 71' lang='lat'><strong>72⁷,</strong></span> <span class='ocrx_word' id='word_1_175' title='bbox 182 2804 299 2868; x_wconf 87' lang='lat' dir='ltr'><strong>classis</strong></span> <span class='ocrx_word' id='word_1_176' title='bbox 314 2805 441 2886; x_wconf 88' lang='lat' dir='ltr'><strong>attrita,</strong></span> <span class='ocrx_word' id='word_1_177' title='bbox 456 2802 551 2868; x_wconf 86' lang='lat' dir='ltr'><strong>multi</strong></span> <span class='ocrx_word' id='word_1_178' title='bbox 567 2801 746 2884; x_wconf 89' lang='lat' dir='ltr'><strong>submersi,</strong></span> <span class='ocrx_word' id='word_1_179' title='bbox 759 2803 924 2889; x_wconf 90' lang='lat' dir='ltr'><strong>ducesque</strong></span> <span class='ocrx_word' id='word_1_180' title='bbox 939 2803 1038 2866; x_wconf 91' lang='lat' dir='ltr'><strong>occisi</strong></span> <span class='ocrx_word' id='word_1_181' title='bbox 1054 2813 1138 2866; x_wconf 89' lang='lat' dir='ltr'><strong>sunt.</strong></span> <span class='ocrx_word' id='word_1_182' title='bbox 1163 2803 1216 2866; x_wconf 76' lang='lat' dir='ltr'><strong>Ea</strong></span> 
     </span>
     <span class='ocr_line' id='line_1_25' title="bbox 92 2899 1215 2987; baseline -0.002 -21"><span class='ocrx_word' id='word_1_183' title='bbox 92 2925 166 2987; x_wconf 81' lang='lat' dir='ltr'><strong>quo,</strong></span> <span class='ocrx_word' id='word_1_184' title='bbox 192 2903 303 2987; x_wconf 88' lang='lat' dir='ltr'><strong>inquit</strong></span> <span class='ocrx_word' id='word_1_185' title='bbox 325 2899 546 2986; x_wconf 89' lang='lat' dir='ltr'><strong>Theophanes</strong></span> <span class='ocrx_word' id='word_1_186' title='bbox 569 2903 603 2965; x_wconf 89' lang='lat' dir='ltr'><strong>in</strong></span> <span class='ocrx_word' id='word_1_187' title='bbox 632 2923 692 2966; x_wconf 90' lang='lat' dir='ltr'><strong>sua</strong></span> <span class='ocrx_word' id='word_1_188' title='bbox 716 2899 1002 2986; x_wconf 87' lang='lat' dir='ltr'><strong>Chronographia,</strong></span> <span class='ocrx_word' id='word_1_189' title='bbox 1026 2901 1118 2987; x_wconf 81' lang='lat' dir='ltr'><strong>impii</strong></span> <span class='ocrx_word' id='word_1_190' title='bbox 1141 2901 1215 2964; x_wconf 84' lang='lat' dir='ltr'><strong>Leo·</strong></span> 
     </span>
     <span class='ocr_line' id='line_1_26' title="bbox 95 2997 1215 3088; baseline 0 -26"><span class='ocrx_word' id='word_1_191' title='bbox 95 3003 142 3064; x_wconf 83' lang='lat' dir='ltr'><strong>ru&#39;s</strong></span> <span class='ocrx_word' id='word_1_192' title='bbox 166 3004 294 3088; x_wconf 76' lang='lat' dir='ltr'><strong>ejsuque</strong></span> <span class='ocrx_word' id='word_1_193' title='bbox 327 3001 531 3064; x_wconf 67' lang='lat' dir='ltr'><strong>sectorimum</strong></span> <span class='ocrx_word' id='word_1_194' title='bbox 552 2997 678 3064; x_wconf 84' lang='lat' dir='ltr'><strong>molitio</strong></span> <span class='ocrx_word' id='word_1_195' title='bbox 709 2999 828 3085; x_wconf 81' lang='lat' dir='ltr'><strong>oppido</strong></span> <span class='ocrx_word' id='word_1_196' title='bbox 853 2999 967 3078; x_wconf 67' lang='lat' dir='ltr'><strong>mevit,</strong></span> <span class='ocrx_word' id='word_1_197' title='bbox 991 2999 1070 3062; x_wconf 86' lang='lat' dir='ltr'><strong>adeo</strong></span> <span class='ocrx_word' id='word_1_198' title='bbox 1093 3007 1128 3062; x_wconf 85' lang='lat' dir='ltr'><strong>ut</strong></span> <span class='ocrx_word' id='word_1_199' title='bbox 1151 3019 1215 3062; x_wconf 85' lang='lat' dir='ltr'><strong>aus-</strong></span> 
     </span>
     <span class='ocr_line' id='line_1_27' title="bbox 93 3093 1215 3184; baseline -0.004 -23"><span class='ocrx_word' id='word_1_200' title='bbox 93 3109 215 3184; x_wconf 82' lang='lat' dir='ltr'><strong>ceptum</strong></span> <span class='ocrx_word' id='word_1_201' title='bbox 239 3097 391 3161; x_wconf 72' lang='lat' dir='ltr'><strong>adversa</strong></span> <span class='ocrx_word' id='word_1_202' title='bbox 407 3099 562 3183; x_wconf 80' lang='lat' dir='ltr'><strong>pietatem</strong></span> <span class='ocrx_word' id='word_1_203' title='bbox 591 3093 706 3160; x_wconf 77' lang='lat' dir='ltr'><strong>bellum</strong></span> <span class='ocrx_word' id='word_1_204' title='bbox 729 3096 827 3160; x_wconf 80' lang='lat' dir='ltr'><strong>latius</strong></span> <span class='ocrx_word' id='word_1_205' title='bbox 844 3097 1069 3182; x_wconf 63' lang='lat' dir='ltr'><strong>promoverint.</strong></span> <span class='ocrx_word' id='word_1_206' title='bbox 1117 3093 1215 3158; x_wconf 79' lang='lat' dir='ltr'><strong>Anne</strong></span> 
     </span>
     <span class='ocr_line' id='line_1_28' title="bbox 96 3191 1215 3280; baseline -0.002 -22"><span class='ocrx_word' id='word_1_207' title='bbox 96 3195 159 3259; x_wconf 69' lang='lat'><strong>730</strong></span> <span class='ocrx_word' id='word_1_208' title='bbox 173 3195 244 3259; x_wconf 85' lang='lat' dir='ltr'><strong>Leo</strong></span> <span class='ocrx_word' id='word_1_209' title='bbox 261 3195 294 3261; x_wconf 90' lang='lat' dir='ltr'><strong>S.</strong></span> <span class='ocrx_word' id='word_1_210' title='bbox 310 3193 516 3260; x_wconf 84' lang='lat' dir='ltr'><strong>Germanum</strong></span> <span class='ocrx_word' id='word_1_211' title='bbox 539 3193 652 3279; x_wconf 90' lang='lat' dir='ltr'><strong>impiis</strong></span> <span class='ocrx_word' id='word_1_212' title='bbox 675 3194 745 3280; x_wconf 87' lang='lat' dir='ltr'><strong>ejus</strong></span> <span class='ocrx_word' id='word_1_213' title='bbox 769 3193 909 3258; x_wconf 88' lang='lat' dir='ltr'><strong>decretis</strong></span> <span class='ocrx_word' id='word_1_214' title='bbox 933 3191 1137 3259; x_wconf 88' lang='lat' dir='ltr'><strong>subscribere</strong></span> <span class='ocrx_word' id='word_1_215' title='bbox 1162 3214 1215 3258; x_wconf 92' lang='lat' dir='ltr'><strong>no·</strong></span> 
     </span>
     <span class='ocr_line' id='line_1_29' title="bbox 94 3289 1216 3377; baseline 0 -23"><span class='ocrx_word' id='word_1_216' title='bbox 94 3289 214 3356; x_wconf 84' lang='lat' dir='ltr'><strong>lentem</strong></span> <span class='ocrx_word' id='word_1_217' title='bbox 240 3291 284 3356; x_wconf 88' lang='lat' dir='ltr'><strong>ad</strong></span> <span class='ocrx_word' id='word_1_218' title='bbox 307 3291 532 3357; x_wconf 89' lang='lat' dir='ltr'><strong>abdicandum</strong></span> <span class='ocrx_word' id='word_1_219' title='bbox 562 3291 822 3377; x_wconf 86' lang='lat' dir='ltr'><strong>patriarchatum</strong></span> <span class='ocrx_word' id='word_1_220' title='bbox 848 3289 1020 3358; x_wconf 81' lang='lat' dir='ltr'><strong>OPtanum</strong></span> <span class='ocrx_word' id='word_1_221' title='bbox 1048 3289 1216 3376; x_wconf 87' lang='lat' dir='ltr'><strong>compulit,</strong></span> 
     </span>
     <span class='ocr_line' id='line_1_30' title="bbox 95 3387 1216 3476; baseline 0 -24"><span class='ocrx_word' id='word_1_222' title='bbox 95 3399 127 3453; x_wconf 86' lang='lat' dir='ltr'><strong>et</strong></span> <span class='ocrx_word' id='word_1_223' title='bbox 149 3393 183 3454; x_wconf 91' lang='lat' dir='ltr'><strong>in</strong></span> <span class='ocrx_word' id='word_1_224' title='bbox 209 3391 281 3476; x_wconf 87' lang='lat' dir='ltr'><strong>ejus</strong></span> <span class='ocrx_word' id='word_1_225' title='bbox 312 3389 420 3454; x_wconf 91' lang='lat' dir='ltr'><strong>locum</strong></span> <span class='ocrx_word' id='word_1_226' title='bbox 453 3389 647 3474; x_wconf 86' lang='lat' dir='ltr'><strong>subrogavit</strong></span> <span class='ocrx_word' id='word_1_227' title='bbox 670 3389 884 3454; x_wconf 86' lang='lat' dir='ltr'><strong>Anastasium</strong></span> <span class='ocrx_word' id='word_1_228' title='bbox 909 3387 1068 3455; x_wconf 81' lang='lat' dir='ltr'><strong>Germani</strong></span> <span class='ocrx_word' id='word_1_229' title='bbox 1092 3388 1216 3473; x_wconf 86' lang='lat' dir='ltr'><strong>syncel·</strong></span> 
     </span>
     <span class='ocr_line' id='line_1_31' title="bbox 96 3487 845 3572; baseline 0.005 -22"><span class='ocrx_word' id='word_1_230' title='bbox 96 3487 180 3568; x_wconf 84' lang='lat' dir='ltr'><strong>lum,</strong></span> <span class='ocrx_word' id='word_1_231' title='bbox 204 3508 374 3552; x_wconf 90' lang='lat' dir='ltr'><strong>sacrarum</strong></span> <span class='ocrx_word' id='word_1_232' title='bbox 398 3488 583 3572; x_wconf 88' lang='lat' dir='ltr'><strong>imaginum</strong></span> <span class='ocrx_word' id='word_1_233' title='bbox 607 3487 845 3554; x_wconf 85' lang='lat' dir='ltr'><strong>adversarium.</strong></span> 
     </span>
    </p>

    <p class='ocr_par' dir='ltr' id='par_1_4' title="bbox 96 3585 1385 4064">
     <span class='ocr_line' id='line_1_32' title="bbox 182 3585 1385 3670; baseline -0.003 -20"><span class='ocrx_word' id='word_1_234' title='bbox 182 3587 237 3650; x_wconf 76' lang='lat'><strong>27.</strong></span> <span class='ocrx_word' id='word_1_235' title='bbox 262 3585 329 3652; x_wconf 90' lang='lat' dir='ltr'><strong>Sed</strong></span> <span class='ocrx_word' id='word_1_236' title='bbox 352 3607 437 3670; x_wconf 86' lang='lat' dir='ltr'><strong>quse</strong></span> <span class='ocrx_word' id='word_1_237' title='bbox 468 3587 501 3650; x_wconf 91' lang='lat' dir='ltr'><strong>in</strong></span> <span class='ocrx_word' id='word_1_238' title='bbox 525 3585 624 3650; x_wconf 86' lang='lat' dir='ltr'><strong>Italia</strong></span> <span class='ocrx_word' id='word_1_239' title='bbox 653 3586 847 3651; x_wconf 88' lang='lat' dir='ltr'><strong>acciderunt</strong></span> <span class='ocrx_word' id='word_1_240' title='bbox 874 3587 1047 3650; x_wconf 86' lang='lat' dir='ltr'><strong>occasione</strong></span> <span class='ocrx_word' id='word_1_241' title='bbox 1070 3596 1342 3669; x_wconf 67' lang='lat' dir='ltr'><strong>persecu-cresone·</strong></span> <span class='ocrx_word' id='word_1_242' title='bbox 1359 3593 1385 3635; x_wconf 93' lang='lat' dir='ltr'><strong>n.</strong></span> 
     </span>
     <span class='ocr_line' id='line_1_33' title="bbox 97 3657 1340 3770; baseline -0.002 -24"><span class='ocrx_word' id='word_1_243' title='bbox 97 3685 193 3749; x_wconf 87' lang='lat' dir='ltr'><strong>tionis</strong></span> <span class='ocrx_word' id='word_1_244' title='bbox 215 3685 341 3748; x_wconf 89' lang='lat' dir='ltr'><strong>Leonis</strong></span> <span class='ocrx_word' id='word_1_245' title='bbox 363 3683 489 3765; x_wconf 87' lang='lat' dir='ltr'><strong>Isauri,</strong></span> <span class='ocrx_word' id='word_1_246' title='bbox 509 3685 581 3768; x_wconf 89' lang='lat' dir='ltr'><strong>jam</strong></span> <span class='ocrx_word' id='word_1_247' title='bbox 606 3683 775 3770; x_wconf 89' lang='lat' dir='ltr'><strong>aliquanto</strong></span> <span class='ocrx_word' id='word_1_248' title='bbox 799 3685 986 3748; x_wconf 86' lang='lat' dir='ltr'><strong>accuratius</strong></span> <span class='ocrx_word' id='word_1_249' title='bbox 1009 3682 1218 3748; x_wconf 88' lang='lat' dir='ltr'><strong>considerare</strong></span> <span class='ocrx_word' id='word_1_250' title='bbox 1276 3657 1300 3698; x_wconf 61' lang='lat' dir='ltr'><strong>P*</strong></span> <span class='ocrx_word' id='word_1_251' title='bbox 1316 3657 1340 3699; x_wconf 55' lang='grc' dir='ltr'><strong>Ρ·</strong></span> 
     </span>
     <span class='ocr_line' id='line_1_34' title="bbox 96 3781 1218 3868; baseline 0.001 -25"><span class='ocrx_word' id='word_1_252' title='bbox 96 3784 261 3848; x_wconf 81' lang='lat' dir='ltr'><strong>convenit.</strong></span> <span class='ocrx_word' id='word_1_253' title='bbox 309 3781 490 3866; x_wconf 84' lang='lat' dir='ltr'><strong>Gregorius</strong></span> <span class='ocrx_word' id='word_1_254' title='bbox 523 3781 572 3866; x_wconf 82' lang='grc' dir='ltr'><strong>ΙΙ,</strong></span> <span class='ocrx_word' id='word_1_255' title='bbox 607 3803 710 3868; x_wconf 89' lang='lat' dir='ltr'><strong>quum</strong></span> <span class='ocrx_word' id='word_1_256' title='bbox 735 3783 918 3867; x_wconf 90' lang='lat' dir='ltr'><strong>Imperator</strong></span> <span class='ocrx_word' id='word_1_257' title='bbox 949 3782 983 3845; x_wconf 90' lang='lat' dir='ltr'><strong>in</strong></span> <span class='ocrx_word' id='word_1_258' title='bbox 1007 3801 1117 3844; x_wconf 88' lang='lat' dir='ltr'><strong>sacras</strong></span> <span class='ocrx_word' id='word_1_259' title='bbox 1141 3781 1218 3844; x_wconf 88' lang='lat' dir='ltr'><strong>ima·</strong></span> 
     </span>
     <span class='ocr_line' id='line_1_35' title="bbox 96 3876 1219 3962; baseline -0.004 -18"><span class='ocrx_word' id='word_1_260' title='bbox 96 3881 186 3962; x_wconf 79' lang='lat' dir='ltr'><strong>gines</strong></span> <span class='ocrx_word' id='word_1_261' title='bbox 211 3879 441 3944; x_wconf 84' lang='lat' dir='ltr'><strong>vehementius</strong></span> <span class='ocrx_word' id='word_1_262' title='bbox 465 3881 608 3944; x_wconf 89' lang='lat' dir='ltr'><strong>saeviret</strong></span> <span class='ocrx_word' id='word_1_263' title='bbox 631 3890 664 3944; x_wconf 90' lang='lat' dir='ltr'><strong>et</strong></span> <span class='ocrx_word' id='word_1_264' title='bbox 687 3881 787 3944; x_wconf 87' lang='lat' dir='ltr'><strong>etiam</strong></span> <span class='ocrx_word' id='word_1_265' title='bbox 810 3877 1005 3943; x_wconf 85' lang='lat' dir='ltr'><strong>aPontitice</strong></span> <span class='ocrx_word' id='word_1_266' title='bbox 1029 3899 1141 3941; x_wconf 89' lang='lat' dir='ltr'><strong>earum</strong></span> <span class='ocrx_word' id='word_1_267' title='bbox 1166 3876 1219 3940; x_wconf 83' lang='lat' dir='ltr'><strong>dr.</strong></span> 
     </span>
     <span class='ocr_line' id='line_1_36' title="bbox 97 3973 1219 4064; baseline 0.004 -28"><span class='ocrx_word' id='word_1_268' title='bbox 97 3979 309 4042; x_wconf 78' lang='lat' dir='ltr'><strong>structionem</strong></span> <span class='ocrx_word' id='word_1_269' title='bbox 344 3977 540 4064; x_wconf 89' lang='lat' dir='ltr'><strong>postularet,</strong></span> <span class='ocrx_word' id='word_1_270' title='bbox 577 3977 660 4042; x_wconf 91' lang='lat' dir='ltr'><strong>duas</strong></span> <span class='ocrx_word' id='word_1_271' title='bbox 696 3979 725 4041; x_wconf 88' lang='lat' dir='ltr'><strong>ei</strong></span> <span class='ocrx_word' id='word_1_272' title='bbox 762 3977 893 4064; x_wconf 89' lang='lat' dir='ltr'><strong>scripsit</strong></span> <span class='ocrx_word' id='word_1_273' title='bbox 916 3973 1070 4062; x_wconf 89' lang='lat' dir='ltr'><strong>epistolas</strong></span> <span class='ocrx_word' id='word_1_274' title='bbox 1106 3977 1219 4060; x_wconf 89' lang='lat' dir='ltr'><strong>vigore</strong></span> 
     </span>
    </p>
   </div>
   <div class='ocr_carea' id='block_1_3' title="bbox 102 4131 311 4144">
    <p class='ocr_par' dir='ltr' id='par_1_5' title="bbox 102 4131 311 4144">
     <span class='ocr_line' id='line_1_37' title="bbox 102 4131 311 4144; baseline -0.01 -2"><span class='ocrx_word' id='word_1_275' title='bbox 102 4131 150 4144; x_wconf 64' lang='lat' dir='ltr'><strong>aa..</strong></span> <span class='ocrx_word' id='word_1_276' title='bbox 155 4135 226 4144; x_wconf 67' lang='lat' dir='ltr'>...q-</span> <span class='ocrx_word' id='word_1_277' title='bbox 229 4133 311 4142; x_wconf 64' lang='grc' dir='ltr'><strong>...μ-ι...</strong></span> 
     </span>
    </p>
   </div>
   <div class='ocr_carea' id='block_1_4' title="bbox 99 4211 1220 4365">
    <p class='ocr_par' dir='ltr' id='par_1_6' title="bbox 99 4211 1220 4365">
     <span class='ocr_line' id='line_1_38' title="bbox 167 4211 1220 4284; baseline -0.001 -14"><span class='ocrx_word' id='word_1_278' title='bbox 167 4217 189 4284; x_wconf 83' lang='lat'><strong>¹)</strong></span> <span class='ocrx_word' id='word_1_279' title='bbox 209 4215 312 4270; x_wconf 86' lang='lat' dir='ltr'><strong>Exstat</strong></span> <span class='ocrx_word' id='word_1_280' title='bbox 339 4215 405 4271; x_wconf 84' lang='lat' dir='ltr'><strong>haec</strong></span> <span class='ocrx_word' id='word_1_281' title='bbox 429 4215 545 4284; x_wconf 80' lang='lat' dir='ltr'><strong>epistola</strong></span> <span class='ocrx_word' id='word_1_282' title='bbox 572 4215 601 4270; x_wconf 89' lang='lat' dir='ltr'><strong>in</strong></span> <span class='ocrx_word' id='word_1_283' title='bbox 627 4215 741 4270; x_wconf 81' lang='lat' dir='ltr'><strong>Actione</strong></span> <span class='ocrx_word' id='word_1_284' title='bbox 769 4213 808 4270; x_wconf 78' lang='grc' dir='ltr'><strong><em>Ν</em></strong></span> <span class='ocrx_word' id='word_1_285' title='bbox 833 4215 946 4270; x_wconf 81' lang='lat' dir='ltr'><strong>Concilii</strong></span> <span class='ocrx_word' id='word_1_286' title='bbox 971 4213 1083 4270; x_wconf 87' lang='lat' dir='ltr'><strong>Nicaeni</strong></span> <span class='ocrx_word' id='word_1_287' title='bbox 1113 4211 1157 4278; x_wconf 87' lang='lat' dir='ltr'><strong>ll,</strong></span> <span class='ocrx_word' id='word_1_288' title='bbox 1177 4228 1220 4280; x_wconf 90' lang='lat' dir='ltr'><strong>ap.</strong></span> 
     </span>
     <span class='ocr_line' id='line_1_39' title="bbox 99 4295 492 4365; baseline 0.008 -15"><span class='ocrx_word' id='word_1_289' title='bbox 99 4295 193 4363; x_wconf 61' lang='lat' dir='ltr'><strong>labbe„</strong></span> <span class='ocrx_word' id='word_1_290' title='bbox 211 4297 286 4352; x_wconf 84' lang='lat' dir='ltr'><strong>Torn.</strong></span> <span class='ocrx_word' id='word_1_291' title='bbox 306 4297 368 4352; x_wconf 85' lang='lat' dir='ltr'><strong>VII.</strong></span> <span class='ocrx_word' id='word_1_292' title='bbox 387 4314 411 4365; x_wconf 90' lang='lat' dir='ltr'><strong>p.</strong></span> <span class='ocrx_word' id='word_1_293' title='bbox 431 4297 492 4354; x_wconf 77' lang='grc'>282.</span> 
     </span>
    </p>
   </div>
   <div class='ocr_carea' id='block_1_5' title="bbox 0 0 1523 4836">
    <p class='ocr_par' dir='ltr' id='par_1_7' title="bbox 0 0 1523 4836">
     <span class='ocr_line' id='line_1_40' title="bbox 0 0 1523 4836; baseline 0 0"><span class='ocrx_word' id='word_1_294' title='bbox 0 0 1523 4836; x_wconf 95' lang='lat' dir='ltr'><strong> </strong></span> 
     </span>
    </p>
   </div>
  </div>
 </body>
</html>
