2932 4836
302 459 354 514 366
620 462 706 518 XVII.
743 463 784 518 De
802 462 946 518 schismate
963 461 1107 517 Photiano.

302 606 499 689 aptioribus,
523 629 616 690 qaam
638 613 717 692 qua'e
745 602 1051 692 Constantinopolim
1078 607 1199 669 mittere
1223 605 1406 692 disposuero·

302 724 386 784 mas,
414 704 524 768 missos
547 726 664 788 qaoque
686 713 811 767 aoetroe
833 728 901 767 eam
932 703 1044 790 tepetis
1067 707 1139 791 jam
1162 705 1318 767 medaea
1337 705 1409 786 repis

296 802 484 886 paropsiae
514 803 705 866 transituros
737 802 892 886 repioaem
924 801 1139 886 directanei)
1185 800 1319 885 Legatis
1349 801 1408 864 istis

301 897 457 962 Nicolaus
481 899 677 964 deferendas
708 900 845 964 dederat
875 898 1028 986 epistolas
1057 899 1097 967 d..
1114 899 1146 964 d.
1173 899 1224 964 13.
1248 899 1332 962 Nov.
1354 897 1408 962 866

301 994 345 1060 ad
368 994 614 1080 Imperatorem,
631 997 778 1062 Bardam
802 998 896 1082 cujus
921 1019 1035 1061 necem
1052 996 1234 1081 ignorabat,
1255 995 1409 1078 Photium,

301 1092 484 1176 Ignatium,
509 1103 542 1158 et
563 1093 663 1176 alios3
688 1095 874 1180 iterumque
897 1093 1113 1179 Encyclieam
1139 1095 1230 1157 misit
1251 1093 1295 1157 ad
1318 1095 1408 1156 orien-

303 1189 384 1254 tales
408 1192 589 1276 episcopos,
613 1214 679 1278 qua
702 1214 758 1256 eos
783 1192 823 1256 da
846 1215 956 1256 rerum
980 1201 1067 1257 statu
1091 1194 1224 1256 instruit
1247 1215 1287 1256 ac
1302 1204 1409 1270 monet,

303 1297 340 1352 ut
363 1287 621 1354 ecclesiasticam
644 1299 800 1354 tueantur
814 1290 1035 1376 disciplinam,
1057 1299 1265 1375 caveantque
1280 1312 1322 1354 ne
1344 1289 1409 1354 laici

303 1384 346 1449 ad
370 1388 579 1471 episcopatus
603 1389 900 1473 promoveantur.²)

133 1520 294 1562 mannaan
392 1510 446 1574 57.
470 1509 614 1575 Profecti
640 1511 774 1596 quidem
799 1521 875 1576 sunt
896 1511 1068 1576 Pontificis
1097 1511 1212 1596 legati,
1243 1511 1302 1575 sed
1327 1511 1408 1595 jussu

159 1581 264 1632 mm
304 1606 477 1672 Michaelis
500 1608 713 1693 Imperatoris
736 1621 768 1673 et
791 1609 921 1688 Basilii,
956 1612 1012 1695 qui
1036 1609 1078 1673 ab
1103 1631 1141 1673 eo
1166 1612 1289 1695 pariter
1311 1609 1410 1690 Augu-

207 1732 209 1736 ·
303 1713 372 1768 stus
396 1717 524 1770 creatus
540 1717 619 1782 erat,
644 1709 678 1771 in
694 1707 816 1772 finibus
830 1709 924 1791 regni
940 1707 1158 1792 Buigarorum
1173 1706 1332 1793 prohibiti
1347 1715 1410 1768 snut

304 1803 440 1868 ulterius
470 1805 641 1890 progredi,
676 1807 739 1868 nisi
765 1804 904 1869 libellam
918 1805 1002 1888 fidei
1024 1805 1206 1889 signarent,
1240 1826 1305 1891 quo
1329 1803 1409 1889 plura

303 1902 383 1985 ipsis
407 1902 677 1986 proponebantur
700 1902 907 1984 damnanda,
933 1925 1017 1988 quae
1041 1901 1179 1966 Pbotius
1202 1901 1332 1967 Latinis
1352 1913 1409 1964 tan·

303 2019 402 2083 quam
438 2021 574 2080 erronea
610 2000 841 2086 exprobrabat.
888 2001 1085 2065 Anastasius
1113 2003 1148 2064 in
1187 2001 1261 2064 Vite
1294 1997 1411 2064 Nicolai

303 2096 435 2161 scribit:
460 2098 609 2161 Donatus
631 2099 820 2162 reverendae
844 2101 1017 2185 episcopas,
1043 2098 1163 2183 Leoqrre
1181 2097 1361 2184 presbyter,
1387 2103 1410 2156 et

304 2195 452 2258 ,Marinus
482 2196 676 2280 apostolieae
700 2195 792 2260 Sedis
819 2199 978 2276 minister,
1012 2195 1086 2260 dam
1120 2191 1410 2281 Cbastaatinopoiim

302 2293 349 2354 ire
377 2291 505 2371 veilent,
535 2317 600 2356 ecce
627 2297 712 2358 ieter
731 2293 817 2378 fiaes
839 2293 1013 2379 Balpariae
1040 2291 1295 2379 Omenommqee
1325 2313 1410 2378 quem·

193 2467 198 2478 .
303 2389 377 2452 dam.
406 2391 601 2456 Theodoram
623 2391 895 2456 marcianillam
918 2393 1140 2456 ouawdieutem
1163 2395 1356 2468 invenenant,
1368 2387 1411 2473 qui

304 2509 355 2550 eos
377 2488 464 2552 altra
493 2513 557 2554 noa
587 2489 709 2554 dimisit
739 2490 850 2570 abire,
876 2492 950 2574 quin
971 2491 1080 2575 potius
1102 2491 1277 2554 innumeris
1299 2511 1350 2552 eos
1369 2485 1409 2547 de·
1452 2559 1453 2574 χ

303 2595 417 2648 botuae
453 2588 584 2676 injuriis
590 2638 600 2668 ,
635 2589 714 2652 adeo
746 2598 854 2652 tantae
886 2587 978 2652 Sedis
1008 2587 1118 2672 tepetis
1150 2588 1266 2651 abacos
1296 2597 1354 2663 eet,
1383 2593 1409 2644 ut
1452 2575 1453 2640 i

292 2684 398 2756 ,etiam
421 2705 566 2770 equorum
588 2687 623 2749 ia
646 2685 757 2771 quibas
781 2685 930 2750 sedebant
954 2687 1064 2773 capita
1083 2695 1271 2772 percuteret,
1296 2683 1408 2747 diceret·
1452 2685 1453 2768 i

304 2803 381 2866 que:
409 2783 585 2867 imperator
607 2795 713 2848 noster
736 2806 791 2847 voe
812 2785 1006 2848 necessarios
1028 2807 1104 2848 sane
1128 2784 1314 2848 nonhabet.
1358 2776 1410 2842 Sed
1452 2775 1453 2850 i

304 2879 386 2942 idem
409 2882 586 2966 Imperator·
609 2881 722 2966 lepotia
744 2883 827 2966 repis
849 2881 1061 2970 Bulperoram
1089 2885 1138 2945 ita
1152 2881 1263 2968 fertur
1285 2878 1409 2944 dimisse:
1452 2891 1453 2930 t

380 3114 399 3178 ι)
417 3111 450 3166 v.
470 3110 561 3165 nesse
580 3111 656 3165 vm.
675 3113 737 3166 470.
1452 3095 1453 3124 ¹

377 3199 398 3268 a)
418 3199 579 3253 Anastasius
604 3201 703 3264 retert,
734 3201 880 3255 seeundum
905 3201 1055 3268 exemplum
1080 3197 1172 3253 Photii
1197 3199 1282 3253 etiam
1306 3193 1364 3250 aliti
1386 3191 1406 3243 in
1452 3189 1453 3222 i

305 3280 416 3335 Oriente
432 3280 489 3349 jam
508 3280 590 3334 laicos
608 3279 791 3348 episcopatum
810 3285 946 3334 assecutos
965 3295 1030 3335 esse.
1070 3281 1154 3347 „Nam
1172 3283 1295 3343 tantum,
1321 3272 1407 3330 scribit
1452 3283 1453 3320 i

304 3360 384 3430 hujus
410 3360 564 3415 ambitionis
589 3360 735 3428 pullulavit
758 3361 840 3428 longa
858 3359 967 3426 lateque
992 3360 1147 3425 temeritas,
1171 3365 1204 3414 ut
1221 3375 1284 3414 mox
1301 3357 1408 3412 Hieroso
1452 3387 1453 3410 r

305 3441 384 3509 lymis
409 3441 516 3508 quidam
545 3442 631 3496 laicus
661 3440 768 3494 nomina
791 3439 929 3506 Salomon,
958 3440 1092 3509 extemplo
1121 3440 1232 3495 clericus
1256 3439 1354 3499 iactus,
1378 3433 1407 3485 sit
1452 3471 1453 3516 ,

305 3521 445 3576 ordinatus
471 3521 602 3589 antistes;
627 3521 696 3586 quod
715 3535 853 3588 nunquam
877 3519 981 3574 iactum
999 3525 1056 3586 ast,
1081 3520 1165 3574 etiam
1189 3519 1223 3573 ab
1241 3519 1299 3587 ipso
1316 3511 1406 3570 Jacobs

305 3601 350 3669 qui
375 3601 478 3669 primus
502 3601 559 3655 illic
583 3601 721 3668 episcopus
746 3600 868 3666 exstitit,
896 3599 949 3654 nisi
967 3605 1109 3668 postauam
1126 3599 1241 3654 Photius
1265 3597 1365 3653 noviter
1385 3591 1406 3643 ia

304 3683 374 3737 clero
399 3683 539 3750 plantatus
564 3686 593 3734 et
617 3680 758 3734 confestim
783 3681 890 3748 praesul
917 3679 1007 3734 factus
1031 3679 1141 3734 auditus
1165 3687 1215 3734 est
1253 3677 1329 3747 Apud
1351 3673 1405 3727 Con·
1452 3665 1453 3710 i

304 3762 509 3830 stantinopolim
528 3768 620 3816 autem
637 3760 761 3815 nonnulli
779 3775 812 3814 ax
831 3765 897 3815 tune
914 3760 976 3815 laici
995 3760 1078 3815 etiam
1090 3759 1240 3814 virtutibus
1256 3771 1356 3828 operam
1367 3750 1405 3804 Ui·
1452 3779 1453 3814 r

305 3843 432 3908 buobant,
452 3847 560 3896 tantum
578 3847 611 3896 ut
628 3857 732 3896 sacram
750 3847 862 3909 possent
878 3841 1035 3910 pertingere
1054 3841 1233 3910 dignitatem
1252 3847 1283 3893 at
1297 3836 1339 3893 nbi
1350 3847 1405 3888 oom-
1452 3865 1453 3916 ,

305 3929 381 3993 potes
400 3923 459 3978 fieri
477 3922 659 3989 nequiverint,
678 3937 739 3976 mox
758 3921 942 3976 continentiae
960 3919 1045 3974 frenis
1063 3920 1164 3974 laxatis
1182 3921 1211 3974 in
1230 3919 1286 3974 suis
1302 3915 1403 3982 volupta-

306 4003 379 4058 tibus
398 4003 437 4058 ire
456 4009 614 4071 coeperunt,
634 4013 662 4056 et
680 4002 749 4068 quod
768 4017 822 4055 non
840 3999 999 4055 sanctitatis
1018 4001 1064 4055 sed
1083 4000 1218 4054 avaritiae
1236 3999 1345 4054 cultores
1360 3991 1402 4046 exi·

305 4089 417 4148 sterent,
436 4082 559 4151 protinus
578 4081 762 4135 ostenderunt.
784 4119 829 4134 ...
854 4081 1002 4134 Praeterea
1020 4095 1101 4147 penes
1114 4079 1304 4134 Alexandriam
1320 4081 1344 4130 et
1360 4075 1402 4126 Aa·

306 4163 434 4217 tioohiam
457 4163 486 4216 in
511 4167 619 4216 tantum
637 4162 716 4216 radix
740 4159 820 4229 hujus
838 4161 924 4228 pestis
942 4159 1077 4226 exoravit,
1100 4165 1133 4214 ut
1150 4175 1169 4213 a
1186 4165 1303 4228 tempora
1319 4165 1402 4224 prome

306 4241 390 4297 tionis
404 4241 496 4298 crebro
510 4241 577 4296 dicti
589 4241 678 4296 Photii
688 4241 817 4295 hactonus
827 4239 907 4296 evelli
920 4256 974 4294 non
983 4239 1094 4308 possit“
1114 4239 1205 4295 Praei.
1220 4239 1249 4294 in
1258 4229 1401 4294 00chOE
