2904 4834
326 518 474 574 Consilium
492 519 689 574 oecumenicum
708 525 842 575 octavum.
1092 519 1145 576 389

43 685 96 728 non
128 672 294 749 poterant,
335 673 434 749 atque
466 662 507 727 ob
537 664 654 746 gravia
687 665 811 727 motiva
842 663 932 728 illam
961 663 1147 748 selegerunt

42 761 145 844 agendi
170 763 270 826 viam.
301 760 400 825 Unde
418 759 508 824 baud
531 760 795 846 reprehendendi
819 771 979 847 apparent
992 761 1147 826 Pontifex
1233 795 1238 807 ·

41 860 159 945 ejusque
182 858 293 944 legati,
318 859 377 922 sed
396 858 611 944 dispositione
634 858 778 944 quadam
794 859 910 923 divina
923 879 993 922 rem
1015 861 1060 924 ita
1076 881 1146 945 per·

42 967 132 1020 acum
155 956 267 1038 fuisse,
291 958 403 1042 potius
426 956 629 1020 censendum
653 965 710 1020 est.

114 1055 166 1119 81.
189 1054 420 1120 Pervenerunt
448 1053 548 1139 legati
572 1063 647 1139 post
668 1053 762 1118 varia
786 1053 912 1118 itineris
937 1055 1146 1119 incommoda
1163 1057 1214 1100 ΟΜ
1230 1057 1309 1160 Ψ

43 1151 356 1238 Constantinopolim,
381 1161 414 1216 et
436 1151 491 1216 die
515 1152 558 1216 25
573 1149 776 1237 Septembris
799 1173 828 1214 a.
845 1151 909 1216 869
934 1173 1053 1237 magno
1070 1173 1145 1217 cum
1190 1120 1278 1170 '‘m‘'

40 1249 146 1331 gsudio
176 1271 363 1336 magnaque
395 1271 470 1313 cum
503 1249 708 1313 solemnitate
740 1271 760 1313 a
790 1248 913 1313 Basilio
943 1249 1146 1336 Imperatore

41 1362 65 1408 et
90 1347 130 1411 ab
153 1348 284 1432 Ignatio
318 1339 506 1432 patriarcba
535 1349 659 1432 recepti
689 1358 774 1412 sunt.
822 1347 886 1410 Die
915 1346 1145 1434 subsequente,

37 1467 127 1529 quum
143 1447 261 1509 iterum
278 1445 322 1509 ad
337 1443 574 1530 Imperatorem
588 1447 811 1528 accessissent,
829 1444 885 1509 hio
900 1467 993 1510 suam
1011 1445 1145 1509 manife-

39 1545 124 1606 starit
146 1563 239 1629 spem
262 1543 341 1624 fore,
366 1553 538 1608 uteorum
562 1564 625 1628 ope
649 1541 806 1607 scandala
821 1542 930 1607 Photii
954 1544 1146 1608 auferantur

38 1654 64 1702 et
82 1663 146 1726 pax
168 1643 368 1706 restituatur.
411 1641 506 1704 Tunc
529 1640 628 1724 legati
652 1640 693 1705 de
716 1639 881 1724 exigenda
904 1640 1145 1726 subscriptione

39 1736 126 1802 libelli
156 1737 260 1802 verba
289 1738 454 1820 fecerunt,
486 1761 551 1824 qua
582 1737 624 1802 de
646 1760 682 1802 re
705 1745 820 1801 auctor
843 1737 939 1802 Vitae
963 1738 1142 1803 Hadriani:

40 1835 135 1920 lopati
160 1845 288 1901 sanotae
313 1834 405 1899 Sedis
427 1834 631 1922 Apostoltcue
655 1835 898 1921 responderunt:
929 1838 972 1900 Et
993 1859 1051 1901 uos
1073 1837 1144 1900 ideo

39 1935 170 2012 serimus,
195 1933 266 1997 ideo
289 1934 378 1998 mira
400 1955 515 2014 motus,
542 1933 716 2021 (utunitas
739 1941 773 1998 et
789 1933 1010 2020 tranquillitas
1023 1943 1144 1998 restau-

37 2035 164 2112 rentur):
188 2032 245 2096 sed
266 2033 420 2095 nemiuem
444 2031 654 2095 Orientalium
676 2041 848 2096 vestorum
874 2035 1068 2118 aequantia
1089 2057 1143 2099 oo-

36 2140 120 2192 strum
143 2129 298 2216 syonodum
321 2131 477 2214 uescipere
495 2149 677 2215 potuemus,
700 2129 765 2194 uisi
788 2127 893 2193 oblato
917 2129 1033 2209 libello,
1057 2136 1145 2221 cujus

28 2227 156 2309 sumam
193 2228 233 2292 de
270 2227 387 2290 scrinio
425 2236 553 2290 sunctae
587 2225 678 2290 Sedis
708 2226 911 2313 Apostolicoe
945 2231 1142 2315 sumpsimus,

37 2325 112 2388 utu
124 2325 233 2411 fuerit
255 2325 462 2411 satisfactum.
480 2363 524 2372 --
539 2325 716 2412 Imperator
735 2333 766 2389 et
774 2327 965 2411 patriarcba
979 2325 1144 2391 dicerunt:

39 2419 110 2492 Quia
132 2445 245 2486 nouum
267 2423 323 2485 loc
346 2431 376 2486 et
397 2421 578 2486 inauditum
601 2423 640 2486 de
663 2421 769 2486 libello
780 2422 975 2508 proferendo
990 2426 1141 2504 asseritis,

36 2541 142 2584 oseem
171 2531 218 2584 est
248 2530 283 2584 ut
306 2521 423 2583 tenoris
445 2517 536 2584 illius
557 2520 701 2608 formam
729 2521 899 2585 oideomus
948 2521 1016 2584 Neo
1042 2545 1141 2601 mora,

35 2615 125 2682 libelli
138 2619 253 2704 formo
271 2617 407 2705 prolata
431 2629 486 2696 est,
510 2629 539 2681 et
562 2618 601 2682 cle
624 2618 726 2682 latim
756 2619 792 2682 in
820 2639 964 2703 proauum
994 2639 1143 2683 conuersa

36 2717 159 2779 omnium
180 2717 314 2780 notitiae
337 2715 530 2780 declarator.
581 2713 720 2788 Quorum
743 2715 872 2802 quidam
903 2715 1043 2780 libellum
1066 2739 1142 2802 pro·

27 2809 158 2891 ferentes
179 2816 215 2878 in
239 2824 351 2877 sancta
374 2813 493 2900 synodo
516 2814 707 2892 resederunt,
726 2813 876 2900 proferre
891 2812 1029 2878 nolentes
1051 2825 1143 2878 estro

36 2910 173 2993 sprodum
196 2909 329 2996 inplesti
350 2909 454 2975 relicti
477 2923 564 2988 suat,
589 2911 644 2975 secl
667 2911 777 2976 dietim
791 2911 923 2999 feruore
946 2913 1048 2975 eoacti
1071 2911 1141 2998 spi-

36 3007 106 3069 ritus
132 3011 317 3094 temperatr',
342 3010 525 3095 praemissa
552 3007 654 3074 libelli
676 3011 895 3096 satisfactione
923 3009 967 3073 ad
989 3011 1143 3074 unitatem

34 3117 149 3171 tanatos
172 3107 288 3192 syraodt‘
310 3108 428 3170 reversi
451 3108 563 3186 sunt.¹)

114 3257 162 3323 82.
189 3257 301 3338 Quum
326 3260 411 3323 inter
431 3259 613 3344 praecipua
635 3257 723 3322 fecta
748 3255 890 3322 Consilii
918 3256 1072 3322 habenda
1100 3260 1142 3322 sit
1154 3271 1312 3316 stanneus.

34 3351 220 3442 subscriptio
244 3355 343 3442 hujus
367 3355 479 3440 libelli,
505 3356 576 3442 ejus
605 3367 752 3420 tenorem
776 3356 933 3420 convenit
955 3357 1142 3420 accuratius

35 3471 197 3535 exponere.
230 3453 311 3518 Erat
331 3453 489 3540 professio
509 3453 586 3520 fidei
608 3455 648 3518 iis
667 3454 735 3519 fere
756 3451 867 3518 verbis
884 3463 1051 3538 concepta,
1073 3457 1142 3540 qui-

38 3545 91 3611 bus
103 3552 269 3618 constabat
281 3552 430 3634 formula,
448 3551 541 3638 cujus
554 3550 829 3637 subscriptionem
843 3551 1037 3616 Hormisdas
1049 3552 1142 3638 Papa

36 3651 193 3714 occasione
206 3651 303 3736 sopiti
320 3649 508 3714 schismatis
519 3650 680 3714 Aoaoiani
696 3649 738 3714 ab
752 3649 915 3736 episeopis
928 3647 1142 3716 orientalibus

36 3745 256 3824 postulaverat.
291 3746 374 3812 Inde
399 3747 550 3834 estquod
565 3746 666 3833 legati
687 3747 811 3832 dieunt,
837 3747 878 3812 de
893 3748 1022 3812 scriniis
1042 3747 1141 3812 ecole-

37 3842 97 3904 siae
113 3843 274 3911 Romanae
297 3844 471 3912 formulam
495 3867 566 3909 esse
582 3845 801 3932 desumptam.
830 3844 869 3910 In
886 3843 1055 3910 Anastasii
1071 3867 1141 3909 ver·

36 3939 121 4002 sione
143 3942 297 4008 Actorum
323 3941 463 4008 Consilii
486 3941 619 4008 libellus
643 3944 753 4031 quoad
775 3955 904 4030 partem
927 3945 1140 4029 praeeipuam

38 4030 121 4099 bisce
141 4039 245 4106 verbis
264 4051 442 4126 conceptus
465 4051 532 4106 est:
557 4043 666 4106 Prema
689 4041 778 4106 salus
801 4051 855 4120 est,
879 4052 982 4106 rectae
996 4041 1079 4124 fidei
1096 4065 1141 4105 re-

37 4185 235 4202 ’,ἡ-ι-

108 4282 129 4351 ¹)
143 4283 204 4341 viu
222 4286 355 4342 Hadriani
374 4287 409 4342 ΙΙ.
429 4305 451 4342 o.
470 4287 527 4344 XL.
