3054 4834
462 539 501 592 ue
521 537 596 592 exitu
616 538 822 592 coutroversiae.
1154 541 1208 591 387

78 709 158 750 silae
189 687 314 748 exitum
349 695 381 746 et
403 693 501 768 pacta
526 683 689 766 utrimque
714 681 843 746 firmata
868 703 978 746 coram
1010 705 1102 747 sacro
1128 704 1207 746 con·

78 806 170 848 sessu
194 804 386 870 exposuere.
424 781 490 846 Die
513 779 645 846 concilii
669 779 773 846 altera
787 779 941 846 Pontifex
966 783 1198 846 incrastinum

78 905 116 944 se
139 881 311 946 Mosonmn
336 879 559 966 profecturum
583 879 794 962 significavit,
828 878 871 942 ad
895 878 1096 964 colloquium
1121 901 1198 944 cum

83 980 299 1066 Imperatore,
336 987 432 1063 prout
463 979 548 1040 inter
580 979 668 1062 ipsos
697 987 915 1056 convenerat,
950 977 1135 1064 ineundum
1168 990 1201 1040 et

83 1099 197 1161 pacem
223 1074 392 1140 Ecclesiae
416 1073 690 1152 concludendam,
724 1097 758 1137 se
784 1095 861 1138 vero
897 1076 1095 1159 quantocius
1119 1075 1203 1138 redi·

81 1188 191 1240 turum
216 1174 259 1240 ad
284 1175 538 1238 couventionem
562 1174 654 1260 pacis
678 1183 809 1257 patrum
823 1175 986 1238 sententia
1011 1173 1206 1238 confirman-

80 1273 170 1350 dam,
205 1273 231 1335 si
256 1272 358 1352 lieret,
389 1271 442 1334 vel
467 1270 510 1336 ad
533 1270 660 1334 fraudis
683 1283 861 1342 auctorem.
894 1273 919 1334 si
946 1273 1115 1356 promissis
1140 1293 1205 1336 nou

81 1381 192 1448 staret,
225 1367 394 1434 Ecclesiae
419 1367 615 1434 fulminibus
639 1367 875 1432 conterendum
901 1391 1014 1432 eorum
1035 1364 1205 1454 judici'o¹).

173 1524 226 1588 41.
264 1521 327 1584 ilie
353 1521 412 1583 22⁰
436 1519 589 1585 Octobris
620 1520 786 1605 profectus
811 1519 962 1585 Calixtus
987 1521 1028 1602 II,
1059 1523 1210 1608 sequenti
1244 1521 1368 1600 ΜΨ

81 1621 140 1684 die
164 1621 336 1684 mosonum
365 1619 531 1704 pervenit,
568 1619 761 1704 invenitque
784 1618 1020 1703 Imperatorem
1053 1643 1129 1684 cum
1157 1621 1211 1683 tri·
1234 1589 1376 1701 nm*

81 1721 177 1802 ginta
202 1716 348 1781 millibus
373 1715 513 1780 militum
539 1727 645 1780 castra
670 1718 817 1800 posuisse
841 1718 931 1802 apud
957 1717 1068 1782 villum
1095 1718 1213 1781 Bouro-

82 1817 208 1879 liacum
239 1837 340 1899 prope
374 1816 556 1886 civitatem.
603 1813 746 1878 Insidias
780 1815 904 1878 veritus
932 1817 1047 1879 statuit
1071 1818 1141 1900 ipse
1165 1839 1212 1880 rc.

85 1936 220 1978 manere
255 1912 382 1975 Mosoni
418 1913 452 1974 in
480 1934 556 1974 arce
588 1913 732 1990 munita,
773 1924 806 1974 et
840 1912 1045 1978 consiliarios
1084 1913 1209 1998 legatos

87 2013 218 2076 mittere
241 2011 283 2074 ad
309 2010 555 2096 Imperatorem.
593 2009 871 2095 Archiepiscopos
896 2032 1002 2096 porro,
1027 2013 1210 2096 episcopos,

84 2107 226 2173 abbates
257 2120 468 2193 caeterosque
497 2110 585 2172 viros
609 2109 785 2192 sapientae,
817 2130 898 2193 quos
923 2131 1035 2172 secum
1067 2111 1213 2172 maximo

87 2229 226 2272 numero
252 2207 402 2282 duxerat,
436 2207 634 2270 convocavit
667 2214 698 2267 et
729 2217 826 2290 pacta
857 2209 1022 2292 utrimque
1047 2218 1212 2270 conventa

86 2305 199 2369 denuo
223 2304 287 2389 legi
312 2317 345 2368 et
368 2303 511 2390 expendi
531 2304 639 2390 jussit.
672 2303 860 2389 Descripta
885 2304 1098 2390 Imperatoris
1123 2327 1214 2390 prae-

86 2402 178 2466 sules
209 2403 265 2467 illa
290 2404 390 2466 verba
415 2402 639 2486 scrupulosius
668 2404 960 2466 examinaverunt:
993 2404 1128 2466 Dimitto
1153 2425 1214 2464 om·

88 2525 160 2564 uem
200 2503 419 2564 investituram
455 2501 591 2563 coritium
638 2499 848 2565 ecclesiarum.
896 2499 1115 2572 Censueruat,
1152 2499 1215 2564 Im·

89 2609 286 2684 peratorem,
311 2601 337 2662 si
362 2621 427 2662 non
453 2600 579 2662 sincere
596 2607 717 2681 ageret,
742 2597 853 2682 subtili
870 2598 1082 2664 cavillatione
1102 2611 1216 2684 postca

88 2696 290 2760 contendere
315 2719 418 2781 posse,
444 2718 477 2760 se
502 2719 567 2760 non
593 2696 755 2760 dimisisse
781 2698 843 2760 nisi
869 2697 1017 2761 ecclesiae
1041 2698 1213 2760 investitu-

88 2817 175 2873 ram,
199 2818 255 2858 seu
281 2797 511 2860 investituram
535 2795 578 2858 ad
602 2793 716 2858 fideles
740 2795 919 2879 regendos3
944 2808 1043 2880 atque
1069 2795 1114 2857 ita
1138 2815 1214 2858 cum

91 2914 186 2978 posse
217 2893 327 2956 adhuc
360 2893 423 2956 sibi
453 2891 625 2956 vindicare
654 2894 883 2956 investituram
917 2915 976 2978 per
1000 2891 1156 2956 baculum
1182 2902 1215 2952 et

90 2991 253 3055 annulum
285 2990 328 3054 ad
359 2990 459 3054 seuda
491 3002 523 3054 et
555 2988 677 3074 regalia
708 2990 879 3072 tradenda,
914 3011 1018 3075 eoque
1041 3001 1215 3075 praetextu

87 3090 287 3152 continuare
312 3101 485 3151 consuetos
509 3088 641 3151 abusus.
679 3087 819 3151 Sensum
844 3090 945 3172 igitur
969 3111 1038 3152 esse
1063 3099 1218 3150 accurate

90 3187 396 3251 determinandum.
444 3186 480 3249 In
506 3188 627 3271 scripto
653 3185 822 3249 pontilicis
855 3185 937 3250 haec
969 3186 1071 3248 verba
1097 3184 1218 3270 poudc-

89 3295 221 3348 rarunt:
259 3285 309 3347 Do
341 3306 446 3347 verum
471 3307 583 3371 pacem
618 3287 693 3368 rapi,
726 3295 754 3346 et
778 3283 919 3347 ominibus
952 3285 1006 3368 qui
1029 3307 1098 3347 cum
1121 3306 1155 3344 co
1181 3283 1214 3344 ia

84 3405 207 3467 pererro
238 3385 301 3446 ista
323 3383 462 3468 ficerunt
484 3381 533 3445 vel
557 3393 637 3445 sarit.
686 3382 864 3445 Timebant
895 3404 1023 3466 nempe,
1061 3404 1102 3445 ne
1134 3381 1217 3444 forte

91 3480 147 3543 his
178 3480 288 3544 verbis
316 3480 459 3565 amplius
493 3480 572 3566 quid
606 3480 853 3572 intelligerent„
876 3502 975 3565 quam
1011 3478 1217 3544 reddendam

91 3578 264 3642 Ecclesiae
296 3581 573 3660 communionem,
610 3591 643 3642 et
666 3578 816 3642 Ecclesia
850 3581 1015 3663 suscipere
1046 3588 1219 3662 cogeretur

90 3676 273 3762 praesules,
311 3699 393 3763 quos
416 3688 473 3740 aut
497 3679 719 3763 sirperpositos
748 3677 904 3762 legitimis
928 3675 1126 3761 pastoribus,
1161 3687 1219 3738 aut

89 3777 255 3838 canonice
291 3775 456 3860 depositos
494 3778 564 3838 siue
602 3778 696 3856 gravi
734 3777 914 3839 offensione
950 3775 1112 3838 aristincre
1153 3795 1217 3838 non

90 4063 309 4070 -—---·--..-.—

170 4175 190 4241 ¹)
210 4175 278 4230 Vide
287 4175 352 4230 haec
363 4177 390 4230 iu
405 4177 538 4230 Hesaouia
552 4179 711 4232 scholastici
731 4180 764 4230 rie
778 4179 893 4230 cormilio
910 4177 1056 4230 liberarum
1077 4175 1219 4237 relatione,

88 4257 131 4309 nt.
152 4255 184 4309 G.
204 4257 259 4311 Sor.
279 4257 341 4310 XII.
359 4259 511 4315 see-428.
540 4273 582 4326 ap.
603 4259 756 4312 walterich
777 4260 792 4314 l.
812 4275 833 4312 c.
852 4258 882 4310 T.
904 4258 939 4311 Il.
960 4273 984 4323 p.
1006 4256 1057 4309 127
1077 4270 1132 4320 sqq.
1165 4253 1219 4307 Cir.

85 4336 188 4392 Natal.
209 4337 284 4392 Alex.
304 4337 355 4390 l.c
383 4345 435 4394 art.
456 4339 530 4393 xvi.
1218 4381 1221 4388 -

1062 4429 1114 4478 25*
