3054 4834
493 497 671 552 Continuatio
689 495 788 551 lucus.
864 527 870 540 ·
1162 493 1216 546 367

88 664 200 710 rerum
224 644 259 706 iu
275 643 429 728 Imperio,
455 653 487 706 et
508 641 722 726 Imperatoris
744 663 785 704 ac
807 636 996 725 praesulum
1014 635 1214 702 Germaniae

88 761 216 806 sensus.

181 839 232 903 16.
279 837 334 902 Ad
370 840 636 902 constitutionem
674 835 832 900 videlicet
868 845 900 898 et
937 831 1082 897 indolem
1119 834 1212 914 regni
1247 833 1367 875 ΟΜ·

88 937 275 1016 Teutonici,
299 935 388 1022 quod
409 945 588 1021 systemate
604 935 728 1000 feudali
754 932 932 1015 nitebatur,
956 929 1153 1016 pertinebat,
1178 940 1216 994 ut
1262 913 1345 954 Μ’

88 1033 256 1119 praesules
279 1032 493 1098 ecclesiastici
518 1032 623 1097 multa
647 1032 757 1112 feuda,
783 1032 934 1112 ducatus,
958 1029 1143 1108 comitatus,
1168 1049 1214 1090 re·

86 1132 186 1214 galia,
216 1141 249 1196 et
272 1153 427 1214 magnam
452 1132 634 1217 potentiam
659 1130 828 1216 politicam
853 1127 1025 1192 habereut.
1070 1126 1148 1192 lam
1172 1147 1215 1190 ex

86 1229 240 1315 pluribus
264 1228 405 1294 saeculis
428 1231 491 1315 ipsi
516 1247 617 1314 reges
636 1239 669 1294 et
692 1228 912 1314 Imperatores
934 1224 970 1288 id
986 1234 1057 1288 arte
1080 1223 1216 1310 politica

87 1328 304 1412 perfecerant,
345 1349 448 1413 quum
479 1326 622 1416 vasallos
657 1326 897 1390 ecclesiasticos
925 1323 1009 1388 fidos
1040 1344 1111 1386 esse
1143 1343 1214 1406 per-

87 1447 223 1490 suasum
256 1424 428 1506 haberent,
459 1427 574 1511 eisque
601 1435 716 1490 contra
746 1421 889 1488 vasallos
913 1421 1081 1506 principes
1103 1442 1215 1484 saecu-

85 1522 183 1604 lares,
207 1523 331 1608 passim
356 1523 538 1600 seditiosos,
563 1534 633 1590 tuto
658 1524 719 1587 niti
743 1531 887 1608 possent.
934 1519 1045 1605 Ipsam
1074 1518 1214 1582 admini-

85 1623 281 1688 strationem
303 1621 438 1707 Imperii
474 1621 620 1685 vidimus
644 1629 718 1706 post
742 1630 880 1684 mortem
904 1617 1043 1682 Hernici
1066 1616 1118 1681 III
1149 1639 1216 1681 ma-

84 1721 178 1784 xime
202 1719 366 1804 spiscopis
383 1721 593 1784 commissam
618 1719 730 1784 fuisse.
748 1715 898 1781 -Nulli
918 1737 1016 1801 porro
1041 1715 1219 1780 commodo

84 1828 159 1880 erat
175 1816 322 1880 Henrico
338 1816 380 1896 V,
405 1826 442 1880 ut
458 1817 679 1901 possessiones
703 1815 779 1880 illae
795 1813 1021 1899 amplissimae
1043 1833 1102 1876 seu
1114 1811 1217 1878 feuda

85 1913 278 1999 praesulum
302 1925 335 1979 et
358 1913 518 1980 abbatum
543 1916 606 2000 ipsi
631 1913 859 1978 redderentur.
888 1911 973 1976 Nam
992 1911 1092 1997 juxta
1115 1933 1212 1976 usum

82 2014 244 2097 ternporis
268 2033 346 2076 mox
371 2013 539 2098 principes
561 2023 595 2076 et
618 2033 771 2097 proceres
795 2009 897 2076 laicos
921 2011 962 2074 iis
977 2010 1136 2074 investire
1159 2009 1216 2072 de-

83 2109 222 2190 buisset,
264 2109 475 2195 vasallosque
506 2108 677 2174 habuisset
715 2131 819 2173 novos
857 2107 914 2173 sed
948 2108 1058 2172 minus
1087 2106 1216 2187 fideles,

82 2207 236 2293 adeoque
260 2217 455 2292 potestatem
481 2231 575 2272 suam
605 2209 730 2290 regiam
756 2209 865 2293 potius
888 2206 1070 2270 minuisset.
1118 2205 1213 2268 Prae·

81 2304 215 2368 ferebat
238 2305 389 2390 proinde,
414 2317 451 2370 ut
473 2305 642 2391 praesules
666 2305 722 2369 illa
745 2304 846 2370 feuda
869 2306 1058 2385 retinerent,
1084 2302 1141 2368 scd
1167 2304 1213 2366 ita

83 2413 124 2467 ut
157 2402 254 2468 simul
288 2423 400 2468 eorum
435 2403 551 2468 electio
589 2403 631 2468 ab
662 2406 734 2488 ipso
765 2405 903 2488 'penitus
943 2401 1145 2487 dependeret
1181 2411 1214 2464 et

82 2501 293 2564 strictissimo
319 2500 366 2565 illi
390 2510 582 2566 tenerentur
606 2501 781 2568 vasallitio.
829 2499 927 2581 Quod
956 2521 1035 2564 vero
1063 2500 1106 2565 ad
1130 2501 1212 2584 epis-

84 2619 188 2683 copos
216 2600 343 2678 attinet,
376 2601 433 2684 qui
457 2600 525 2664 fere
549 2621 663 2666 omues
687 2621 729 2663 ex
753 2597 968 2665 nobilissimis
991 2597 1126 2662 familiis
1150 2598 1211 2660 orti

83 2707 183 2760 erant
214 2708 247 2760 et
280 2696 352 2780 jam
385 2699 508 2762 assueti
541 2698 760 2764 dominationi
794 2694 984 2781 temporali,
1022 2694 1211 2780 praevideri

82 2805 225 2880 poterat,
251 2796 332 2880 ipsis
350 2797 496 2860 maxime
520 2817 656 2860 exosum
681 2796 761 2878 fore,
787 2797 813 2858 si
830 2793 1088 2880 locupletissima
1113 2793 1212 2857 l'euda

83 2912 164 2954 cunr
193 2891 317 2956 honore
348 2915 407 2958 suo
437 2916 477 2958 ac
509 2893 670 2978 dignitate
702 2896 891 2979 principum
924 2893 1058 2977 Imperii
1095 2890 1217 2956 cedere

82 2988 256 3071 deberent,
292 2992 449 3077 ipsosque
479 3003 715 3078 protestaturos
750 3015 832 3078 esse,
868 2991 902 3056 id
933 2991 1070 3056 minime
1103 2991 1210 3074 accipi

81 3109 182 3173 posse
213 3099 246 3152 ct
278 3099 398 3154 statum
423 3089 558 3176 Imperii
592 3113 632 3155 ea
661 3092 788 3154 rationo
812 3091 944 3176 penitus
968 3087 1135 3152 turbatum
1160 3090 1215 3153 iri.

81 3223 129 3232 -
147 3183 212 3250 Sed
230 3208 337 3272 neque
361 3188 554 3273 proceribus
576 3187 670 3252 laicis
694 3189 858 3274 ejusmodi
883 3187 1053 3273 dispositio
1073 3197 1216 3272 accepta.

81 3305 158 3348 esse
182 3293 318 3368 poterat.
366 3286 452 3350 Nam
477 3285 533 3350 alii
558 3307 710 3372 proceres
733 3286 834 3350 feuda
866 3285 1090 3350 ecclesiastica
1113 3283 1211 3350 habe·

81 3381 169 3446 bant
191 3382 234 3445 ab
258 3385 424 3469 episcopis
448 3386 529 3469 ipsis
553 3387 739 3462 commissa,
775 3407 859 3470 quae
883 3405 924 3447 ex
950 3382 1111 3468 ejusmodi
1136 3404 1214 3446 con-

82 3482 246 3544 ventione
276 3481 319 3546 ad
348 3503 459 3566 regem
488 3483 681 3562 rediissent3
721 3483 776 3546 alii
810 3503 889 3546 vero
924 3480 1087 3566 praelatos
1110 3480 1211 3548 cccle-

79 3578 236 3642 siasticos
260 3579 483 3644 investiebant
507 3593 544 3644 ut
566 3580 768 3645 feudatarius
791 3601 866 3644 suos
889 3579 1088 3664 quibusdam
1104 3577 1211 3660 bonis,

79 3697 172 3759 quae
198 3677 389 3742 immediate
413 3677 455 3742 ad
471 3680 569 3765 ipsos,
595 3700 661 3742 uon
675 3700 753 3743 vero
770 3674 1213 3761 ad1·egnumpertinebant;

78 3784 118 3837 et
144 3773 201 3857 jus
228 3785 327 3860 atque
361 3775 519 3840 honorem
550 3775 711 3862 ejusmodi
745 3777 960 3840 investiturae
985 3776 1046 3859 ipsi
1071 3773 1211 3859 perdere

78 3870 253 3938 nolebant.
299 3873 351 3938 Ita
375 3875 476 3957 igitur
507 3886 641 3958 pactum
675 3873 764 3961 quod
797 3895 817 3938 a
847 3873 1014 3958 deputatis
1037 3872 1213 3936 Pontifieis

78 3969 343 4056 proponebatur,
368 3973 539 4055 systemati
557 3970 681 4036 feudali
703 3993 767 4058 quo
782 3971 917 4056 Imperii
934 3971 1109 4034 Teutonici
1134 3991 1209 4034 con·

79 4068 211 4131 stitutio
245 4068 413 4134 nitebatur
443 4068 540 4132 valde
574 4071 761 4155 oppositum
786 4079 865 4150 erat,
898 4069 1101 4152 summisque
1124 4067 1207 4132 difli-

78 4165 266 4230 cultatibus
288 4165 482 4232 obnoxium.
508 4203 550 4212 -
575 4167 641 4234 Sed
666 4166 763 4251 legati
789 4169 875 4250 regis
899 4178 932 4230 et
955 4168 1025 4252 ipse
1042 4164 1208 4230 Henricus

78 4266 150 4330 hac
174 4265 207 4328 in
224 4286 258 4327 re
274 4275 344 4328 arte
369 4265 491 4329 callida
515 4278 779 4350 sesegesseruut,
805 4287 908 4352 eoque
925 4263 1145 4348 tetenderunt,
1172 4273 1213 4326 nt
