2898 4836
370 489 498 556 Quaestio
516 488 550 542 de
568 486 705 542 Bonifatio
724 488 787 541 VII.
1108 489 1143 542 93

42 636 194 700 seditionis
217 643 332 698 contra
355 631 575 697 Benedictum
598 631 647 695 VI
670 631 887 718 probabiliter
916 629 970 695 ille
1000 643 1050 696 est
1073 632 1143 698 dux

40 745 123 820 etque
145 731 344 814 monachus,
376 731 472 816 cujus
495 728 702 816 epitaphium
733 731 883 815 superius
907 732 954 811 (n.
977 730 1035 811 57)
1066 732 1143 795 cita-

40 834 142 896 umus.
156 869 198 878 —
213 829 339 893 Versus
363 849 509 892 mensem
534 825 688 893 Octobris
710 849 740 892 a.
764 827 829 891 983
853 827 1054 891 Benedictus
1077 827 1144 892 VII

40 929 119 993 obiit.

113 1043 163 1108 92.
179 1041 260 1106 Post
272 1041 343 1126 ejus
356 1048 493 1103 mortem
506 1059 622 1102 versus
638 1059 784 1102 mensem
796 1037 1019 1103 Novembrem
1031 1062 1061 1103 a.
1078 1039 1143 1104 983
1153 1053 1244 1094 tonna
1259 1052 1313 1096 nt.

39 1143 65 1205 in
86 1139 201 1204 Sedem
225 1135 452 1224 Apostolicam
477 1135 625 1200 elevatus
649 1146 698 1200 est
719 1136 836 1200 Petrus
860 1137 1034 1222 episcopus
1057 1137 1143 1201 Tici-

37 1240 145 1320 nensis,
168 1237 237 1323 qui,
261 1243 386 1299 mutato
404 1235 537 1298 nomine
561 1231 603 1297 ob
620 1236 840 1297 reverentiam
857 1233 1021 1318 Principis
1039 1232 1142 1319 Apos-

36 1337 172 1414 tolorum,
197 1355 318 1398 nornen
342 1333 487 1396 Joannea
510 1331 595 1395 XIV
622 1333 761 1416 accepit.
807 1331 887 1395 Fuit
914 1332 984 1416 ipsc
1009 1330 1143 1396 Cancel-

35 1435 123 1497 larius
145 1431 277 1498 Ottonis
309 1429 352 1512 11,
386 1451 426 1493 ac
449 1429 566 1493 merito
590 1431 801 1514 supponitur,
833 1449 908 1494 eum
932 1426 1144 1514 Imperatoris

36 1531 151 1594 influxu
167 1541 200 1594 et
215 1529 411 1594 auctoritate
428 1529 463 1591 in
477 1524 598 1590 Sedem
615 1526 840 1612 Apostolicnm
864 1535 1016 1590 evectum
1031 1527 1142 1592 fuisse.

35 1629 90 1693 Sed
112 1629 207 1694 brevi
232 1635 315 1713 post,
341 1624 566 1689 videlicstdic
591 1625 627 1687 7⁰
644 1623 839 1688 Decembris
862 1647 892 1689 e.
916 1624 991 1706 983,
1017 1623 1094 1690 Otto
1109 1625 1142 1689 ΙΙ

34 1748 124 1812 quum
147 1726 269 1810 viginti
293 1732 329 1790 et,
348 1732 421 1788 octo
446 1742 550 1786 annos
573 1731 702 1786 tantum
727 1733 824 1787 natus
847 1731 947 1803 esset,
976 1721 1101 1786 Romae
1125 1745 1143 1787 e

34 1826 109 1887 vivis
141 1823 301 1887 discessit.
337 1859 378 1868 -
413 1819 526 1900 Quum
559 1821 660 1903 igitur
692 1819 769 1884 Otto
800 1820 833 1884 Π
867 1829 1014 1885 mortuus
1047 1831 1141 1901 esset,

33 1921 100 1985 litto
123 1920 174 1985 III
198 1941 277 1984 vero
301 1940 384 2004 puer
406 1919 506 1982 trium
537 1939 699 1982 annorum
729 1920 764 1982 in
788 1917 968 1982 Germania
999 1917 1142 2002 degeret,

35 2041 102 2082 mox
125 2019 250 2082 Romae
274 2017 393 2080 iterum
411 2015 625 2080 vehementes
648 2015 830 2080 factionum
853 2014 1013 2079 tumultus
1036 2017 1142 2080 exorti

33 2129 108 2181 sunt.
153 2115 343 2180 Bonifatius
367 2112 432 2176 Vll
456 2123 535 2176 tunc
556 2110 843 2198 Constantinopoli
866 2113 1006 2177 Romam
1036 2135 1143 2178 revor-

30 2237 77 2277 sns
108 2213 338 2300 pontificatum
373 2211 437 2275 sibi
470 2210 668 2276 vindicavit.
725 2212 873 2276 Joeunes
905 2211 989 2275 XIV
1026 2234 1141 2276 versus
1151 2205 1266 2309 ΒἪ
1280 2219 1316 2250 ¹*

30 2333 167 2376 mensem
191 2308 343 2396 Aprilem
366 2331 395 2374 a.
420 2309 487 2373 984
509 2309 545 2373 in
568 2329 677 2372 arcem
702 2333 727 2374 s.
752 2308 874 2394 Angeli
899 2307 1045 2373 inclusus
1067 2310 1141 2390 fuit,

29 2408 78 2474 ubi
101 2420 176 2495 post
199 2418 342 2497 quatuor
364 2429 510 2489 menses,
542 2406 596 2470 die
620 2407 839 2492 rodogoni,
872 2408 1001 2471 evivis
1025 2407 1143 2472 disces·

29 2509 73 2571 sit.
119 2505 309 2572 Violentam
334 2505 405 2591 ejus
429 2514 568 2570 mortem
603 2505 722 2586 fuisse,
756 2527 795 2569 ac
819 2504 907 2569 farne
938 2504 991 2570 vel
1015 2528 1143 2571 veneno

29 2625 95 2668 eum
119 2604 223 2668 fnisse
239 2615 457 2690 peremptum,
473 2602 619 2668 referunt
643 2605 817 2688 scriptores
840 2605 1001 2689 sequioris
1016 2605 1144 2669 aetatis.

30 2701 175 2766 Breviter
190 2702 404 2766 Hormeunus
420 2700 600 2785 Augiensis
624 2703 656 2765 in
681 2721 740 2766 suo
766 2700 929 2766 Chronico
953 2700 997 2767 ad
1025 2725 1054 2766 a.
1079 2703 1145 2766 984

29 2812 181 2865 eventum
204 2798 466 2864 hiserenarrat:
491 2801 611 2862 Romae
633 2800 779 2865 Joannes
801 2800 853 2862 XI
857 2799 885 2862 V
904 2801 959 2885 qni
981 2810 1011 2863 et
1034 2800 1145 2864 Perna

31 2899 143 2984 Papiae
162 2899 259 2984 prins
282 2899 446 2984 episcopos
469 2898 563 2983 Papa
590 2895 755 2962 CXXXIX
783 2897 866 2960 sedit
888 2898 1044 2962 mennbns
1067 2907 1144 2974 octo,

28 3020 146 3082 sumpte
175 2995 371 3082 Bonifatius,
395 2995 541 3058 Feminis·
558 2995 648 3079 filius
669 2996 776 3081 prins,
809 2995 945 3080 relepato
976 2995 1145 3058 Benedicta

28 3094 99 3177 (ΓΙ)
122 3093 206 3158 male
230 3095 413 3172 ordinatura,
447 3093 485 3156 de
513 3091 790 3179 Constantinopoli
813 3116 872 3179 quo
888 3093 1024 3178 sinperat
1045 3114 1143 3156 reuer-

27 3211 83 3268 sus,
106 3191 350 3278 comprehendit,
375 3201 404 3254 et
427 3191 462 3256 in
477 3191 640 3256 matellam
663 3215 688 3256 a.
708 3190 824 3276 Anpeli
845 3191 1026 3275 relepotam,
1042 3190 1144 3277 fame,

28 3299 54 3350 et
73 3301 107 3352 nt
125 3289 295 3375 perbibent
317 3309 433 3352 ueneno
453 3291 584 3368 enecuit,
608 3293 732 3377 ejusque
757 3289 859 3355 eedem
885 3287 967 3354 CXL
983 3289 1075 3374 Papo
1097 3290 1144 3351 in·

26 3388 112 3450 eaeit.
161 3384 415 3450 Advertendum
439 3396 498 3468 est,
522 3407 632 3450 arcem
656 3411 681 3452 s.
703 3386 824 3472 Angeli
847 3387 959 3468 fuisse,
984 3396 1145 3471 quantum

29 3481 166 3564 videtur,
199 3505 238 3547 eo
262 3493 409 3568 tempore
440 3485 475 3548 iu
499 3494 659 3570 potestate
691 3484 836 3548 familiae
869 3482 1144 3564 Crescentiorum,

27 3593 120 3665 atque
138 3581 377 3664 (irascentium,
402 3581 536 3645 alterius
553 3580 733 3646 Crescentii
760 3582 875 3662 filium,
901 3581 1008 3646 denuo
1034 3583 1068 3646 in
1093 3602 1145 3644 res

28 3677 175 3761 politicas
198 3701 364 3743 summum
382 3680 598 3764 acquisivisse
622 3680 787 3744 influxum
801 3691 834 3744 ct
856 3680 1009 3744 factionis
1026 3678 1144 3743 ducem

28 3777 198 3841 exstitisse.
245 3775 278 3840 Is
303 3777 414 3864 itaque
438 3777 623 3842 censendus
640 3787 690 3841 est
703 3778 871 3842 Bonifatio
895 3777 1020 3842 auxilio
1045 3777 1144 3840 fuisse

29 3873 59 3935 in
81 3875 188 3958 ipsius
212 3874 395 3958 conatibus,
420 3877 502 3939 etin
526 3874 677 3941 custodia
700 3876 880 3941 detinuisse
903 3877 1068 3941 Joannem
1093 3875 1145 3939 de·

25 3971 157 4054 jectum,
183 3992 281 4057 quem
306 3983 342 4035 ut
358 3971 552 4037 Pontificem
576 3972 618 4036 ab
633 3973 835 4058 Imperatore
859 3975 1022 4037 intrusum
1047 3971 1145 4036 habe·

31 4063 113 4132 hant.
169 4069 260 4133 Huic
291 4067 481 4135 Crescentio
517 4067 654 4156 proinde
687 4081 787 4135 etiem
821 4070 1011 4134 immediate
1044 4069 1144 4134 tribu·

30 4164 147 4231 endum
171 4165 314 4249 videtur,
339 4167 428 4253 quod
445 4170 480 4233 in
503 4189 579 4232 arce
603 4191 628 4233 e.
644 4167 764 4254 Angeli
780 4169 927 4234 Joannes
949 4167 1032 4232 XIV
1057 4169 1145 4232 fame

31 4262 133 4328 aliave
164 4266 291 4330 ratione
321 4268 504 4330 exstinctus
539 4267 591 4332 sit.
648 4264 829 4352 Quousque
860 4267 1046 4331 Bonifatius
1079 4265 1146 4330 Vll
