3032 4844
400 467 558 522 Persecntio
577 466 747 522 Constantini
765 465 932 536 copronymi.
1195 471 1229 526 39

20 668 21 680 ,
110 611 282 692 salnutvs,
307 633 370 698 per
400 610 504 676 breve
528 611 670 694 spatium
694 611 849 696 temporis
878 612 978 674 etiam
1002 611 1229 682 Constantino·

20 707 21 710 ’
109 709 167 793 poli
190 711 320 795 potitus
355 719 421 791 est,
455 721 488 774 et
520 709 645 774 cultum
674 730 841 774 sacrarum
869 710 1052 792 imaginum
1077 715 1227 780 restituit.

107 807 166 872 e'ed
195 831 225 874 a.
263 809 332 872 743
359 806 598 875 Constantinus
628 829 703 872 eum
728 809 865 872 visitet
891 829 933 872 ex
956 807 1073 876 throno
1098 810 1227 897 dejecit,

105 927 271 992 quumque
285 909 389 971 etiam
407 905 589 972 Saracenos
602 905 742 972 feliciter
764 905 949 991 repulisset,
974 903 1097 970 luctam
1114 918 1226 974 contra

105 1003 223 1068 cultum
237 1027 415 1070 sacrarum
438 1006 623 1088 imaginum
640 1012 832 1088 prosecutus
855 1012 912 1068 est.
960 1003 1009 1068 Ne
1025 1014 1136 1068 autem
1160 1029 1227 1072 rem
1239 1009 1383 1112 {M‘gfflfr

104 1101 298 1166 exarhitrie
313 1124 414 1186 agere
438 1102 619 1182 videretur,
634 1122 720 1169 anno
747 1101 810 1164 754
826 1099 1110 1188 Constantinopoli
1134 1126 1228 1188 syno-
1257 1082 1281 1112 Μ
1313 1083 1326 1123 ⁹
1351 1083 1384 1114 '²⁸'

104 1198 177 1264 dnm
202 1201 337 1284 coegit,
362 1202 417 1264 cni
442 1200 664 1266 interfuerunt
682 1201 818 1264 trecenti
835 1200 970 1284 triginta
993 1212 1026 1266 et
1049 1212 1121 1266 octo
1147 1203 1228 1288 epis-

103 1299 171 1380 copi
208 1298 409 1377 orientales,
434 1300 499 1362 viri
525 1299 636 1380 ignavi
666 1306 698 1360 et
720 1296 914 1382 Imperatori
938 1297 1052 1362 dediti.
1099 1298 1227 1364 Horum

102 1399 334 1481 episcoporum
367 1395 467 1460 facilc
498 1395 663 1480 principes
693 1406 786 1460 erant
809 1393 1013 1459 Theodosius
1037 1395 1170 1480 Ephesi,
1195 1408 1228 1461 et

101 1492 408 1578 PastillasPergiae
433 1495 469 1558 in
490 1491 678 1577 Pamphilio
701 1492 876 1578 praesules.
922 1493 968 1558 Hi
992 1495 1149 1580 episcopi,
1174 1517 1227 1558 ne-

101 1593 185 1654 mine
218 1590 399 1656 catholicis
431 1615 452 1656 a
487 1591 621 1656 sedibus
652 1603 785 1672 vocato,
817 1590 965 1657 Romano
997 1590 1157 1654 Pontifice
1195 1601 1227 1656 et

101 1687 304 1754 Patriarchis
338 1689 557 1754 orientalibus
593 1688 803 1770 absentibus,
842 1709 949 1773 neque
984 1689 1132 1752 invitatis
1169 1699 1227 1754 aut

101 1786 276 1866 consultis,
301 1811 323 1850 a
349 1789 405 1850 10·
430 1787 485 1852 die
504 1786 678 1852 Februarii
702 1809 804 1871 usque
828 1785 872 1850 ad
895 1787 946 1850 2¹³¹
965 1785 1108 1872 Augusti
1132 1807 1226 1872 syno-

100 1884 175 1948 dum
209 1907 310 1948 suam
345 1885 573 1964 celebravere,
598 1906 697 1969 quam
726 1893 758 1948 et
781 1885 1027 1948 oecumenicam
1051 1885 1225 1968 septimam

99 2005 165 2046 esse
191 1983 367 2046 volebant.
414 1982 586 2046 Praesedit
600 1981 814 2060 Theodosius,
839 2003 941 2068 quum
966 1980 1120 2044 defuncte
1139 1981 1225 2044 Ana·

99 2083 194 2144 sessio
220 2080 473 2146 sedesCPtana
506 2092 648 2146 vacaret.
697 2078 893 2166 Congregati
925 2081 1026 2164 igitur
1049 2079 1224 2164 praesules,

98 2199 162 2242 rem
186 2189 330 2262 ugentes
355 2201 422 2244 uon
440 2178 623 2244 secundum
639 2177 809 2244 Ecclesiae
825 2178 1035 2242 traditionem
1051 2177 1107 2240 sed
1127 2178 1226 2262 juxta

98 2289 241 2340 mentem
283 2277 513 2364 Imperatoris,
552 2278 804 2358 constituerunt,
850 2298 963 2340 omnes
1000 2276 1226 2362 cujuscunque

99 2377 260 2438 materiae
295 2373 348 2438 vel
383 2375 502 2440 coloris
535 2375 695 2460 imagines
727 2396 798 2438 esse
831 2373 1049 2461 abjiciendas,
1083 2397 1137 2438 eos
1169 2375 1224 2460 qui

102 2473 266 2550 imagines
291 2472 452 2558 deinceps
471 2473 680 2554 confecerint,
699 2474 733 2538 in
755 2471 892 2538 ecelesia
916 2473 969 2536 vel
993 2475 1027 2536 in
1052 2472 1147 2536 denno
1171 2496 1225 2560 po-

98 2571 239 2648 suerint,
275 2571 442 2636 coluerint
468 2570 522 2636 vel
546 2570 802 2652 occultaverint,
827 2572 854 2634 ai
879 2570 989 2636 clerici
1014 2582 1130 2647 essent,
1155 2594 1225 2636 esse

98 2665 334 2751 deponendos,
371 2670 399 2732 si
434 2663 588 2734 monachi
618 2679 676 2732 aut
697 2667 784 2748 laici,
816 2669 1169 2750 excommunicandos,
1194 2680 1226 2734 et

99 2765 233 2849 insuper
267 2769 385 2850 poenis
417 2765 461 2830 ab
486 2766 685 2853 Imperatore
719 2767 850 2828 statutis
882 2766 1085 2830 afficiendos.
1134 2766 1225 2830 llaec

98 2861 234 2946 quidem
266 2863 314 2928 illi
349 2865 594 2928 constituerunt
615 2865 762 2949 specioso
786 2873 973 2949 praetextu,
999 2863 1088 2950 quod
1113 2866 1224 2950 irnngi·

98 2981 173 3024 uum
209 2960 322 3026 cultus
355 2971 442 3028 esset
475 2960 712 3040 idololatricus,
747 2961 915 3026 doctrinae
946 2963 1067 3027 veteris
1091 2975 1122 3026 et
1147 2964 1224 3026 novi

97 3057 304 3124 Testamenti
329 3060 572 3142 adversaretur,
589 3061 677 3141 Arii,
701 3059 843 3124 Nestorii
868 3070 900 3124 et
922 3058 1119 3144 Eutychetis
1143 3059 1224 3124 blas-

96 3155 241 3240 phemiis
265 3158 405 3222 faveret.

181 3255 240 3320 43.
266 3254 478 3342 Sophisticae
510 3275 622 3318 eorum
658 3255 952 3340 argumentationis
981 3253 1123 3319 indolem
1149 3253 1225 3318 licet
1242 3261 1372 3364 &mlh

94 3374 280 3436 agnoscere
297 3376 340 3418 ex
359 3353 412 3418 his
436 3353 649 3436 argumentis,
673 3351 793 3438 quibus
810 3353 948 3438 probare
966 3361 1129 3436 satagunt,
1147 3354 1222 3416 ima·
1279 3332 1349 3425 „iai”
1374 3341 1382 3353 ⁸

95 3452 213 3526 girum
245 3451 373 3516 cultum
405 3450 450 3516 ad
473 3449 668 3534 Eutychetis
693 3447 745 3514 vel
769 3449 910 3516 Nestorii
934 3449 1084 3514 haereses
1109 3449 1222 3534 porda-

95 3569 176 3612 cere.
226 3550 319 3612 r'ocn
342 3551 427 3614 enim
450 3549 509 3612 istc
540 3547 630 3626 tolio,
654 3548 824 3634 inquiunt,
855 3550 1032 3632 irnopioem,
1057 3551 1224 3612 norrtiooos

94 3669 159 3708 rum
179 3645 358 3726 Christum,
384 3657 416 3710 ct
433 3657 479 3710 est
502 3667 612 3708 nomen
635 3645 718 3731 quod
741 3657 788 3710 cst
805 3644 1050 3710 ChriatnsDeas
1074 3657 1102 3710 et
1125 3647 1222 3710 loomo.

94 3743 173 3829 &po
207 3757 240 3808 ct
274 3745 379 3830 imapo
404 3745 468 3808 Dei
495 3755 524 3808 et
553 3743 697 3808 hominia.
742 3743 853 3830 Itaque
886 3753 941 3808 ctat
970 3745 1221 3833 circumscripsit,

93 3843 262 3908 meadum
289 3843 376 3928 proed
400 3843 500 3907 omnm
525 3851 571 3904 est
596 3842 735 3906 vanitati
757 3865 847 3922 auae,
873 3843 1222 3930 incircumscriptionem

92 3938 219 4006 miodo
244 3941 537 4026 &resumptione
570 3949 693 4004 mentae
724 3942 845 4019 corais,
869 3951 926 4004 out
949 3939 1094 4028 confudit
1116 3943 1221 4004 iocou-

83 4035 251 4122 fner‘bilcm
288 4037 465 4102 unitionem
498 4033 589 4099 illam
612 4036 807 4124 confusionis
830 4037 1028 4124 iniquitatem
1050 4040 1220 4118 incurrens,

89 4137 165 4204 dnos
199 4136 423 4224 blasphemias
456 4156 495 4197 ecc
517 4135 572 4198 hoc
595 4134 710 4200 deitati
739 4133 907 4222 applicans
926 4159 986 4222 per
1009 4138 1220 4222 circumscrip-

89 4237 199 4300 tionem
224 4248 256 4302 et
282 4233 513 4321 confictionem.
559 4231 688 4298 Eisdem
703 4257 773 4319 erpo
798 4243 828 4296 ct
847 4235 875 4298 is
898 4235 952 4320 pai
974 4233 1122 4298 adorauit
1139 4233 1219 4296 blos-
