2922 4832
293 497 343 550 126
557 497 632 552 XIX.
651 496 856 552 controversiae
876 503 904 551 et
922 497 1034 566 Imperii
1052 498 1163 552 indoles.

288 642 444 725 quamvis
467 639 639 705 character
660 651 845 714 remaneat,
881 641 927 704 ita
950 643 1111 706 restitutio
1136 641 1193 706 illa
1217 652 1285 706 erat
1307 665 1395 706 coass-

289 741 391 803 cratio
415 738 580 824 quaedam
611 739 850 802 caeremonialia
874 749 907 802 et
929 750 1071 804 calerna.
1117 738 1245 803 Eadem
1259 742 1395 805 restitue·

290 837 388 901 batur
410 834 464 900 vel
480 836 711 901 conferebatur
726 835 809 901 illud
832 836 921 922 quod
937 835 1053 901 abesse
1075 835 1189 901 tollive
1213 847 1325 922 potest,
1346 841 1395 902 sci·

289 935 367 999 licet
390 935 572 998 acerrimam
595 934 735 1014 ordinis,
760 938 817 1023 jas
840 935 951 1000 utendi
974 934 1100 1000 ordinis
1130 937 1220 999 etin
1245 957 1283 1000 eo
1304 938 1396 1000 minis·

291 1031 410 1098 troadi.
459 1031 572 1112 Quum
602 1043 713 1098 tamen
749 1031 803 1096 ille
834 1033 915 1097 ritus
947 1034 982 1096 in
1017 1034 1233 1098 caeremoniis
1269 1035 1397 1098 externis

290 1152 466 1195 commune
490 1126 571 1215 quid
594 1128 717 1196 habeat
741 1151 816 1194 cum
847 1127 1071 1213 ordinatione,
1106 1129 1310 1215 intelligitur,
1334 1152 1397 1217 qua·
1453 1151 1454 1216 j

290 1239 386 1292 tenus
411 1227 477 1292 dici
502 1236 639 1313 poterat,
664 1227 765 1292 denuo
789 1219 942 1292 b'enedici
968 1227 1021 1292 vel
1045 1229 1229 1293 consecrari
1255 1227 1336 1293 tales
1349 1227 1399 1291 cle·

290 1328 385 1390 ricos.
432 1325 482 1389 Ita
506 1327 540 1388 in
574 1321 721 1390 Concilio
747 1322 1053 1410 Caesaraugustam
1082 1325 1124 1392 Π.
1150 1348 1178 1394 c.
1205 1327 1241 1390 1⁰
1275 1327 1397 1390 dicitur:
1453 1387 1454 1404 ,

291 1423 493 1509 Presbyteroa
516 1444 555 1486 aa
579 1422 706 1487 Ariana
728 1423 851 1487 haeresi
877 1433 1064 1487 revertentes
1087 1435 1217 1510 accepta
1241 1423 1340 1488 dcam
1362 1423 1399 1486 be·

291 1521 468 1585 aediclioaa
485 1520 680 1608 presbyterii
702 1521 892 1586 ministrare.

382 1646 434 1710 24.
472 1645 564 1710 Dum
587 1644 671 1710 haec
693 1667 773 1732 prae
795 1645 900 1710 oculis
924 1644 1097 1730 habentur,
1123 1647 1270 1732 quaestio
1294 1645 1348 1712 illa
1368 1645 1401 1709 de
1453 1663 1454 1710 z

149 1739 265 1828 Ἕω]
292 1742 405 1808 valore
428 1742 646 1807 ordinationis
669 1739 711 1808 ab
742 1743 928 1825 haereticis,
959 1742 1189 1826 schismaticis,
1214 1745 1401 1817 simoniacis,
1453 1779 1454 1812 i

292 1839 346 1904 vel
370 1849 485 1906 contra
508 1861 652 1906 canones
675 1840 799 1927 factae,
833 1861 872 1906 ac
903 1840 944 1905 de
967 1839 1286 1925 reordinationibus,
1316 1842 1402 1927 aptis·
1453 1839 1454 1908 l

292 1940 375 2002 sime
408 1937 557 2004 solvitur.
604 1937 771 2004 Videlicet
803 1939 908 2004 valuit
942 1941 1042 2004 etiam
1075 1937 1240 2026 prioribus
1277 1937 1403 2004 saeculis

293 2035 444 2102 doctrina
468 2037 653 2102 communis
676 2046 710 2101 et
732 2045 845 2122 postea
869 2035 956 2102 clare
979 2039 1147 2124 proposita
1169 2035 1211 2102 de
1236 2037 1347 2101 valore
1365 2059 1403 2100 or·

293 2133 410 2198 diuum
434 2132 606 2220 ejusmodi.
654 2133 774 2200 Morini
792 2134 970 2220 explicatio
995 2133 1110 2201 donor
1131 2146 1189 2218 est,
1214 2157 1277 2200 nec
1299 2134 1404 2200 admit·
1453 2132 1454 2208 l

292 2231 395 2296 tenda
417 2229 558 2296 videtur.
594 2231 778 2298 Haesitatio
795 2231 929 2319 quidem
945 2243 978 2297 et
997 2235 1220 2298 controversia
1235 2231 1404 2319 aliquando
1453 2215 1454 2290 l

235 2326 242 2344 '
293 2339 365 2394 orta
388 2338 446 2412 est,
471 2339 618 2415 etquum
633 2328 784 2396 doctrina
799 2331 948 2397 nondum
971 2339 1040 2396 tam
1055 2331 1142 2396 clarc
1158 2340 1295 2416 pateret,
1320 2333 1404 2396 inter·
1453 2301 1454 2392 l

294 2428 374 2493 dum
398 2427 534 2514 quidam
558 2427 702 2493 ordinati
734 2439 811 2493 sunt
834 2450 871 2494 eo
904 2428 992 2515 quod
1025 2431 1115 2516 prior
1137 2429 1302 2494 ordinatio
1326 2431 1406 2494 iuva·
1453 2419 1454 2486 l

293 2523 363 2590 lida
385 2524 573 2592 haberetur,
619 2524 686 2591 Sed
716 2526 799 2592 nihil
832 2549 874 2592 ex
898 2528 1061 2613 ejusmodi
1090 2527 1187 2592 factis
1217 2525 1339 2592 deduci
1361 2547 1406 2612 po·

294 2633 367 2704 test,
391 2643 456 2709 quo
470 2623 611 2689 Romani
634 2623 812 2689 Pontifices
829 2623 883 2690 vel
897 2624 1049 2691 Ecclesia
1072 2624 1352 2706 insimularentur,
1374 2645 1407 2686 ac

295 2723 323 2786 si
347 2724 382 2788 in
406 2721 471 2786 fide
504 2723 702 2802 variassent,
737 2722 791 2789 vel
823 2721 942 2788 falsum
975 2723 1110 2809 aliquod
1143 2723 1264 2808 dogma
1294 2720 1408 2810 procla·

296 2829 448 2884 mussent.

244 2977 270 3036 ,u
385 2953 440 3018 25.
465 2953 510 3018 Ut
528 2953 600 3038 jam
624 2953 712 3018 facta
733 2952 890 3018 historica
914 2956 1029 3040 paucis
1053 2964 1237 3040 tangamus,
1262 2953 1344 3020 illud
1360 2953 1408 3016 im·

196 3039 232 3067 η’
243 3037 270 3066 '⁰'
296 3052 412 3138 primis
434 3072 493 3136 pro
519 3059 606 3116 certo
629 3051 788 3116 affirmari
812 3061 931 3137 potest,
962 3075 1133 3139 nunquam
1157 3051 1409 3118 reordinationes

295 3171 333 3215 eo
358 3171 456 3214 sensu
479 3148 583 3214 factas
607 3171 693 3232 esse,
727 3151 816 3236 quod
839 3151 896 3235 qui
926 3149 1137 3216 habebantur
1160 3150 1339 3236 aliquando
1363 3169 1409 3210 va·

294 3246 362 3312 lide
386 3246 528 3312 ordinati
552 3258 764 3311 censerentur
786 3248 934 3312 amisisse
958 3248 1209 3334 ordinationem,
1235 3249 1282 3312 ita
1306 3255 1342 3312 ut
1364 3245 1409 3309 dc·

296 3366 361 3412 nuo
393 3344 634 3411 ordinarentur.
684 3343 720 3410 Si
750 3367 836 3432 quae
867 3347 1129 3412 reordinationes
1161 3369 1181 3411 a
1217 3345 1410 3433 quibusdam

296 3443 402 3510 iactae
426 3451 518 3524 sunt,
552 3442 587 3507 id
610 3441 689 3507 inde
711 3443 944 3529 proveniebat,
978 3445 1067 3531 quod
1101 3444 1286 3509 invalidam
1318 3443 1409 3508 fariam

296 3543 439 3628 priorem
462 3540 704 3606 ordinationem
721 3552 809 3607 certo
825 3541 880 3608 vel
902 3541 1120 3629 probabiliter
1134 3553 1318 3608 censerent.
1342 3539 1409 3620 Qua

296 3643 331 3706 in
354 3661 391 3704 re
413 3638 503 3703 valet
526 3637 608 3704 illud
631 3640 817 3704 Innocentii
841 3639 910 3705 111:
948 3642 1024 3705 Noa
1046 3641 1237 3727 iatcllipilur
1260 3642 1409 3708 iteratam,

294 3737 381 3824 qaod
404 3737 573 3824 ambiqitcr
592 3759 656 3802 esse
672 3738 840 3824 sactum.¹)
864 3777 907 3786 -
932 3739 1052 3821 Quoad
1074 3741 1185 3826 priora
1208 3737 1339 3804 saecula
1361 3735 1409 3799 ad-

297 3835 494 3902 vertendum
517 3846 576 3918 est,
601 3837 710 3901 varios
734 3836 835 3902 fuisse
857 3837 1056 3920 haereticos,
1088 3857 1229 3924 quorum
1252 3836 1408 3923 baptisma

296 3934 339 3998 ob
364 3933 511 4000 defectus
526 3931 715 4000 essentiales
736 3933 863 4000 nullum
887 3947 968 4020 erat,
992 3935 1148 4022 nullaque
1164 3934 1304 4022 proinde
1317 3935 1408 3997 etiam

295 4053 410 4098 eorum
434 4031 608 4097 ordinatio
632 4069 675 4080 -·-
700 4031 766 4112 Qui
790 4055 886 4119 porro
910 4056 986 4100 cum
1011 4057 1035 4100 s.
1052 4033 1222 4121 Cypriane
1246 4055 1285 4097 ac
1301 4029 1409 4096 Firmi·

372 4263 392 4330 ¹)
411 4263 476 4331 Gap.
503 4263 666 4318 Veniensis
685 4263 841 4331 presbytero
860 4281 913 4322 non
930 4264 1078 4333 baptizato.

1453 4409 1454 4476 l
