3054 4834
315 502 368 554 342
551 500 626 553 XXI.
647 499 687 552 De
705 499 730 553 S.
751 499 884 567 Gregorio
902 499 958 553 VII
977 500 1051 552 Rom.
1072 501 1210 554 Pontitice

316 643 514 732 Gregorium
538 645 606 708 VII
638 644 808 708 Ecclesiae
840 654 873 707 et
897 645 1045 709 Romano
1070 645 1222 708 Pontifici
1259 644 1418 710 vindicare.

316 743 523 807 admittimus
547 758 579 806 et
602 755 767 822 tenemus3
799 742 857 806 sed
882 744 993 828 inepte
1017 765 1060 806 ex
1085 742 1141 807 illa
1164 742 1365 807 Allocutione
1385 742 1420 804 ad

317 841 492 926 Apostolos
516 841 696 922 deducunt,
730 839 928 924 Gregorium
960 840 1159 905 illimitatam
1184 840 1356 926 quamdam
1378 862 1418 925 po-

317 949 467 1002 testatem
507 939 570 1002 sibi
612 938 800 1002 vindicasse
838 938 1035 1024 disponendi
1079 938 1119 1002 de
1157 937 1311 1002 omnibus
1344 937 1423 1000 bonis

319 1036 594 1102 Christianorum.

143 1181 306 1231 emersura
411 1171 483 1235 140.
531 1170 790 1256 Reliquunr‘est,
825 1181 861 1233 ut
883 1193 1022 1254 agamus
1047 1170 1087 1234 de
1112 1193 1151 1232 ea
1174 1172 1376 1234 accusatione
1397 1171 1422 1231 in

155 1254 180 1293 '²
194 1251 298 1361 ¹:3⁰⁸*
320 1267 528 1351 Gregorium,
554 1269 643 1354 quod
657 1268 851 1352 Berengarii
876 1267 1043 1332 erroribus
1059 1267 1208 1331 favorem
1233 1269 1421 1354 praestiterit.

251 1353 255 1361 ¹
319 1365 358 1428 ln
384 1366 600 1450 depositionis
635 1365 765 1429 decreto
799 1365 1012 1430 conciliabuli
1037 1365 1246 1429 Brixinensis
1279 1363 1426 1450 praesules

319 1463 521 1527 schismatici
547 1463 744 1548 Gregorium
775 1463 986 1544 damnarunt,
1018 1475 1178 1548 tanquam
1207 1463 1382 1528 ‹aetolicaa
1402 1473 1424 1522 rt
1479 1511 1480 1520 2

319 1562 526 1647 apostolicam
544 1563 639 1645 fidem
668 1563 705 1624 de
730 1586 860 1648 corpore
897 1573 926 1626 et
957 1563 1110 1650 eaaprriae
1134 1563 1268 1625 Domini
1297 1563 1329 1624 ia
1350 1583 1423 1645 paae·
1479 1521 1480 1614 l

319 1661 450 1722 ationem
460 1672 639 1758 ponentem,
663 1661 812 1722 haeretiei
825 1661 1015 1744 Beraaparii
1035 1662 1198 1744 calmetam
1214 1655 1427 1745 discipulum).

319 1757 410 1820 Inter
441 1761 638 1821 recentiores
671 1769 781 1822 autern
806 1758 1010 1822 Moshemius
1043 1756 1166 1844 aliique
1200 1767 1348 1820 auctores
1370 1777 1424 1840 pro-

320 1865 478 1920 testantes
508 1856 728 1938 contendunt,
762 1855 959 1941 Gregorium
999 1854 1136 1919 multum
1167 1856 1364 1939 Bercngario
1392 1853 1424 1914 fa·

320 1956 407 2016 visse
431 1977 492 2016 nec
517 1955 588 2039 ejus
613 1955 785 2039 opiniones
810 1953 966 2018 habuisse
991 1964 1026 2017 ut
1051 1953 1277 2032 haereticae).
1309 1951 1336 2015 ΙΪ
1339 1964 1350 2013 t
1363 1971 1427 2012 rem
1479 1979 1480 2032 p

321 2053 540 2136 perspiciatur
555 2053 696 2136 penitus,
722 2074 821 2138 quam
848 2053 959 2136 inepta
985 2055 1026 2115 sit
1043 2051 1100 2115 illa
1114 2053 1293 2128 accusatio,
1312 2047 1425 2135 jurabit
1479 2047 1480 2068 ³

322 2149 363 2211 da
379 2149 580 2233 Borangario
597 2150 733 2236 ejusque
751 2150 916 2214 erroribus
937 2150 1106 2236 aliquanto
1122 2151 1311 2214 accuratius
1327 2147 1427 2212 dicare.

415 2303 486 2365 1⁴1.
534 2301 755 2386 Berengarius
780 2304 890 2385 igitur,
916 2303 1032 2387 primis
1056 2301 1227 2365 decenniis
1252 2294 1429 2363 saeculin

203 2391 213 2416 ¹
262 2405 269 2417 '
323 2397 547 2462 thesaurarius
564 2409 596 2463 et
613 2402 768 2484 magister
782 2400 914 2464 scholae
931 2400 1144 2478 Turonensis,
1161 2421 1200 2462 ac
1214 2400 1304 2462 eirca
1318 2421 1346 2462 a.
1361 2393 1429 2459 1040

324 2495 580 2561 archidiaconus
617 2500 763 2583 episcopi
795 2498 1067 2582 Andegavcnsis,
1104 2496 1296 2561 diuturnam
1327 2505 1358 2559 et
1386 2495 1429 2556 im·

323 2593 456 2680 plcxam
480 2594 571 2659 litem
597 2598 758 2660 excitavit
782 2596 823 2660 de
848 2597 1001 2678 dogmate
1026 2595 1257 2660 eucharistico.
1296 2595 1356 2657 Vir
1376 2599 1433 2653 erat

324 2695 457 2777 ingenio
494 2693 655 2778 petulanti
690 2716 730 2758 ac
763 2694 921 2777 versatili,
950 2696 1087 2780 jamque
1111 2717 1131 2757 a
1155 2703 1364 2779 praeceptore
1386 2707 1433 2751 suo
1479 2707 1480 2720 *

325 2791 480 2856 Fulbcrto
507 2791 705 2856 Carnutensi
730 2791 772 2856 ob
796 2815 959 2856 novarum
985 2813 1092 2855 rerum
1118 2791 1335 2876 cupiditatem
1358 2788 1432 2850 iden·

324 2889 427 2954 tidem
459 2889 522 2954 fuit
552 2891 750 2957 admonitus.
805 2889 1062 2954 Dialecticorum
1096 2887 1337 2954 subtilitatibus
1359 2887 1436 2972 justo
1479 2883 1480 2940 Ϊ

325 2986 399 3073 plus
425 2987 617 3070 delectatus,
644 2988 829 3052 doctrinam
855 2986 1025 3052 Ecclesiae
1050 2986 1233 3051 catholicae
1258 2985 1298 3050 de
1323 2981 1433 3049 Eucha-
1479 2993 1480 2998 ’

326 3087 419 3149 ristia
443 3088 672 3171 impugnavit3
707 3085 764 3149 sed
790 3108 891 3172 quum
928 3084 1041 3150 subtili
1065 3097 1098 3148 et
1122 3085 1302 3172 sophistica
1325 3084 1437 3146 ratione

327 3195 448 3268 ageret,
474 3184 640 3268 ambiguis
664 3182 775 3248 verbis
800 3207 915 3248 sensus
940 3207 1016 3249 suos
1040 3184 1234 3264 involveret,
1260 3195 1292 3246 et
1307 3181 1435 3263 Scripta-

326 3304 382 3345 rae
406 3281 590 3346 doctrinam
616 3306 650 3346 se
674 3294 785 3346 tenere
809 3283 1032 3363 contenderet,
1057 3283 1147 3346 litem
1166 3283 1244 3346 fecit
1268 3273 1436 3356 valdedil-

327 3378 448 3443 ficilem
483 3393 514 3444 et
548 3380 739 3467 implexam.
777 3381 816 3445 Id
842 3402 919 3446 vero
951 3404 989 3445 eo
1014 3381 1145 3445 facilius
1169 3380 1302 3443 evenire
1335 3373 1435 3461 potuit

329 3477 417 3564 quod
433 3479 663 3564 terminologia
679 3490 765 3544 esset
781 3501 820 3543 ea
844 3489 951 3544 aetate
975 3480 1124 3544 nondum
1149 3480 1279 3563 penitus
1304 3473 1433 3538 definio.

328 3575 485 3664 quodque
517 3577 793 3642 antecedentibus
826 3577 966 3642 saeculis
991 3579 1090 3640 etiam
1117 3577 1178 3639 viri
1202 3571 1373 3638 orthodoxi
1400 3563 1434 3628 ob

330 3674 465 3740 modum
489 3674 647 3761 loquendi
672 3679 759 3741 inter
782 3699 816 3740 se
841 3676 1071 3740 vehementius
1087 3673 1286 3739 decertarint
1298 3677 1335 3750 ⁸).
1363 3667 1434 3730 lion·

330 3771 412 3838 nulli
437 3773 588 3838 arbitrati
613 3786 703 3856 sunt,
728 3775 965 3860 Borangarium
991 3796 1057 3838 non
1074 3793 1210 3858 negasse
1227 3768 1343 3834 realem
1359 3783 1433 3850 pret·

332 3939 448 3946 ——-—-
463 3939 516 3946 ---.-
526 3941 540 3944 ..

406 4035 425 4102 ι)
445 4033 500 4089 Ofr.
521 4033 684 4097 Watterich‚
703 4033 725 4088 1.
745 4035 806 4090 442.

405 4123 429 4192 ⁶¹)
447 4123 540 4178 Instit.
560 4123 615 4177 hist
643 4123 705 4178 ecel.
726 4122 799 4176 Sace.
819 4120 868 4176 XI.
889 4121 956 4174 Pars
975 4119 1013 4176 ΙΙ.
1032 4119 1062 4175 C.
1081 4119 1132 4174 111.
1152 4119 1176 4189 ξ.
1196 4118 1261 4172 XVI
1278 4131 1331 4183 sqq.

406 4215 427 4281 ³)

446 4213 501 4266 Cir.
522 4229 554 4266 ea
573 4227 641 4279 quae
666 4211 783 4266 diximus
801 4211 833 4264 de
852 4209 1037 4264 controversia
1055 4209 1129 4263 inter
1146 4205 1315 4262 Paschasium
1333 4197 1428 4256 aaut·

338 4297 405 4357 tum,
426 4301 508 4358 atque
527 4293 705 4348 Retrarnruun
725 4299 753 4346 et
773 4291 913 4345 Rabamm
933 4291 1065 4354 Mauram,
1084 4289 1198 4344 Dissert.
1217 4287 1274 4343 XV.
1291 4281 1339 4338 111.
