2922 4832
308 493 360 546 142
574 491 858 546 XIX..Controversia
876 497 905 544 et
924 492 1033 559 Imperii
1054 489 1166 546 indoles.

307 635 410 714 tibus,
430 657 448 698 e
473 633 593 721 quibus
617 636 751 715 eruitur,
769 632 915 699 Graecos
937 655 1005 698 non
1029 635 1208 718 ignorasse,
1233 658 1254 700 a
1273 635 1405 700 Romanis

307 734 419 796 tertius
459 743 636 819 quartusve
677 733 810 817 nuptias
844 730 932 796 haud
975 731 1153 816 prohiberi.
1192 769 1237 780 -
1278 733 1405 798 Decursu
1449 787 1450 792 ,

307 850 403 914 porro
427 829 549 894 saeculi
583 830 705 894 decimi
730 831 808 894 unio
840 831 925 894 inter
947 828 1067 895 Sedem
1098 831 1284 896 Romanam
1312 845 1342 896 et
1361 833 1406 896 lic·
1449 819 1450 900 l

306 926 441 992 clerium
467 926 658 992 orientalem
683 949 749 992 non
773 927 916 1012 amplius
938 927 1153 993 turbataeest.
1449 905 1450 930 ¹

842 1335 904 1400 ΙΙΙ.

335 1477 403 1562 De
436 1476 610 1560 indole
647 1475 862 1581 Imperii
897 1476 989 1560 sub
1024 1475 1203 1561 ottone
1231 1478 1390 1582 Magno

546 1588 762 1692 ejusque
797 1588 1194 1674 successoribus.

197 1807 223 1848 ss
259 1820 280 1846 ³·
398 1799 452 1860 43.
492 1797 542 1862 Ea
566 1818 651 1882 quae
675 1794 822 1868 diximus
846 1796 887 1861 de
911 1795 1072 1882 dignitate
1097 1805 1130 1860 et
1152 1799 1345 1861 auctoritate
1364 1797 1408 1860 im·

310 1895 424 1980 periali
449 1895 558 1980 quoad
584 1892 739 1960 Carolum
763 1893 808 1958 M.
832 1905 866 1958 et
888 1893 1107 1979 Imperatores
1122 1915 1164 1956 ex
1188 1895 1291 1980 stirpe
1315 1895 1407 1978 ipsius.

310 1994 411 2058 etiam
435 1991 561 2074 valent,
595 1991 676 2056 dum
710 1991 750 2055 de
775 1990 895 2058 Ottone
927 1990 1064 2077 ejusque
1094 1993 1338 2057 suecessoribus
1358 1993 1408 2074 agi·

311 2103 373 2156 tur.
420 2089 575 2156 Vidimus
608 2090 889 2175 sapientissimum
919 2089 1090 2175 quondam
1120 2089 1222 2154 fuisse
1255 2089 1407 2154 consilium

310 2189 433 2254 Leonis
456 2187 517 2269 III,
543 2198 579 2252 ut
601 2189 672 2273 ipse
696 2208 843 2252 summus
863 2186 1019 2254 Pontifex
1042 2189 1259 2272 omniumque
1282 2187 1408 2252 fidelium

310 2285 427 2350 Pastor
456 2297 489 2350 et
511 2286 631 2350 Rector
664 2287 875 2350 coronatione
899 2297 931 2348 et
962 2283 1220 2370 proclamatione
1255 2283 1359 2350 Caroli
1383 2287 1407 2348 in

310 2382 563 2468 imperatorem,
597 2384 766 2468 impendum
790 2405 914 2446 sucrum
944 2383 1139 2448 institueret.
1194 2383 1269 2448 Hac
1292 2385 1407 2448 ratione.

311 2479 466 2560 diximus,
499 2480 700 2566 peculiarem
724 2491 757 2544 et
780 2479 989 2545 essentialem
1013 2480 1149 2565 Imperii
1173 2481 1274 2566 hujus
1297 2481 1407 2548 chaac-

310 2590 422 2660 terem,
448 2578 601 2658 indolem,
618 2577 823 2663 dignitatem,
849 2576 1000 2642 Ecclesia
1021 2599 1079 2644 seu
1103 2599 1251 2642 summus
1275 2579 1407 2644 Pontifex

311 2675 554 2740 determinavit.
601 2674 641 2740 Id
666 2675 821 2742 videlicet
840 2675 909 2740 Leo
934 2677 1112 2760 praecipue
1136 2678 1344 2742 coronatione
1365 2673 1408 2738 cn·

310 2774 371 2838 roli
395 2774 547 2853 intendit,
572 2786 609 2838 ut
633 2776 718 2838 inter
735 2775 901 2859 principes
925 2773 1044 2860 aliquis
1066 2785 1159 2856 esset,
1184 2775 1409 2859 potentissimus

309 2871 446 2958 quidem
465 2873 537 2958 jam
562 2870 740 2936 multarum
763 2873 1013 2956 provinciarum
1037 2873 1259 2956 possessione,
1288 2874 1337 2936 cui
1360 2893 1408 2934 ma·

310 2971 401 3034 xime
433 2981 466 3032 et
497 2969 708 3055 peculiariter
742 2971 1001 3034 committeretur
1034 2967 1117 3034 illud
1140 2969 1289 3035 officium
1318 2979 1347 3034 et
1367 2967 1407 3032 ille

309 3067 465 3152 dignitas,
490 3077 527 3130 ut
554 3079 640 3132 esset
656 3077 819 3153 protector
842 3078 872 3131 et
894 3068 1042 3154 defecatos·
1064 3066 1226 3132 Ecclesiae
1248 3080 1280 3134 et
1293 3063 1409 3132 Romani

311 3165 471 3248 Pontificio
493 3188 533 3228 ac
557 3167 723 3230 societatis
747 3164 964 3247 christianae,
997 3167 1122 3250 quique
1154 3163 1216 3228 sub
1250 3163 1407 3230 directione

309 3261 480 3328 Ecclesiae
504 3262 696 3348 religionem
722 3262 937 3328 christianam
959 3263 1099 3348 ejusque
1124 3262 1319 3348 multiplicia
1340 3262 1406 3324 bona

313 3360 435 3446 ubique
468 3371 677 3445 promoveret
714 3372 746 3424 et
785 3361 1013 3448 amplificaret.
1081 3361 1239 3425 Vicissim
1281 3359 1406 3425 Ecclesia

311 3457 389 3523 huic
412 3459 556 3544 principi
580 3460 874 3544 praeeminentiam
898 3481 977 3544 prae
1001 3459 1081 3544 aliis,
1098 3459 1306 3544 principibus
1327 3457 1406 3520 hono·

310 3579 446 3644 remque
469 3557 566 3644 plane
591 3559 750 3622 eximium
775 3557 983 3622 conciliabat.
1023 3557 1075 3622 Ita
1098 3559 1217 3622 intima
1241 3558 1318 3622 unio
1340 3575 1404 3640 quac

309 3679 354 3720 cx
377 3658 466 3720 sanis
489 3656 663 3742 principiis
694 3656 780 3719 inter
802 3665 997 3740 potestatem
1023 3654 1229 3739 spiritualem
1253 3665 1291 3718 ct·
1305 3666 1404 3736 tempo·

310 3753 414 3840 ralem
447 3776 576 3840 semper
609 3751 799 3838 quaerenda
823 3764 888 3836 est,
922 3755 956 3816 in
979 3751 1140 3816 Pontifice
1174 3762 1206 3816 et
1227 3749 1405 3838 Imperatore

309 3874 490 3938 corumque
529 3861 642 3926 mutuo
676 3849 795 3916 habitu
825 3873 919 3916 suam
954 3849 1147 3916 inveniebat
1183 3851 1355 3936 practicam
1382 3857 1404 3906 u
1447 3897 1448 3906 ,

311 3970 475 4014 summam
499 3951 761 4035 expressionem,
793 3971 934 4036 suosque
970 3947 1114 4014 debebat
1142 3947 1320 4033 producere
1340 3941 1404 4007 salu·

310 4058 398 4111 tares
423 4046 600 4132 effectus.¹)

312 4189 519 4198 0———-...-

386 4268 405 4334 ¹)
426 4267 481 4324 Cir.
501 4265 614 4322 Dissert.
635 4267 693 4320 XV.
715 4283 741 4321 n.
761 4267 803 4322 la.
896 4236 897 4247 ἵ
