3002 4836
304 497 341 548 42
655 495 695 550 De
714 495 818 552 haeresi
841 496 1073 550 iconoclastarum.

307 647 414 702 torum
439 661 505 702 non
527 640 628 704 fuisse
650 639 823 724 rejectam:
847 661 932 724 quae
948 659 1026 702 vero
1049 638 1139 723 apud
1164 638 1325 724 quosdam
1349 661 1423 704 auc·

306 745 392 798 tores
416 737 631 801 inveniuntur
653 739 752 800 etiam
777 737 837 802 sub
871 737 934 802 hoc
957 743 1109 820 respectu
1132 735 1346 801 Iconoclastis
1370 759 1422 800 ex·

307 831 470 916 probrata,
496 834 651 898 videntur
682 833 726 898 ad
750 833 1002 900 Constantinum
1035 834 1271 926 Imperatorem
1293 844 1423 900 tantum

306 929 477 995 referenda
501 954 580 996 esse.
597 969 641 980 -
654 933 693 996 In
717 931 927 996 anathemato
940 941 1054 996 contra
1076 931 1217 996 cultores
1240 933 1423 1016 imaginum

307 1027 563 1094 conciliabulum
597 1029 788 1114 singillatim
827 1031 1020 1116 perstrinxit
1051 1027 1254 1094 Germanum
1283 1029 1424 1094 Patriac-

307 1122 406 1189 chum
431 1124 612 1208 CPtanum,
637 1127 817 1213 Georgium
852 1127 1012 1214 Cyprium
1042 1137 1075 1192 et
1096 1128 1262 1193 Ioannem
1286 1127 1424 1192 Damas·

306 1245 425 1288 cenum
449 1223 623 1312 (Mamur),
648 1228 704 1311 qui
729 1228 763 1290 in
783 1248 950 1290 sacrarum
973 1227 1155 1311 imaginum
1180 1224 1271 1290 cultu
1294 1225 1427 1310 scriptis

306 1333 338 1384 et
361 1343 458 1406 opere
482 1322 690 1388 defendendo
722 1325 958 1388 constantiores
991 1346 1026 1386 se
1054 1324 1268 1409 fortioresque
1291 1322 1426 1388 demon·

306 1429 458 1483 strarunt.
506 1420 650 1484 Demum
666 1421 841 1486 Anastasio
862 1421 1195 1508 pseudopatriarchae
1212 1419 1345 1485 CPtano
1372 1419 1426 1484 de·

306 1517 429 1596 functo,
454 1517 495 1581 ab
513 1517 713 1602 Imperatore
737 1521 772 1584 iu
792 1519 917 1604 synodo
942 1520 1097 1582 suffectus
1121 1529 1170 1582 est
1188 1519 1428 1584 Constantinus

306 1615 488 1679 monachus
512 1628 544 1679 et
567 1616 676 1700 Sylaei
703 1618 734 1680 in
751 1617 938 1702 Pamphilia
962 1619 1146 1702 episcopus,
1172 1616 1269 1680 homo
1294 1619 1426 1702 nequis·

306 1713 407 1776 simus
431 1724 463 1776 et
486 1737 653 1778 sacrarum
679 1717 862 1798 imaginum
885 1715 988 1780 hostis
1011 1715 1169 1779 infensus.

394 1813 447 1876 46.
472 1813 550 1876 Post
579 1813 740 1900 ejusmodi
777 1813 988 1878 conciliabuli
1021 1813 1153 1877 decreta
1187 1810 1428 1876 Constantinus

306 1910 421 1995 majori
454 1911 553 1974 etiam
585 1909 742 1975 violentia
775 1913 808 1974 in
833 1933 942 1976 sacras
970 1911 1131 1994 imagines
1161 1911 1289 1973 saeviit.
1338 1907 1426 1974 Cum

305 2017 415 2070 tamen
439 2029 505 2072 non
529 2008 679 2074 deessent
703 2010 812 2072 avitae
836 2009 913 2072 fidei
947 2010 1129 2072 tenaciores
1154 2009 1210 2093 qui
1235 2029 1294 2093 pro
1318 2029 1429 2074 sacra·

305 2125 378 2168 rum
393 2105 580 2190 imaginum
605 2106 695 2171 cultu
720 2107 942 2188 decertarent,
967 2106 1099 2170 eosdem
1114 2105 1298 2192 Imperator
1320 2107 1427 2170 variis

305 2202 506 2266 cruciatibus
530 2203 677 2284 sustulit,
702 2205 864 2290 imprimis
887 2204 1066 2270 monachos
1090 2203 1310 2286 denuntiatos,
1335 2203 1427 2289 quod

305 2301 428 2364 sanctis
452 2323 561 2365 coram
586 2298 788 2387 imaginibus
809 2303 1058 2388 supplicassent,
1083 2301 1217 2388 publica
1241 2301 1429 2386 ignominia

306 2395 451 2484 dirisque
487 2399 658 2484 suppliciis
692 2402 822 2480 affecit,
863 2422 976 2464 eorum
1012 2400 1140 2480 domos,
1175 2397 1427 2482 supellectilem.

305 2493 404 2560 libros
428 2496 625 2571 divendidit‚
651 2499 869 2562 monasticum
900 2497 1050 2562 ordinem
1075 2520 1207 2582 prorsus
1229 2495 1429 2562 exscinden·

305 2603 467 2678 cartagens.
501 2633 544 2642 -
573 2595 682 2659 Litem
708 2594 945 2660 Constantinus
976 2597 1075 2660 etiam
1100 2598 1134 2660 in
1158 2593 1305 2658 ecclesiis
1330 2603 1430 2656 extra

304 2691 486 2776 Imperium
519 2716 614 2757 suram
643 2695 797 2771 excitare,
830 2715 950 2779 easque
983 2695 1018 2758 in
1051 2702 1160 2778 partes
1193 2714 1269 2756 suas
1293 2689 1429 2754 trahere

304 2793 454 2855 tentavit.
501 2791 599 2855 Anno
626 2791 687 2854 767
714 2793 803 2856 misit
825 2791 868 2856 ad
892 2791 1047 2876 Pipinum
1071 2811 1181 2874 regem
1205 2789 1340 2873 legatos,
1366 2812 1430 2853 sex

305 2889 454 2973 patritios
477 2911 552 2952 oum
577 2889 727 2973 pluribus
758 2890 934 2974 episcopis,
968 2891 1024 2975 qui
1058 2886 1160 2952 liliam
1189 2888 1293 2974 ipsius
1316 2885 1429 2950 Gode-

303 2985 440 3070 giselam
456 2987 560 3050 Leoni
575 2987 726 3070 Augusto
743 2986 950 3051 Constantini
971 2986 1038 3050 filio
1063 2984 1288 3050 collocandam
1313 2994 1430 3070 postu·

303 3082 409 3148 larent
436 3107 476 3148 ac
503 3085 706 3148 Ravennatis
734 3083 931 3148 exarchatus
958 3107 978 3148 a
1001 3083 1120 3169 Pipino
1144 3083 1273 3149 subacti
1296 3084 1429 3146 restitu-

303 3182 427 3246 tionem
450 3181 521 3245 loco
546 3181 641 3261 dotis,
666 3184 789 3268 quique
812 3205 854 3247 ne
884 3182 1053 3267 religionis
1077 3182 1254 3268 disparitas
1277 3179 1430 3244 ineundo

304 3277 428 3343 foederi
453 3279 590 3360 obesset,
615 3281 873 3344 controversiam
902 3280 944 3345 de
967 3280 1169 3364 imaginibus
1193 3279 1430 3365 episcoporum

304 3375 433 3440 Galliae
465 3377 611 3440 examini
643 3379 878 3462 permitterent.
926 3377 1065 3463 Pipinns
1098 3376 1277 3442 concilium
1310 3373 1430 3439 Genti-

303 3474 380 3538 liaci
404 3473 563 3539 celebrari
582 3475 690 3560 jussit,
715 3497 781 3538 non
814 3475 939 3562 absque
969 3477 1069 3540 venia
1092 3475 1188 3541 Sedis
1200 3472 1428 3560 Apostolicae,

304 3574 352 3635 uti
376 3581 504 3636 constat
527 3595 569 3636 ex
592 3572 730 3657 epistola
752 3573 848 3638 Pauli
871 3573 888 3637 I
911 3572 954 3638 ad
979 3575 1087 3658 ipsum
1112 3572 1200 3640 data.
1240 3573 1290 3636 Ea
1314 3573 1349 3636 in
1376 3593 1431 3656 sy·

304 3670 389 3734 nodo
414 3672 561 3755 quaestio
586 3669 709 3757 duplex
725 3671 768 3736 ad
784 3691 925 3736 examen
941 3681 1060 3736 vocata
1074 3681 1132 3754 est,
1148 3672 1256 3757 prima
1279 3669 1320 3734 de
1346 3673 1429 3734 ima-

303 3766 450 3850 ginibus,
475 3767 578 3832 altera
601 3768 643 3832 de
667 3770 874 3855 processione
898 3769 1039 3854 Spiritus
1063 3767 1186 3850 Sancti,
1211 3769 1299 3833 circa
1323 3789 1429 3853 quam

303 3866 468 3930 Romanos
491 3867 668 3932 innovasse
691 3866 811 3932 Graeci
836 3866 1068 3933 causabantur.
1100 3867 1183 3948 Quis
1206 3866 1307 3932 fuerit
1330 3866 1431 3931 istius

303 3963 435 4028 concilii
469 3965 592 4046 exitus,
627 3966 686 4030 etsi
710 3987 777 4030 non
806 3965 920 4030 dicant
942 3975 1093 4030 auctores
1117 3966 1175 4050 qui
1199 3964 1288 4030 illius
1311 3965 1430 4028 memi-

303 4083 395 4144 nere,
420 4063 468 4126 uti
491 4061 705 4148 Eginhardus
729 4074 762 4127 et
791 4062 866 4127 Ado
889 4064 1089 4128 Viennensis
1113 4065 1146 4129 in
1173 4061 1358 4140 Chronicis,
1384 4084 1431 4126 ex

303 4161 351 4222 eis
382 4170 494 4224 tamen
519 4183 604 4248 quae
632 4185 654 4225 a
686 4159 869 4226 Gallicanis
893 4160 1105 4226 Praesulibus
1129 4162 1165 4226 in
1189 4160 1263 4226 aliis
1286 4159 1431 4244 synodis

302 4267 394 4343 gesta
411 4269 500 4340 sunt,
518 4270 550 4323 et
566 4283 608 4324 ex
623 4259 688 4324 fide
705 4260 864 4324 ecclesiae
880 4260 1073 4324 Gallicanae
1090 4259 1220 4324 illorum
1236 4269 1427 4342 temporum
