3002 4836
528 489 679 546 Restitutio
697 490 779 558 pacis.
1176 487 1212 544 81

97 655 266 722 perpessus
288 633 408 697 luerat.
455 631 488 696 le
511 632 628 698 eodem
650 655 738 700 anno
762 634 827 700 842
852 631 1136 720 Constantinopoli
1160 655 1209 699 ce·

98 731 235 797 lebrarit
264 729 442 815 synodum,
476 733 511 795 in
535 753 601 816 qua
628 733 813 817 imaginum
846 731 953 796 cultus
985 734 1155 797 restitutus
1178 743 1211 796 et

98 827 280 894 Concilium
303 829 491 894 Nicaeuum
512 828 547 893 Il
579 831 811 895 confirmatum
835 839 894 895 est.
940 830 1029 895 Dein
1052 831 1210 918 episcopi,

98 927 246 992 monachi
263 926 388 1013 aliique
401 925 516 991 fideles
540 949 582 991 ex
597 927 696 993 exilio
712 929 869 1011 revocati,
885 938 918 992 et
936 927 1073 993 solemni
1088 950 1209 1015 pompa

93 1047 204 1090 sacrae
236 1027 401 1111 imagines
432 1026 468 1089 in
496 1027 565 1090 suis
595 1024 677 1090 locis
699 1027 862 1113 repositae
895 1035 981 1092 sunt.
1027 1027 1067 1090 In
1091 1047 1211 1091 memo·

96 1124 175 1188 riam
207 1145 289 1188 vero
321 1122 420 1210 hujus
452 1133 590 1188 eventus
623 1123 808 1190 Orientales
847 1125 967 1190 festum
1000 1125 1212 1190 instituerunt

93 1223 269 1306 quotannis
300 1223 422 1308 prima:
442 1221 725 1306 Quadragesimae
755 1221 922 1288 dominica
964 1221 1210 1300 celebrandum,

93 1319 180 1405 qnod
202 1320 326 1384 festum
346 1319 561 1385 Osdsoclooeiue
583 1319 761 1406 appellant.
786 1319 890 1406 Cujus
914 1320 988 1384 festi
1012 1319 1209 1405 significatio

95 1427 203 1502 postea
228 1421 437 1503 itapxtensa
460 1427 525 1501 est,
550 1427 586 1482 ut
615 1419 755 1484 victoria
779 1417 820 1482 de
844 1417 997 1484 omnihus
1020 1417 1212 1492 haeresibus

94 1525 257 1602 reportata
282 1513 398 1580 eodem
422 1513 614 1581 celebretur.

179 1615 233 1677 94.
259 1611 316 1678 Sic
339 1615 441 1698 igitur
463 1613 609 1678 haeresis
636 1615 700 1678 ista
722 1635 807 1700 quae
827 1611 1111 1697 Constantinopoli
1135 1622 1212 1677 ante
1236 1646 1360 1690 cmm,

91 1721 224 1776 centum
249 1712 371 1796 viginti
394 1732 509 1793 annos,
524 1721 658 1776 auctore
672 1711 874 1798 Imperatore
896 1720 1013 1797 potens
1037 1733 1077 1775 ac
1099 1711 1213 1775 furens

94 1811 126 1872 iu
148 1809 323 1874 Ecclesiae
355 1809 515 1874 &ninum
544 1810 671 1894 erupit,
695 1819 728 1873 et
759 1829 909 1895 repressa
932 1810 1074 1894 saepius,
1099 1830 1211 1872 rursus

91 1905 255 1971 audacius
278 1917 350 1972 erat
373 1905 588 1989 debacchata,
611 1907 747 1972 undem
763 1929 851 1973 enno
876 1907 940 1972 842
964 1908 1128 1972 exstincta
1151 1917 1210 1971 est.

92 2003 227 2084 Quanta
247 2005 365 2069 eadem
380 2007 547 2069 invexerit
562 2026 674 2069 secum
691 2004 788 2088 mala,
805 2015 885 2092 quot
900 2005 1086 2091 quibusque
1111 2002 1211 2068 cladi-

93 2101 151 2166 bus
183 2103 319 2188 saepius
341 2101 606 2188 pessumdederit
633 2103 743 2167 varias
766 2103 922 2170 ecclesias
943 2102 1109 2183 Orientis,
1142 2101 1210 2166 lon-

89 2221 168 2284 gum
200 2210 287 2265 esset
315 2201 470 2265 minutim
503 2199 700 2266 describere.
746 2200 829 2267 [nde
860 2203 966 2287 pietas
999 2201 1212 2265 vehementer

91 2319 266 2380 concussa,
289 2299 531 2384 Imperatorum
563 2301 599 2362 iu
630 2321 682 2362 res
714 2319 824 2364 sacras
855 2298 1002 2366 violenta
1035 2300 1209 2382 immixtio,

91 2399 185 2480 qusai
200 2419 244 2462 ex
253 2397 330 2484 jure
346 2397 387 2460 iis
407 2405 620 2482 competeret,
638 2397 673 2461 in
688 2418 784 2461 usum
798 2399 904 2482 magis
921 2399 1092 2482 magisque
1107 2395 1210 2462 traus-

92 2494 137 2574 iii,
159 2493 358 2558 Praesulum
381 2493 631 2558 ambitiosorum
654 2495 800 2579 ignavis,
825 2494 878 2558 vel
901 2515 1132 2580 perversorum
1155 2517 1210 2560 au·

92 2592 188 2657 dacis
220 2613 272 2656 res
306 2590 550 2656 ecclesiasticae
580 2594 726 2656 maxime
763 2592 924 2677 turbatae,
961 2593 1142 2658 divisiones
1177 2603 1210 2658 et

92 2689 270 2754 schismata
294 2691 329 2754 in
352 2691 432 2775 ipsis
455 2687 663 2754 dioecesibus
687 2689 832 2755 Orientis
863 2700 1042 2775 provocata
1066 2700 1152 2772 sunt,
1177 2701 1210 2756 et

91 2789 220 2852 aversio
243 2809 283 2852 ae
306 2789 469 2872 separatio
492 2785 535 2850 ab
559 2787 698 2853 ecclesia
712 2787 862 2852 Romana
885 2787 1115 2853 vehementius
1137 2810 1210 2874 pro·

95 2895 179 2950 mota
202 2897 263 2950 est.
308 2883 401 2949 Illius
432 2906 529 2970 porro
553 2888 725 2952 occasione
755 2885 900 2950 haeresis
922 2886 1080 2952 omenmle
1103 2886 1208 2972 Impe-

92 2985 175 3047 rium
206 2981 420 3068 dispendium
452 3004 586 3069 passum
618 2993 667 3047 est
689 2983 824 3070 Imperii
857 2984 1081 3066 occidentalis,
1105 3006 1208 3070 quum

93 3080 133 3144 ab
149 3080 409 3168 imperatoribus
424 3079 638 3146 Ioouoclastis
652 3083 796 3167 primum
813 3081 1024 3168 diremptum,
1039 3103 1079 3145 ac
1093 3092 1207 3167 postea

95 3199 132 3240 ue
155 3177 326 3244 Ecclesiae
349 3188 513 3264 protector
535 3177 663 3244 deesset
686 3178 840 3243 collatum
865 3181 908 3243 sit
927 3178 1044 3244 Oarolo
1068 3180 1113 3246 M.
1138 3181 1207 3264 regi

95 3275 307 3342 Francorum.
358 3277 437 3342 suit
468 3286 581 3341 tamen
610 3278 709 3342 etiam
747 3279 782 3341 in
817 3276 953 3342 Oriente
985 3277 1137 3342 Ecclesia
1167 3299 1206 3344 ea

94 3383 195 3436 aetate
218 3373 382 3438 illustrata
405 3377 580 3439 sanctitate
613 3375 789 3440 multorum
819 3377 976 3459 virorum,
1002 3379 1058 3462 qui
1083 3375 1207 3441 infide

93 3469 273 3536 orthodoxa
305 3472 432 3536 fortiter
463 3473 684 3558 perstiterunt,
718 3495 758 3537 ac
782 3483 965 3558 martyrum
988 3473 1205 3559 plurimorum

95 3569 286 3656 triumphis3
310 3579 409 3656 atque
433 3571 552 3634 enituit
563 3572 740 3636 auctoritas
763 3580 796 3634 et
810 3572 972 3657 sapientia
981 3571 1206 3636 Romanorum

96 3663 299 3748 Pontificum,
314 3670 371 3754 qui
395 3667 593 3733 catholicam
608 3668 792 3734 doctrinam
807 3670 963 3734 continuo
980 3661 1207 3733 custodierunt

96 3773 128 3824 et
148 3764 310 3851 intrepide
333 3766 600 3832 vindicaverunt.

542 4029 753 4068 .„-†-

140 4368 265 4422 lmen,
281 4371 457 4414 Dinertstiouss.
468 4371 527 4413 'lom
545 4371 582 4415 111.
