2926 4840
317 487 358 540 De
376 485 563 542 Decretalibus
580 486 865 543 Pseudo-isidorianis.
1102 487 1154 542 261

58 631 147 694 urinis
168 651 245 694 vero
269 641 303 692 et
325 629 495 715 explorata
519 643 569 693 est
591 641 702 696 nostro
728 641 874 716 tempore
901 631 988 694 inter
1011 629 1156 695 eruditos

57 729 196 790 usmete
228 727 271 792 de
305 730 533 813 suppositione
568 728 699 794 illarum
733 727 972 794 Deeretslium.
1021 728 1158 792 Praeter

56 823 121 888 alias
142 826 281 889 rationes
304 824 365 890 hes
388 825 554 890 adducere
577 827 721 891 sullicit:
749 827 784 890 1⁰
806 827 990 910 Dionysius
1004 825 1157 910 Exiguus

56 925 181 986 maxima
212 945 294 988 cura
326 933 359 986 et
390 923 564 1007 diligentia
596 923 743 988 lustratis
781 925 994 1010 excussisque
1027 925 1158 988 seriniis

56 1019 132 1083 Sedis
153 1019 365 1106 Apostolicae
396 1021 520 1086 nullam
545 1021 674 1088 illarum
699 1020 927 1086 Decretalium
957 1023 1087 1086 invenit
1117 1044 1158 1086 ac

56 1119 178 1200 protulit,
202 1141 266 1184 nec
288 1119 378 1204 apud
401 1119 484 1184 alios
509 1122 703 1205 scriptores,
736 1119 788 1184 vel
812 1121 847 1183 in
869 1117 945 1183 aliis
965 1118 1158 1204 regionibus

56 1219 80 1278 in
101 1239 177 1300 quas
194 1220 315 1281 missae
331 1217 558 1303 perhibentur,
583 1217 719 1282 eaedem
737 1227 1044 1282 commemorentur.
1083 1217 1158 1282 Hoc

54 1325 266 1398 argumentum
291 1318 444 1401 quamvis
467 1318 679 1400 negativum,
704 1326 814 1379 tamen
839 1317 875 1380 in
897 1313 961 1378 hoc
984 1337 1084 1396 casu,
1109 1317 1156 1378 uti

54 1423 142 1495 potet,
171 1423 222 1477 est
252 1415 389 1478 maximi
421 1414 558 1479 roboris.
606 1415 643 1478 2⁰
668 1412 772 1477 Multa
802 1414 901 1477 iniis
928 1412 1159 1476 Decretalibus

54 1520 214 1574 ucurrunt
237 1513 421 1576 recentiora
444 1521 551 1575 aetate
575 1511 786 1593 Pontificum,
811 1509 933 1596 quibus
956 1533 1015 1574 eae
1038 1510 1159 1574 adscri-

54 1607 177 1686 buntur,
203 1609 251 1670 uti
275 1630 444 1674 sacrorum
467 1609 652 1674 Bibliorum
679 1609 860 1674 sententiae
883 1609 1065 1674 secundum
1090 1631 1160 1672 ver-

54 1707 160 1769 sionem
172 1729 197 1770 s.
210 1707 418 1790 Hieronymi,
432 1729 575 1771 canones
584 1709 803 1793 posteriorum
814 1705 1038 1788 conciliorum,
1050 1705 1159 1792 appel·

54 1803 174 1868 lotiones
191 1807 446 1889 magistratuum
470 1815 503 1868 et
522 1803 711 1890 praesulum
736 1826 822 1890 quae
840 1805 1029 1889 posterioris
1044 1806 1161 1868 aetatis

54 1916 130 1984 sunt,
160 1911 194 1964 et
225 1901 356 1968 similia.
399 1902 510 1966 Etiam
536 1901 661 1966 indicia
685 1901 790 1966 multa
813 1902 950 1986 adsunt,
986 1923 1070 1987 quae
1094 1922 1160 1964 non

53 1999 238 2084 respondent
267 1999 414 2064 moribus
445 2001 593 2085 priorum
617 1999 841 2083 saeculorum,
875 2000 933 2064 sed
965 1998 1160 2084 disciplinae

53 2099 225 2178 posterioris
249 2099 415 2181 temporis.

124 2197 178 2260 48.
213 2195 388 2260 Caeterum
423 2195 457 2259 id
481 2217 611 2281 quoque
636 2195 757 2259 eruditi
780 2197 967 2258 accuratius
990 2196 1157 2258 examina·
1213 2203 1290 2304 lpus

54 2312 132 2372 vere,
163 2316 206 2356 ex
229 2293 342 2380 quibus
360 2293 511 2378 fontibus
533 2292 724 2357 Decretales
755 2315 830 2356 suas
859 2293 1079 2377 composuerit
1101 2291 1158 2354 Isi·
1176 2265 1323 2368 Pffissg*

54 2389 155 2468 don1s3
179 2401 279 2476 atque
302 2414 345 2455 ex
369 2393 537 2475 octoginta
561 2393 692 2456 circiter
715 2392 881 2454 variorum
899 2399 1071 2453 auctorum
1085 2411 1159 2474 ope-

54 2487 130 2552 ribus
154 2492 224 2574 ipse
249 2491 418 2554 invenitur
447 2489 597 2553 hausisse
621 2511 677 2573 ea,
708 2510 792 2574 quae
820 2511 840 2551 a
863 2486 1081 2552 Pontificibus
1100 2486 1161 2550 Ro-

55 2589 147 2650 manis
175 2589 299 2672 scripta
323 2609 393 2650 esse
424 2595 630 2651 commentus
654 2587 742 2670 est.¹)
790 2587 835 2649 At
866 2606 933 2649 non
957 2587 1069 2650 omnia
1099 2587 1162 2648 ista

55 2705 139 2767 opera
172 2695 288 2748 auctor
320 2684 475 2748 habuisse
508 2707 548 2750 ac
576 2684 694 2769 legisse
718 2683 902 2748 censendus
926 2693 991 2761 est,
1028 2683 1085 2748 sed
1110 2707 1163 2745 ex·

54 2785 161 2866 cerptis
190 2805 271 2845 usus
304 2793 371 2866 est,
411 2805 496 2868 quae
523 2783 594 2868 jam
628 2783 663 2846 in
695 2781 769 2845 aliis
802 2781 1064 2845 continebantur.
1112 2781 1163 2844 Ita

55 2879 172 2944 videtur
211 2882 357 2944 maxime
397 2902 476 2966 prae
516 2878 671 2944 manibus
710 2879 864 2942 habuisse
901 2879 987 2942 Acta
1023 2877 1163 2942 Consilii

55 2977 242 3063 Aquisgrani
276 2999 362 3042 anno
387 2979 452 3043 816
485 2978 602 3042 habiti.
648 2978 734 3041 Nam
766 2979 799 3040 in
824 2999 862 3040 eo
888 2977 1036 3040 Concilio
1059 2976 1164 3040 multa

55 3077 250 3140 continentur
283 3087 439 3161 excerpta
472 3099 514 3138 ex
544 3076 679 3140 Petrum
714 3076 844 3160 scriptis
877 3086 909 3138 et
939 3073 1162 3138 Conciliorum

53 3175 132 3242 acue,
153 3185 254 3260 atque
278 3175 428 3260 apprime
452 3175 492 3238 iis
515 3197 593 3236 usus
617 3183 665 3236 est
680 3173 969 3237 Pseudo-Isidorus
993 3173 1035 3236 ed
1052 3173 1162 3236 varias

55 3269 232 3337 Decretales
255 3271 473 3338 conscendas.

136 3372 187 3436 49.
223 3370 389 3434 Convenit
420 3391 551 3455 quoque
583 3368 740 3432 hocloco
774 3379 907 3449 notare,
943 3371 1065 3454 pariter
1097 3391 1159 3432 me·
1189 3382 1319 3433 Crinitum·

56 3463 153 3530 ‹liante
178 3468 312 3532 saeculo
337 3489 423 3533 nono
448 3468 600 3551 vulgatas
623 3467 725 3530 fuisse
748 3466 830 3530 alias
854 3467 936 3530 duas
955 3466 1162 3531 collectiones
1199 3443 1307 3546 Ὗζῖξξζί

58 3567 186 3645 spurias,
211 3564 369 3630 videlicet
392 3563 594 3652 Copitclario
617 3565 781 3628 &eudicti
804 3563 931 3628 Lucitas
955 3575 987 3626 et
1013 3562 1163 3650 Capitale

56 3661 253 3747 lopilromni.
288 3701 328 3711 -
365 3663 570 3750 Capitularia
603 3661 738 3748 speciali
762 3661 859 3725 modo
884 3685 923 3725 ea
947 3673 1053 3725 aetate
1077 3662 1161 3725 dice-

57 3755 164 3823 bantur
187 3761 448 3826 Constitutiones
475 3762 603 3846 Regum
628 3771 660 3824 et
682 3761 923 3845 Imperatorum
947 3761 1162 3840 Francorum,

57 3869 116 3920 tum
151 3859 263 3923 civiles
298 3869 368 3922 tum
404 3853 655 3924 ecclesiasticae.
703 3857 908 3944 Capitularia
941 3857 1164 3922 ecclesiastica

57 3967 155 4017 autem
187 3957 343 4043 pleraque
379 3969 455 4022 sunt
490 3957 620 4021 decreta
656 3956 871 4020 conciliorum
907 3954 1163 4041 provincialium

58 4063 106 4114 ant
127 4055 357 4136 nationalium,
383 4056 576 4121 auctoritate
600 4057 687 4140 regis
710 4053 763 4118 vel
788 4055 994 4140 imperatoris
1018 4076 1163 4140 compro-

71 4179 254 4190 -—·—-—-

123 4255 143 4322 ¹)
161 4255 301 4312 llinschius
320 4257 337 4311 1.
357 4273 379 4311 c.
398 4273 423 4325 p.
443 4257 490 4311 ΟΧ
509 4271 565 4324 sqq.
