3002 4836
361 523 466 580 Causae
483 524 665 594 principatum
683 532 886 594 praeparantes.
1148 525 1183 583 98

71 669 202 748 toritate,
226 678 260 733 et
278 668 357 754 jure
379 666 600 732 haereditario
624 689 683 754 prc
707 665 842 732 familiis
867 669 944 734 suis.
990 669 1082 736 Inter
1106 671 1184 736 istos

71 765 201 830 duatus
225 765 368 852 majores
391 774 485 829 erant
509 765 632 830 Forum
656 765 749 846 Julii,
767 765 935 852 Spoletum
960 778 992 831 et
1015 767 1183 834 Beneven-

71 875 140 940 tum,
154 873 190 927 et
205 864 386 948 praecipue
402 862 504 927 duces
518 862 715 949 Spoletanus
734 886 773 928 ae
790 863 1045 932 Beneventanus
1062 869 1183 952 passim

71 959 196 1044 regibus
219 960 418 1026 resistebant
440 971 473 1024 et
496 963 721 1026 autonomiam
746 961 809 1027 sibi
834 961 1062 1028 vindicabant.
1108 965 1184 1030 Fre·

69 1067 202 1144 quanter
234 1059 335 1123 etiam
367 1060 456 1122 inter
485 1059 597 1124 varios
633 1057 735 1124 duces
774 1058 994 1125 dissensiones
1026 1072 1120 1126 erant
1154 1075 1186 1128 et

71 1155 157 1239 bella,
183 1177 329 1242 suasque
352 1157 575 1242 possessiones
599 1155 721 1242 singuli
745 1168 906 1245 qnantum
931 1167 1083 1245 poterant
1106 1160 1185 1226 dilu-

70 1263 130 1318 tare
153 1253 348 1336 studebant,
371 1253 464 1318 Italis
498 1276 555 1318 seu
578 1255 722 1341 Imperio
746 1253 893 1321 Orientis
917 1256 1039 1343 oppida
1063 1279 1102 1323 ec
1125 1267 1186 1323 ter-

71 1353 176 1418 ritoria
209 1353 400 1438 eripientes.
447 1351 596 1417 Maxima
630 1352 765 1440 quidem
797 1363 890 1438 parte
913 1375 932 1417 a
957 1353 1187 1440 Longobardis

72 1449 159 1514 ltalia
195 1459 389 1538 expugnata
420 1451 493 1522 fnit
517 1461 662 1516 attamen
694 1448 736 1515 ab
760 1471 873 1515 eorum
892 1451 974 1537 jugo
998 1450 1092 1517 liberi
1117 1476 1186 1540 per·

72 1557 259 1612 manserunt
290 1548 500 1634 Imperioque
536 1547 660 1612 addicti
694 1547 892 1613 exarchatus
924 1548 1187 1616 Ravennatensis

70 1667 140 1710 cum
164 1643 361 1731 Pentapoli,
387 1644 527 1710 ducatus
559 1645 738 1727 Romanus,
772 1645 989 1711 venetiarum
1013 1651 1186 1720 territoria.

71 1753 99 1806 et
119 1741 238 1808 ltaliae
262 1741 487 1807 meridionalis
509 1743 620 1828 plnres
643 1745 846 1829 provinciae.

156 1841 210 1905 15.
234 1839 464 1925 Longcbardi,
501 1841 558 1927 qni
590 1862 692 1927 quum
731 1843 767 1904 in
799 1838 929 1906 ltaliam
967 1843 1258 1930 irrumperentusn·
1276 1875 1346 1908 aa..

70 1961 147 2024 gens
175 1946 272 2002 erant
294 1937 473 2003 admodum
496 1937 659 2018 barbara,
686 1937 877 2024 perplures
900 1960 1004 2004 annos
1029 1939 1187 2006 caedibus

72 2049 166 2124 atque
181 2037 310 2122 rapinis
324 2057 406 2123 quas
430 2036 667 2122 expugnabunt
690 2039 841 2120 regiones
854 2047 1079 2103 vastaverunt.
1104 2039 1186 2104 Pau-

73 2134 159 2198 latim
174 2133 310 2220 quidem
335 2133 573 2220 aliquantisper
585 2145 763 2219 coeperunt
786 2155 1024 2216 mansuescere,
1041 2137 1187 2202 moribus

73 2247 179 2296 tamen
209 2232 254 2297 ab
287 2231 381 2296 Italis
413 2253 543 2317 semper
570 2229 669 2296 alieni
692 2241 930 2312 remanserunt,
954 2255 1016 2298 nec
1040 2257 1185 2322 unquam

73 2329 144 2394 ltali
167 2341 201 2394 et
224 2328 438 2414 Iaongobardi
463 2332 605 2393 victores
636 2330 680 2392 ita
711 2329 883 2394 commixti
917 2342 1002 2409 sunt,
1029 2344 1064 2396 ut
1088 2355 1187 2398 uuam

74 2427 172 2492 veluti
206 2430 377 2494 nationem
408 2427 600 2492 formarent.
645 2426 802 2492 Italorum
833 2429 935 2492 animi
960 2451 977 2492 a
1003 2427 1190 2514 Longobar-

74 2525 123 2590 dia
152 2527 288 2612 penitus
311 2523 410 2589 alieni
444 2534 551 2606 crant,
575 2531 608 2588 et
631 2526 763 2589 nonnisi
798 2526 902 2590 invite
933 2525 1190 2594 dominationem

75 2633 106 2688 et
121 2625 243 2710 jugum
267 2643 381 2688 eorum
404 2621 566 2687 ferebant.
612 2622 677 2687 Per
699 2620 825 2708 aliquot
848 2621 1010 2689 decennia
1032 2625 1191 2712 religione

77 2743 201 2808 quoqne
225 2719 451 2806 longobardi,
484 2741 588 2805 quum
611 2719 730 2784 Ariani
753 2729 870 2800 essent,
895 2720 937 2785 ab
961 2721 1054 2787 Italis
1078 2722 1191 2788 discri-

78 2819 297 2900 minabantur,
330 2817 388 2882 sed
420 2817 521 2881 etism
544 2827 717 2906 postquam
749 2839 849 2904 opera
871 2821 1063 2906 praesertim
1087 2819 1192 2885 'lbeo-

79 2917 227 2982 dolindae
260 2917 394 3000 reginae
431 2917 566 2980 ineunte
600 2913 731 2980 saeculo
764 2919 903 3002 septimo
936 2919 1083 2982 maxima
1115 2941 1192 3003 pars

79 3013 269 3079 catholicam
299 3012 399 3077 iidem
422 3013 585 3098 suscepit,
618 3015 780 3099 separatio
804 3013 846 3078 ab
880 3015 1047 3099 indigenis
1075 3015 1191 3081 Italiae

80 3112 187 3176 incolis
210 3110 417 3198 perduravit
462 3109 503 3175 Id
525 3111 704 3196 praecipue
728 3110 806 3175 inde
829 3113 993 3197 provenit,
1018 3113 1106 3200 quod
1130 3114 1191 3179 sub

80 3221 223 3296 respectu
258 3207 349 3273 civili
382 3219 481 3294 atque
514 3207 648 3296 politico
679 3208 975 3294 Longobardorum
1008 3213 1098 3276 natio
1129 3211 1192 3277 sibi

80 3306 131 3370 soli
155 3307 343 3372 dominium
366 3317 399 3370 et
411 3304 685 3391 gubernationem
710 3309 854 3389 retinuit,
871 3306 1036 3394 Italosque
1061 3322 1095 3374 ut
1119 3309 1192 3374 snb·

76 3403 174 3488 jactos
196 3403 327 3470 babuit.
374 3403 474 3468 Initio
499 3405 681 3468 invasionis
705 3403 938 3484 barbarorum,
964 3409 1010 3470 uti
1036 3407 1192 3477 diximus.

82 3501 189 3586 ingens
222 3511 348 3584 strages
380 3511 412 3564 et
442 3503 610 3589 oppressio
634 3501 789 3566 Italorum
823 3501 986 3588 accidie),
1012 3504 1088 3569 dein
1114 3525 1192 3569 vero

149 3743 169 3810 ¹)
186 3741 290 3796 Paulus
308 3739 437 3796 diaconum
460 3747 602 3810 postquam
626 3742 766 3798 enarravit
794 3749 907 3800 mortem
925 3742 1034 3798 Alboini
1054 3751 1082 3801 et
1101 3744 1193 3814 Olcpbi

81 3821 121 3886 qni
137 3821 230 3890 paucis
249 3819 329 3874 annis
352 3825 517 3892 regnarunt,
544 3821 629 3876 reteri
653 3820 716 3875 dein
740 3821 929 3892 interregnum
952 3823 1043 3878 decem
1063 3839 1194 3880 annorum

83 3899 157 3956 inse
174 3901 226 3956 rub
243 3899 308 3954 sotis
326 3897 445 3964 ducibus,
465 3915 496 3954 ac
514 3899 547 3955 de
565 3901 618 3956 isto
636 3905 757 3972 tempore
775 3901 883 3958 scribit:
918 3901 984 3970 „His
1003 3902 1096 3958 diebus
1115 3905 1193 3960 multi

82 3979 204 4036 milium
216 3981 399 4036 Romam
417 3979 451 4034 cb
469 3980 647 4049 cupiditatem
661 3981 759 4038 ducum
771 3983 912 4039 interiecti
930 3989 1003 4048 sunt,
1022 3982 1120 4052 reliqui
1131 3999 1194 4040 vero

82 4075 124 4128 per
140 4061 259 4130 tespites
278 4057 368 4124 dirisi,
386 4065 419 4115 nt
438 4059 550 4115 tertiam
560 4067 784 4130 partemsuarum
803 4062 914 4132 frugum
932 4061 1117 4133 Longobardis
1135 4079 1194 4132 per-

81 4140 217 4204 solverent,
236 4138 378 4194 tributarii
396 4137 560 4195 efficiuntur.
596 4141 650 4196 Per
667 4141 715 4196 bos
733 4141 971 4211 Lougobardorum
983 4143 1063 4198 duces
1080 4143 1194 4212 septimo

83 4233 146 4274 aeno
162 4219 197 4274 ab
214 4219 337 4274 adventu
350 4217 452 4274 Albuin
471 4221 594 4276 ettotius
612 4221 712 4290 gentis
731 4221 855 4290 spoliatis
868 4221 993 4286 ecclesiis,
1012 4223 1194 4278 sacerdotibus

84 4299 235 4364 interiectis,
255 4297 415 4354 civitatibus
433 4299 562 4364 subrutis,
590 4299 695 4370 populis
722 4301 772 4368 qui
787 4317 859 4356 more
881 4309 1000 4371 segetum
1019 4309 1194 4358 excreverant
