2922 4832
313 491 353 545 lle
372 492 543 558 oppressione
562 490 697 546 libertatis
714 490 859 545 Ecclesiae.
1092 491 1143 543 193

45 633 226 696 creationem
250 633 480 720 episcoporum
514 643 750 716 exercuerunt,
785 653 888 719 eaque
921 635 1047 697 ratione
1071 654 1142 716 ege·

45 739 120 814 runt,
150 752 188 794 ac
212 731 239 794 si
263 729 306 794 ab
331 733 411 818 ipsis
443 731 520 798 solis
551 711 734 797 ndminatio
765 753 879 796 corum
911 741 1010 817 atque
1042 731 1143 795 etiam

42 829 212 891 commissio
235 829 408 913 regiminis
431 840 464 893 et
487 828 617 894 collatio
641 831 811 916 potestatis
834 829 1069 915 dependerent.

115 971 167 1035 41.
216 967 390 1050 Quaenam
415 973 449 1036 in
473 974 687 1055 investituriS,
713 974 760 1036 uti
785 971 856 1035 lieri
881 971 1038 1053 solebant,
1063 980 1144 1035 tune
1180 984 1282 1026 rancun.

40 1092 97 1133 sese
120 1067 406 1134 manifestaverint
428 1069 576 1155 pericula
609 1081 641 1134 ct
671 1070 869 1135 detrimenta
899 1091 958 1155 pro
982 1068 1142 1148 Ecclesia,

36 1169 94 1252 jam
116 1168 231 1254 paneis
256 1189 472 1252 exponamus.
520 1167 720 1233 Investitura
752 1191 812 1254 per
845 1191 878 1232 se
912 1189 977 1232 non
1012 1167 1076 1231 nisi
1100 1165 1143 1230 ad

40 1287 138 1330 eornm
162 1289 195 1330 sc
228 1265 407 1330 extendere
439 1275 567 1351 poterat
590 1269 829 1352 possessionem
853 1265 1025 1347 bonorum,
1059 1287 1143 1351 quae

40 1375 120 1428 erant
141 1365 234 1450 regni
257 1363 377 1445 feuda,
411 1386 476 1428 non
510 1387 589 1428 vero
613 1366 801 1450 pertinebat
832 1363 875 1428 ad
906 1363 1033 1450 reliqua
1055 1363 1143 1427 bona

40 1462 218 1549 temporalia
253 1485 337 1548 quac
368 1460 490 1526 allodia
513 1471 607 1526 erant
640 1465 912 1526 monasteriorum
937 1472 969 1524 et
993 1461 1143 1526 ecclesia·

40 1583 118 1642 rum,
153 1559 206 1623 vel
230 1559 273 1624 ad
297 1558 379 1624 alios
412 1559 626 1626 ecclesiarum
649 1560 793 1640 reditum
829 1560 886 1624 sed
910 1560 1072 1645 ejusmodi
1097 1560 1142 1623 di-

39 1660 157 1723 stinctio
181 1657 279 1743 plane
304 1659 451 1723 evanuit.
500 1657 678 1745 Quumque
711 1657 800 1722 nullo
836 1658 934 1722 modo
965 1659 1143 1723 auctoritas

38 1755 231 1840 gubernandi
257 1753 383 1837 fideles,
418 1777 476 1819 seu
494 1755 737 1842 jurisdictionis
760 1767 918 1842 potestas
950 1779 970 1820 a
993 1755 1143 1842 principe

38 1855 178 1941 episcopo
202 1853 288 1917 tradi
313 1865 432 1938 posset,
457 1865 568 1918 tamen
600 1875 637 1916 eo
662 1853 873 1938 pertinebant
895 1854 1009 1919 annuli
1033 1866 1066 1916 et
1088 1853 1143 1918 ba-

38 1952 95 2016 culi
119 1949 277 2037 symbola,
306 1963 338 2014 et
361 1950 419 2014 tali
444 1953 570 2015 ratione
595 1953 762 2038 principes
785 1951 938 2036 agebant,
963 1975 1001 2016 ae
1028 1953 1054 2016 si
1080 1953 1142 2037 ipsi

36 2050 198 2116 ecclesiam
222 2050 360 2136 ejusque
383 2051 531 2134 regimen
560 2050 765 2136 praesulibus
780 2053 1022 2115 committerent
1061 2047 1143 2114 Con·

36 2150 241 2212 secretionem
266 2146 401 2234 quidem
434 2149 557 2234 requiri
582 2170 640 2233 pro
674 2150 837 2234 episcopis
860 2171 956 2214 nemo
980 2146 1144 2214 infitiaba·

35 2261 97 2328 tur3
131 2245 186 2312 sad
210 2267 249 2310 ea
282 2245 349 2308 fere
375 2245 552 2311 videbatur
584 2245 664 2332 quid
688 2247 909 2310 secundarium
933 2269 1013 2329 esse,
1038 2247 1083 2311 ita
1107 2258 1144 2309 ut

34 2346 180 2430 princeps
198 2342 333 2430 juberet
356 2365 428 2408 earn
453 2345 534 2428 fieri,
569 2354 604 2407 ut
628 2367 767 2430 persona
791 2345 845 2408 cui
869 2347 940 2431 ipse
964 2347 1143 2410 committe·

33 2443 84 2506 bat
108 2441 296 2524 ecclesiam,
329 2442 522 2528 qualitatem
546 2440 636 2506 illam
670 2443 874 2529 spiritualem
898 2441 1035 2507 haberet
1058 2465 1143 2529 quae

31 2539 255 2605 conveniebat.
281 2577 323 2587 -
348 2540 448 2604 Porro
472 2541 640 2625 principes
661 2541 840 2626 exigebant
863 2562 901 2605 eo
924 2551 1082 2626 tempore,
1106 2551 1143 2604 ut

32 2639 144 2702 rnortui
169 2637 328 2724 cujusque
351 2637 482 2703 abbatis
507 2638 558 2702 vel
582 2641 727 2725 episcopi
752 2638 891 2703 baculus
914 2639 1086 2725 pastoralis
1110 2647 1143 2701 et

29 2737 167 2802 annulus
190 2736 233 2800 ad
257 2737 345 2822 ipsos
369 2736 582 2803 deferrentur.
615 2737 709 2801 Haec
733 2759 811 2801 vero
837 2761 949 2808 sacrae
972 2739 1142 2823 potestatis

30 2835 168 2920 insignia
190 2835 389 2920 frequenter,
419 2834 569 2920 neglecta
592 2835 645 2900 vel
669 2833 858 2921 posthabita
882 2836 1052 2916 electione,
1077 2833 1141 2898 illis

29 2932 209 3015 tradebant,
234 2955 315 3019 quos
338 2954 532 3017 promovere
554 2932 686 3015 vellent,
710 2943 808 3020 atquc
833 2935 856 2997 ii
880 2935 1036 2998 continuo
1060 2933 1142 3018 epis·

28 3033 98 3116 ‹·0pi
126 3042 157 3095 et
180 3030 318 3096 abbates
343 3032 443 3094 creati
468 3031 753 3096 existimabantur.
800 3031 850 3096 Ita
873 3032 999 3096 factum
1023 3041 1081 3114 est,
1105 3041 1142 3096 ut

26 3131 56 3192 in
81 3129 146 3194 hac
168 3129 344 3194 arbitraria
375 3131 571 3192 investitura
604 3139 806 3194 momentum
836 3130 1064 3216 acquisitionis
1087 3127 1142 3192 ali·

24 3227 118 3312 cujus
143 3227 300 3291 ecclesiae
334 3226 388 3290 vel
410 3225 564 3291 beneficii
592 3237 779 3312 poneretur.
829 3228 899 3310 ,Ea
922 3249 999 3291 sane
1024 3227 1142 3313 princi-

22 3346 100 3408 pnm
127 3325 249 3410 egendi
272 3326 355 3389 ratio
380 3322 555 3404 efficiebat,
581 3325 688 3411 iuquit
710 3325 835 3406 Palma,
859 3335 895 3390 ut
919 3323 1048 3388 sublata
1064 3324 1142 3388 cleri

22 3435 51 3486 et
67 3423 309 3488 monachorum
333 3421 480 3508 legitima
495 3422 664 3506 electione,
688 3432 755 3487 tota
771 3421 996 3508 eligendorum
1020 3425 1142 3509 episco-

22 3543 142 3606 porum
167 3530 199 3585 et
223 3519 382 3585 abbatum
407 3529 551 3605 potestas
575 3519 618 3585 ad
641 3513 877 3606 Imperatorem
902 3519 1010 3585 delata
1033 3543 1143 3586 cenae-

21 3635 127 3702 retur,
166 3631 200 3682 ut
235 3621 444 3705 episcopatus
474 3629 573 3705 atquc
603 3617 758 3682 abbatiae
790 3619 979 3703 turpissimo
1004 3629 1142 3706 quaestu

21 3719 123 3785 vendi
153 3716 397 3804 quodammodo
422 3717 578 3798 solerent,
611 3728 659 3800 ut,
694 3717 971 3804 quemadmodum
997 3713 1142 3780 maxime

22 3821 172 3902 positum
197 3825 268 3880 erat
290 3817 324 3879 in
349 3836 462 3880 eorum
486 3824 670 3900 temporum
696 3817 862 3879 communi
887 3817 1052 3900 opinione,
1084 3837 1146 3900 per

19 3937 135 3980 sacrae
163 3914 333 3999 potestatis
357 3915 517 3999 insignia,
552 3935 637 4001 quae
666 3915 834 4000 principes
857 3913 1045 3996 tradebant,
1071 3913 1144 3998 ipsa

17 4037 111 4078 sacra
137 4012 320 4076 auctoritas
343 4011 430 4075 tradi
454 4010 762 4098 existimaretur.“¹)

17 4185 237 4198 -....-.---.-‹

88 4275 112 4344 ¹)
132 4271 269 4328 Proelcct.
288 4270 316 4324 in
334 4287 404 4325 saec.
423 4271 471 4324 xl.
490 4287 513 4326 c.
532 4269 582 4324 111.
615 4331 618 4338 .

65 4379 206 4429 languena.
221 4373 395 4418 bisurtaticnes.
404 4373 461 4414 Tora.
469 4372 503 4414 lll.
