3002 4836
302 491 338 546 eo
640 489 680 544 us
698 461 802 545 harei
821 489 1054 546 mesenam.

302 633 478 698 eventibus
502 633 619 716 claret,
642 633 833 720 Eugenium
856 634 890 698 11
895 683 905 714 ,
924 635 1083 720 'quamvis
1106 657 1227 721 magna
1251 657 1328 702 cum
1351 646 1428 700 arte

301 743 371 796 tum
395 731 437 796 ab
461 730 688 796 Orientalibus
710 741 781 796 tum
815 729 858 796 ab
882 731 1155 798 Occidentalibus
1179 733 1426 817 sollicitaretur,
1496 793 1497 798 ,

301 841 410 894 umen
431 831 552 914 insigni
576 831 738 915 sapientia
761 832 795 894 in
818 830 1108 916 praedeeessorum
1132 852 1266 896 suorum
1289 829 1427 896 010011-

302 929 369 994 cilii
401 928 540 992 Nicaeni
567 927 602 991 11
635 925 786 992 doctrina
809 927 850 992 de
874 929 976 992 saeris
1004 927 1206 1014 imaginibus
1229 929 1426 1016 perstitisse,

301 1029 335 1092 in
351 1027 497 1092 Francos
520 1035 641 1106 autem,
666 1027 722 1110 qui
747 1027 781 1090 in
805 1025 1117 1113 suapermanebant
1139 1027 1304 1112 opinione,
1329 1047 1427 1090 oeco-

301 1125 412 1189 nomia
435 1123 590 1209 prudenti
614 1145 710 1188 usum
733 1144 813 1186 esse.

169 1239 203 1280 ιι·
267 1251 290 1280 u·
389 1223 442 1288 113.
466 1220 558 1285 Inter
581 1219 694 1287 Gallos
718 1243 756 1285 eo
788 1233 935 1306 tempore
959 1221 1175 1286 iconoclastae
1199 1225 1347 1286 imitatus
1371 1233 1428 1286 est

255 1332 261 1342 '
304 1317 459 1384 &cadim
485 1320 694 1384 Taura'ueuss's
722 1320 901 1406 episeopus,
932 1320 988 1404 qui
1012 1322 1216 1401 auctoritate,
1240 1341 1306 1404 qua
1329 1319 1427 1404 apud

299 1418 510 1483 Ludovicum
524 1416 760 1503 Imperatorem
786 1415 939 1503 pollebat,
964 1415 1083 1498 elatus,
1108 1419 1270 1503 imagines
1293 1428 1326 1481 et
1348 1439 1426 1480 crn-

300 1539 354 1580 ces
382 1537 425 1580 ex
457 1514 605 1578 ecclesiis
635 1537 713 1579 suae
746 1513 906 1579 dioecesis
936 1515 1048 1600 abegit
1077 1527 1110 1580 et
1139 1516 1246 1601 fregit.
1294 1514 1362 1582 Sed
1390 1517 1424 1580 ei

300 1613 413 1679 fideles
436 1614 636 1695 restiterunt,
668 1612 820 1698 variique
844 1613 908 1676 viri
932 1611 1020 1676 docti
1045 1612 1173 1678 Galliae
1198 1614 1269 1700 ejus
1292 1635 1427 1679 errores

300 1711 522 1792 confutarunt,
547 1711 700 1796 quamvis
723 1720 756 1773 et
779 1711 841 1795 ipsi
857 1709 1005 1775 nondum
1020 1733 1062 1774 ex
1086 1713 1213 1796 integro
1238 1733 1353 1777 veram
1379 1712 1427 1778 de

300 1811 400 1873 sacris
416 1807 617 1892 imaginibus
631 1808 827 1872 senteutiam
840 1819 1100 1893 assequerentur.
1126 1807 1303 1874 Claudium
1318 1810 1429 1876 missa

300 1906 437 1994 epistola
470 1907 643 1971 admonuit
675 1907 747 1990 ejus
779 1908 906 1970 amicus
939 1906 1180 1972 Theodomirus
1211 1906 1325 1988 abbas,
1359 1908 1426 1972 sed

298 2007 436 2086 frustra3
474 2005 551 2069 dein
577 2025 654 2068 vero
679 2025 754 2067 eum
777 2004 963 2069 refutarunt
986 2004 1161 2090 Dungalus
1185 2005 1367 2070 monachus
1386 2006 1425 2071 S.

299 2104 463 2187 Dionysii,
482 2103 587 2168 Jonas
606 2102 779 2186 episcopus
793 2101 1051 2183 Aurelianensis,
1071 2102 1276 2168 Walafridus
1286 2100 1424 2182 Strabo,

299 2213 331 2266 et
344 2211 474 2286 praeter
497 2201 578 2264 alios
602 2201 702 2264 etiam
726 2199 897 2286 deperdito
921 2221 1020 2284 opere
1035 2201 1238 2265 Hincmarus
1254 2200 1425 2264 Rhemen-

298 2300 351 2364 sis.
375 2299 451 2362 Istis
468 2296 729 2362 discussionibus
743 2299 967 2364 controversia
985 2298 1026 2362 de
1041 2299 1143 2362 sacris
1160 2297 1365 2384 imaginibus
1382 2300 1422 2364 iu

299 2395 408 2460 Gallia
439 2416 506 2460 non
537 2417 654 2481 parum
679 2395 824 2481 eliquata
855 2396 934 2477 fuit,
960 2407 992 2460 et
1025 2417 1139 2460 versus
1167 2396 1268 2460 finem
1291 2397 1422 2462 saeculi

298 2496 388 2573 noui,
412 2493 510 2558 rebus
533 2492 650 2558 melius
672 2496 864 2580 perspectis,
889 2492 976 2557 Galli
1001 2515 1143 2558 errorem
1167 2494 1247 2558 facti
1271 2493 1312 2558 de
1333 2493 1423 2560 Con-

298 2591 374 2656 cilio
397 2591 544 2654 Nicaeno
569 2590 732 2676 deponere
765 2601 797 2655 et
827 2613 902 2656 eum
927 2591 1084 2655 Romanis
1107 2613 1147 2655 ae
1171 2591 1309 2656 Graecis
1333 2590 1422 2657 illud

298 2691 463 2774 suscipere
487 2697 520 2752 et
543 2690 577 2752 in
601 2690 728 2753 ratione
751 2688 880 2753 colendi
912 2710 1020 2752 sacras
1044 2690 1206 2772 imagines
1230 2691 1423 2755 consentire

297 2785 522 2873 coeperuut¹).

385 2886 438 2950 94.
463 2885 503 2949 In
534 2883 670 2948 Oriente
702 2884 859 2948 Michaeli
883 2883 988 2948 Balbo
1021 2905 1108 2948 anno
1142 2885 1207 2950 829
1237 2885 1419 2968 exstincto,

296 2985 453 3047 successit
476 2981 563 3046 filius
586 2983 657 3067 ejus
685 2982 883 3070 Theophilus,
908 2983 965 3068 qui
994 2983 1029 3046 in
1052 2983 1290 3068 persequendis
1312 2985 1422 3048 sacris

295 3081 496 3165 imaginibus
528 3101 707 3166 earumque
739 3079 921 3144 cultoribus
955 3081 1058 3164 patris
1091 3079 1204 3146 odium
1238 3089 1271 3146 et
1300 3081 1420 3166 impie·

295 3189 396 3242 tatem
430 3180 529 3242 etiam
564 3179 742 3262 superavit.
790 3179 906 3242 Diram
941 3179 1041 3261 igitur
1063 3200 1101 3242 eo
1125 3189 1284 3264 regnante
1306 3201 1419 3262 perse·

296 3277 462 3340 cntionem
478 3275 591 3340 fideles
606 3277 752 3361 perpessi
767 3287 853 3340 suut.
900 3275 966 3342 Sed
981 3298 1068 3341 anne
1084 3278 1159 3358 142,
1173 3298 1275 3363 quum
1292 3297 1420 3360 magna

295 3373 388 3439 clade
412 3374 568 3440 Saraceni
598 3375 668 3458 ejus
701 3375 813 3459 copias
837 3375 1038 3456 affecissent,
1064 3397 1211 3440 moerore
1243 3373 1418 3439 confectus

294 3471 386 3537 obiit.
412 3511 454 3518 —
478 3471 662 3558 'l'heophilo
687 3475 721 3536 iu
745 3473 883 3557 imperio
909 3475 1065 3538 successit
1081 3474 1220 3538 ,llicbo'e'l
1239 3474 1296 3537 III
1313 3471 1415 3554 lilius,

293 3569 403 3636 adbuc
426 3592 510 3656 puer
541 3571 765 3656 quadriennis.
817 3572 980 3634 lbeodorn
1010 3593 1087 3635 vero
1116 3572 1187 3658 ejus
1218 3583 1323 3636 mater
1345 3569 1412 3634 Au·

292 3679 388 3754 gusta
405 3668 571 3732 declarate
594 3679 651 3752 est,
677 3679 708 3732 et
731 3671 803 3754 ipsa
825 3669 941 3756 adjuta
964 3693 983 3732 a
997 3669 1187 3735 Theoctisto
1211 3680 1244 3735 et
1258 3669 1415 3734 Manuale

294 3765 504 3852 Imperatoris
535 3766 707 3849 tutoribus,
741 3765 888 3832 ecclesiis
915 3789 1031 3855 pacem
1061 3767 1217 3834 reddidit.
1264 3767 1415 3834 Joanncs

292 3864 620 3950 pseudo-patriarcha
643 3865 828 3928 haereticus
844 3863 997 3930 OPtanus
1022 3867 1200 3953 depositus,
1225 3867 1317 3931 etin
1340 3868 1415 3953 ejus

291 3962 400 4026 locum
425 3962 596 4026 ordinatus
619 3962 683 4026 fuit
706 3963 739 4029 S.
761 3962 960 4045 Methodius,
986 3966 1041 4050 qui
1066 3985 1124 4051 pro
1149 3965 1340 4029 defensione
1365 3988 1414 4030 sa·

292 4083 422 4125 orarum
456 4062 638 4146 imaginum
674 4061 735 4125 sub
765 4061 1025 4148 Imperatoribus
1058 4061 1283 4128 iconomachis
1307 4063 1413 4128 multa

292 4173 499 4181 ‘au—0.-

368 4212 386 4280 ¹)
406 4210 461 4265 Cir.
482 4210 515 4265 de
533 4209 612 4265 rebus
630 4209 659 4264 iu
678 4210 770 4266 Gallia
787 4212 873 4278 quoad
899 4225 989 4267 sacras
1008 4211 1141 4282 imagines
1159 4191 1245 4281 gestis
1263 4211 1411 4266 Baroniuru

291 4299 319 4346 et
336 4291 454 4361 Pagium
473 4291 507 4346 od
526 4307 550 4346 a.
570 4291 631 4348 825.
