2898 4836
153 1784 284 1826 octavianus

189 1846 252 1886 otius.

138 2402 238 2442 Pontifex
254 2413 298 2442 tre·

193 2467 248 2503 tttur.

311 511 345 559 70
497 513 599 570 XVIII.
625 515 664 568 Ile
682 517 810 572 Romanis
829 517 1005 573 Pontificibus
1023 519 1125 573 saeculi
1145 520 1247 572 docimi.

312 655 446 718 luerunt
476 657 640 740 quaedam
675 659 775 743 bona,
807 685 912 748 eaque
935 663 1093 727 Romanis
1124 684 1189 727 non
1224 673 1290 726 erat
1314 685 1397 725 exon.

310 750 485 862 albericus
515 757 603 819 enim
628 757 714 822 clero
748 759 904 824 honorem
929 759 1112 840 delerebat,
1146 761 1241 824 varia
1272 773 1396 823 monaste·

312 872 361 911 ria
386 851 522 932 ditabat,
540 855 702 941 simulque
720 879 832 922 eornm
851 858 1074 923 reformationi
1091 857 1254 922 studebat.
1278 857 1396 944 Speciem
1426 887 1427 952 p

312 947 479 1031 quandam
497 953 702 1039 principatus
717 955 895 1040 reliquerat
911 956 1074 1035 Pontifici,
1100 958 1146 1020 ita
1167 967 1204 1019 ut
1219 978 1276 1041 per
1291 955 1398 1018 salntem
1426 955 1427 960 ’

313 1045 482 1156 l’ontilicis
500 1050 691 1134 juramenta
714 1063 974 1138 praestarentur,
1007 1054 1077 1139 ejus
1102 1056 1210 1138 imago
1234 1053 1325 1117 simul
1345 1075 1400 1114 cun

315 1146 458 1227 imagine
482 1147 629 1212 Albcrici
663 1151 697 1213 in
731 1153 874 1214 nummis
899 1174 1022 1215 excusa
1057 1163 1156 1225 esset,
1198 1162 1230 1214 et
1263 1154 1294 1214 in
1324 1149 1398 1234 diplo-
1427 1140 1428 1212 l

312 1242 457 1307 matibus
480 1249 558 1309 anni
584 1249 794 1332 pontificatus
819 1249 1080 1333 designarentur.
1106 1251 1233 1313 Passim
1257 1248 1402 1312 Albericu

311 1360 345 1400 sc
380 1341 446 1404 l'ere
472 1353 507 1406 ut
541 1346 711 1410 Pontificis
745 1347 926 1411 Patricium
964 1359 996 1410 et
1034 1347 1204 1411 Vicarium
1240 1344 1402 1410 exhibebat.

311 1436 383 1498 Nec
408 1451 518 1506 tamen
544 1445 747 1528 principatus
771 1445 960 1529 temporalis
984 1445 1108 1509 Romae
1124 1456 1197 1531 post
1213 1455 1343 1508 mortem
1365 1443 1402 1504 .tl-
1428 1394 1429 1482 l

315 1543 417 1606 berici
442 1551 654 1624 recuperatus
678 1552 727 1605 est
749 1565 769 1606 a
793 1543 939 1606 Romano
957 1542 1127 1622 Pontifice,
1152 1542 1209 1606 sed
1226 1541 1405 1607 Octavianus

314 1640 460 1704 Alberici
485 1638 586 1718 filius,
621 1642 675 1723 qui
702 1639 840 1703 clericus
864 1651 946 1714 erat,
972 1663 1009 1704 eo
1034 1643 1156 1726 potitus
1181 1651 1239 1705 est.
1286 1639 1405 1702 ,attat-0

314 1739 452 1802 Patricio
467 1739 679 1800 Rornanorum
694 1737 851 1822 defuncte,
868 1739 983 1801 scribit
996 1738 1200 1802 Flodoartlns
1216 1740 1249 1802 in
1268 1737 1405 1800 Chronico

312 1837 354 1900 ad
379 1859 407 1900 a.
433 1835 508 1914 954,
524 1835 616 1915 filius
641 1840 707 1922 ejtta
735 1835 928 1900 Octaaaaas
958 1861 1026 1900 cum
1049 1848 1129 1900 esset
1152 1837 1291 1904 clericus,
1311 1835 1405 1920 priari-

310 1945 421 2020 pelttat.
445 1931 580 2017 adeptus
611 1945 665 1996 test.
713 1933 824 2012 Quum
856 1955 934 1998 vero
964 1933 1093 1997 duobus
1122 1947 1194 2018 post
1225 1935 1320 1996 tinnis
1342 1931 1405 2006 ‚iget-

313 2042 407 2116 petus
430 2031 465 2094 ΙΙ
495 2028 712 2094 obdormisset
745 2033 779 2094 in
803 2032 962 2108 Domino,
991 2033 1029 2100 ¹in
1062 2031 1181 2096 Sedem
1208 2029 1404 2116 Apostolicaui
1430 2045 1431 2080 ³

312 2129 469 2192 successit
501 2129 529 2190 ei
565 2129 624 2190 iste
649 2127 865 2193 l'lctavianus.
916 2127 1036 2214 Quique
1061 2139 1192 2214 postca,
1226 2129 1330 2212 pergit
1351 2125 1367 2188 l.
1386 2146 1406 2183 t.

313 2225 525 2301 l'lodoartlus,
550 2226 695 2310 desitttclo
721 2227 873 2312 Apapeto,
898 2226 1130 2312 attpperentibtts
1152 2228 1314 2294 Romanis,
1337 2225 1405 2306 Papo

316 2325 408 2389 I'rtt'a
432 2323 576 2406 effic-itur.

400 2423 452 2486 llll.
478 2421 620 2484 'Videtur
643 2419 816 2486 Alltcrieus
830 2433 907 2486 ante
925 2435 1061 2486 mortotn
1081 2445 1132 2485 res
1153 2423 1198 2484 ita
1220 2419 1406 2504 dispostas.

317 2536 353 2583 nt
377 2519 463 2582 lilius
487 2519 556 2604 ejus
581 2527 653 2603 post
683 2517 809 2583 obitum
839 2520 986 2584 futurum
1010 2519 1180 2584 Pontificis
1210 2520 1245 2582 in
1270 2518 1338 2602 ejus
1359 2535 1408 2576 sut·

311 2639 475 2682 cessorem
501 2615 690 2698 eligeretur,
724 2627 823 2702 atque
848 2617 909 2681 hac
941 2621 1066 2682 ratione
1097 2618 1303 2702 principatus
1326 2610 1433 2675 civilia

311 2741 397 2781 suae
435 2713 580 2778 familiae
620 2727 822 2796 servaretur,
856 2739 895 2779 ac
921 2717 999 2800 jura
1027 2713 1123 2778 Sedis
1158 2714 1324 2776 Romanae
1354 2731 1409 2792 qut·

313 2817 492 2880 damtenus
525 2833 600 2874 cum
641 2815 853 2897 usurpatione
892 2813 948 2877 illa
985 2812 1249 2876 conciliarentur.
1309 2807 1410 2871 Luc-n

311 2912 482 3000 ‹pnandam
516 2909 578 2972 hac
611 2911 645 2974 in
679 2933 713 2974 re
747 2913 889 2975 afferunt
917 2933 956 2975 ea
986 2931 1071 2997 quae
1096 2908 1179 2992 stylo
1211 2929 1269 2971 suo
1293 2901 1433 2970 barbara

309 3011 427 3075 scribit
459 3012 493 3072 in
519 3007 683 3073 Chronico
707 3009 908 3074 Benedictus
937 3008 978 3074 do
1008 3033 1033 3073 s.
1063 3006 1210 3071 Andrea.
1259 3005 1355 3088 „Erat
1375 3001 1410 3062 dc·

312 3113 413 3194 nique
447 3109 479 3170 in
504 3109 626 3170 sanctis
657 3107 744 3170 sedis
775 3107 953 3192 apostolice
978 3107 1141 3191 Agapitus
1165 3104 1310 3166 nomine.
1353 3099 1411 3161 Pa

310 3209 394 3271 ltaec
418 3228 484 3270 non
508 3203 651 3268 multum
676 3218 804 3288 tempus
824 3204 985 3290 gloriosus
1009 3205 1163 3289 princeps
1179 3195 1400 3288 (Albericnsll

309 3307 523 3388 languescere
556 3305 675 3387 coepit.
723 3304 789 3382 Qui
823 3304 962 3366 festinus
995 3301 1037 3366 ad
1071 3299 1244 3364 ecclesiam
1275 3293 1411 3382 principi.-

312 3467 344 3502 ex
366 3451 417 3504 illis
437 3449 570 3502 sororibus
591 3461 726 3502 censerem
746 3444 829 3496 luisse
856 3449 948 3498 natam
968 3460 1000 3494 ex
1020 3440 1151 3495 clinnubio
1171 3437 1304 3492 llarotiae
1322 3447 1346 3488 et
1364 3431 1411 3484 Gni-

312 3532 402 3591 donis‚
428 3531 504 3598 cujus
531 3537 617 3583 mater
636 3525 739 3580 Berthn
757 3523 952 3592 appellabatur.
989 3521 1062 3576 Satis
1079 3521 1150 3574 enim
1169 3518 1271 3571 indicat
1291 3516 1411 3580 hnitprst·
1432 3503 1433 3558 Ϊ

311 3613 369 3666 dns.
398 3612 539 3664 Marotiani
566 3625 599 3661 ex
625 3605 747 3660 (luidone
772 3603 896 3656 habuisse
922 3603 1031 3664 liberos,
1064 3601 1125 3654 dum
1151 3599 1209 3667 ejus
1235 3613 1293 3650 cnm
1319 3595 1407 3658 Hunc-¹
1432 3647 1433 3654 ,

312 3693 511 3746 matrimonium
532 3689 604 3743 hisce
623 3686 744 3741 versibus
763 3685 863 3752 carpit:

526 3768 648 3832 „Nubere
667 3763 803 3834 germanis
822 3771 951 3830 satagens
971 3759 1088 3812 Herodis
1106 3757 1184 3818 binis,

523 3850 665 3902 Immemor
684 3843 810 3910 aspiceris
829 3840 965 3910 praecepti
985 3854 1064 3892 caeca
1081 3837 1203 3901 loannis,

525 3929 576 3994 Qui
596 3926 675 3980 fratri
696 3925 786 3977 vetnit
809 3922 904 3976 fratris
923 3920 1025 3973 violare
1043 3919 1176 3972 maritam.

527 4009 599 4061 Ilaec
618 4006 668 4060 tilii
690 4005 810 4070 lloyseos
830 4019 881 4056 non
901 4005 1043 4069 praestant
1062 3997 1182 4051 carmina
1199 3994 1279 4051 vatis.

526 4090 577 4154 Qui
598 4086 678 4140 fratri
699 4084 813 4137 sobolem
834 4081 928 4136 fratris
947 4081 980 4133 de
998 4079 1105 4132 nomine
1121 4075 1203 4146 jussit

528 4169 620 4227 Edere,
640 4167 663 4218 si
682 4165 783 4232 primos
803 4167 920 4229 nequeat
939 4159 989 4214 sibi
1009 4158 1124 4227 gignere
1142 4161 1247 4210 natum:

526 4249 626 4301 Nostra
645 4245 688 4298 hic
706 4243 841 4312 peperisse
860 4241 919 4294 viro
939 4247 966 4292 te
984 4237 1091 4292 saecula
1110 4241 1233 4290 norunt.“

933 4309 1066 4377 antapon.
1088 4309 1117 4362 L.
1137 4307 1187 4363 111.
1207 4321 1228 4362 c.
1248 4305 1290 4358 12.
