2898 4836
300 505 332 552 7⁴
377 516 378 519 ’
441 467 445 476 ¹
484 501 586 559 XVIII.
613 501 653 556 De
672 501 799 556 RonrsnIs
818 501 994 556 Pontificibus
1012 501 1111 555 saeculi
1131 501 1232 555 decimi.

299 755 331 806 et
361 744 496 808 modum
525 742 646 826 agendi
678 742 897 823 saecularem,
928 741 1216 828 reprehensionem
1248 743 1402 806 variorum

299 843 446 906 incurrit.
465 879 507 888 ——
523 841 603 904 Mox
626 841 647 904 J
650 862 773 905 oannes
787 839 889 904 Xlla
908 841 1109 924 Berengario
1132 841 1167 905 Π
1189 841 1306 905 Italiae
1329 861 1402 924 rega.

299 942 354 1025 qui
381 939 516 1004 ditionis
532 938 774 1003 ecclesiasticae
790 939 892 1002 multa
908 939 1072 1002 territoria
1089 939 1160 1023 jam
1185 947 1402 1023 occupaverat

299 1040 333 1100 in
364 1059 523 1121 magnum
554 1035 732 1100 discrImen
764 1047 902 1100 vocatus
933 1048 992 1101 est.
1038 1037 1128 1100 Hinc
1160 1037 1316 1101 Pontifex
1345 1057 1404 1099 sese

298 1138 396 1200 vertit
418 1135 461 1198 ad
485 1134 639 1200 Ottonem
665 1133 895 1199 IGermaniae
919 1157 1039 1218 regem,
1065 1143 1101 1198 ut
1124 1133 1167 1198 ab
1191 1155 1229 1198 eo
1253 1133 1402 1198 auxilium

299 1235 600 1319 protectionemque
624 1230 796 1296 obtineret.

389 1405 439 1466 iz).
487 1402 706 1486 Berengarius
730 1401 764 1464 ll
787 1401 959 1483 videlicet,
983 1411 1081 1466 antea
1106 1401 1252 1466 marchio
1278 1401 1404 1478 Ivreias,

197 1485 253 1512 ω’
297 1523 384 1564 anno
418 1501 482 1564 946
520 1499 696 1582 Hugonem
729 1521 838 1583 regem
873 1510 1050 1583 cognatum
1083 1521 1179 1564 suum
1213 1497 1406 1584 compulerat

298 1598 340 1662 ad
376 1597 561 1662 cedendum
594 1598 711 1661 ltaliae
747 1619 885 1682 regnum
916 1596 1074 1662 Lothario
1115 1596 1183 1661 filio
1226 1620 1296 1661 suo.
1351 1595 1404 1660 sed

298 1719 384 1760 rinno
419 1697 484 1760 950
513 1707 586 1781 post
610 1695 760 1759 Lotharii
784 1705 922 1760 mortem
947 1695 1015 1777 (vel
1035 1695 1165 1780 necem)
1195 1695 1404 1778 Berengarius

299 1817 437 1878 regnum
461 1793 577 1858 Italiae
603 1795 672 1878 ipse
697 1796 933 1878 capessiverat,
965 1803 997 1856 et
1019 1793 1217 1857 Adelaidem
1242 1795 1404 1857 vicennam

299 1891 448 1957 Lotharii
475 1891 621 1973 viduam,
647 1913 748 1976 quum
773 1894 908 1976 nuptias
932 1914 1008 1954 cum
1025 1891 1205 1956 Adalberto
1223 1893 1402 1974 Berengarii

298 1989 364 2052 filio
390 2000 565 2068 recusaret,
591 1991 625 2052 in
650 2012 816 2054 carcerem
841 1990 1035 2075 conjecerat.
1083 1992 1160 2056 Otto
1186 1990 1231 2054 M.
1256 2013 1317 2054 rex
1340 1995 1403 2054 Gar·

298 2089 429 2150 maniae
459 2085 501 2150 ab
525 2087 688 2150 Adelaide
722 2099 753 2150 et
778 2087 968 2172 proceribus
992 2087 1107 2152 Italiae
1132 2100 1308 2168 evocatae,
1339 2102 1403 2152 tum

298 2208 373 2248 (zum
414 2187 561 2248 exercitu
596 2187 629 2248 in
667 2185 797 2249 Italiam
836 2187 992 2267 tetendit,
1030 2185 1228 2250 Adeleidem
1263 2187 1404 2250 liberarit

298 2301 436 2368 earnque
461 2305 563 2368 quum
588 2283 709 2346 viduus
733 2288 852 2363 essetll
876 2306 963 2347 anno
988 2285 1050 2348 951
1085 2284 1194 2348 'licini
1220 2286 1254 2348 in
1280 2307 1403 2348 uxorem

298 2379 410 2460 duxit,
443 2393 474 2444 et
501 2381 633 2444 Italiam
667 2383 700 2444 in
733 2403 826 2445 suam
850 2381 978 2466 redegit
1008 2391 1212 2466 potestatem.
1260 2384 1403 2446 Attamen

297 2501 384 2542 anno
409 2479 473 2542 952
505 2479 721 2562 Berengario,
753 2481 809 2564 qui
842 2502 876 2542 se
909 2491 1023 2564 sponte
1047 2478 1251 2560 reddiderat,
1290 2481 1402 2544 ltaliam

298 2578 332 2640 in
356 2577 492 2640 lendum
516 2579 687 2660 concessit,
712 2589 811 2662 atque
835 2579 881 2641 ita
904 2577 1124 2661 Berengarius
1147 2578 1181 2641 ΙΙ
1205 2579 1325 2641 iterum
1349 2603 1405 2655 mc·

297 2677 403 2738 navit.
449 2675 513 2739 Sed
550 2677 619 2759 ipsc
652 2673 764 2738 debita
796 2674 911 2738 vasalli
942 2697 1151 2760 nequaquam
1186 2675 1328 2739 fideliter
1359 2678 1404 2739 im·

295 2773 414 2858 plevit3
449 2795 524 2835 cum
553 2771 620 2835 filio
651 2795 708 2836 suo
737 2772 918 2836 Adalberto
953 2773 1035 2837 dura
1066 2773 1243 2856 tyrannide
1267 2797 1405 2859 proceras
1445 2783 1446 2804 ¹

296 2881 328 2934 et
361 2871 518 2955 populum
553 2869 738 2954 premebat,
773 2871 950 2957 multisque
986 2872 1117 2956 injuriis
1149 2872 1314 2936 loannem
1348 2873 1403 2936 Xll

295 2969 489 3032 Pontificem
514 2968 691 3032 afficiebat.
739 2969 827 3032 Hinc
859 2969 1013 3032 Pontifex
1043 2969 1164 3055 aliique
1188 2970 1304 3034 Italiae
1336 2973 1403 3056 apis·

297 3068 369 3151 copi
395 3078 427 3128 et
457 3089 607 3152 proceros
637 3066 753 3150 legatis
786 3069 893 3130 missis
924 3067 1078 3131 Ottonem
1104 3067 1148 3132 M.
1181 3083 1402 3132 evocaverunt.

296 3175 332 3226 ut
364 3164 494 3228 Italiam
527 3176 558 3228 et
588 3164 772 3228 Ecclesiam
806 3189 826 3228 a
854 3165 1046 3250 Berengarii
1081 3165 1307 3230 dominatione
1338 3165 1402 3229 libc-

295 3273 391 3326 raret.
440 3261 554 3327 Ottoni
569 3263 716 3327 loannes
740 3263 808 3326 XII
832 3265 931 3327 etiam
953 3285 1106 3327 coronam
1132 3265 1335 3349 imperialem
1358 3265 1401 3326 oi·-

296 3358 380 3422 tulit.
427 3359 504 3424 Otto
515 3360 732 3446 jurejurando
758 3382 869 3425 coram
892 3361 1064 3424 Pontificis
1088 3361 1204 3446 legatis
1228 3361 1401 3450 spopondit.

296 3479 329 3520 se
353 3457 523 3520 Ecclesiae
555 3479 650 3542 opcm
683 3458 843 3540 laturum,
878 3459 1041 3545 quidquid
1074 3458 1115 3524 de
1148 3470 1235 3523 terra
1268 3485 1294 3525 s.
1326 3461 1398 3524 Petri

296 3557 329 3618 in
354 3577 447 3619 suam
472 3565 665 3640 potestatem
692 3559 836 3621 venisset
860 3581 893 3621 se
917 3557 1134 3638 redditurum,
1163 3566 1196 3620 ct
1220 3561 1400 3641 cuicumqur

295 3675 435 3738 regnum
458 3653 574 3717 Italiae
599 3656 827 3731 commisisset,
860 3677 935 3719 snm
960 3677 993 3719 se
1018 3655 1254 3720 obstrictunrm
1280 3677 1347 3720 esse
1366 3651 1400 3714 ad

295 3751 541 3815 defendendum
572 3752 778 3818 Pontificem.
825 3755 915 3825 Dein
948 3775 1034 3818 anno
1066 3753 1129 3817 961
1166 3757 1345 3819 exercitum
1373 3753 1398 3814 in

294 3849 425 3914 ltaliam
450 3849 560 3931 duxit3
586 3850 707 3934 fugatis
725 3853 795 3914 sine
819 3851 943 3937 praelio
959 3851 1159 3936 Berengario
1176 3863 1208 3915 et
1224 3851 1396 3916 Adalbcrto.

295 3947 475 4011 llediolani
499 3971 559 4011 rex
582 3948 697 4011 Italiae
718 3960 892 4012 coronatus
917 3960 974 4012 cst.
1022 3949 1135 4014 Mense
1152 3950 1312 4014 Ianuario
1334 3947 1396 4011 anai

1445 383 1446 432 l

300 667 334 708 re
358 667 474 730 perse
498 666 562 708 non
577 644 762 730 culpandus
786 644 928 726 videtur,
954 645 1011 708 sed
1026 643 1068 708 ob
1093 644 1242 709 ardorem
1258 643 1401 708 bellicum

369 4213 390 4280 ¹)
409 4213 475 4267 Otto
494 4214 529 4266 II.
550 4215 662 4280 palmam
681 4229 791 4268 uxorem
816 4215 894 4268 duxit
912 4215 947 4279 (a.
966 4216 1119 4279 aar—aas)
1144 4215 1271 4269 Edithsm
1288 4211 1394 4280 Augila.

296 4305 327 4343 ex
349 4307 401 4357 qua
420 4293 516 4346 hahuit
534 4293 702 4362 Lodolphum
721 4300 750 4347 et
767 4295 949 4363 Loitgsrdsm
968 4295 1059 4349 filiam.
1097 4295 1172 4350 Obiit
1191 4295 1288 4350 Editlm
1304 4309 1324 4346 s.
1340 4291 1391 4342 945.
