2922 4832
375 508 566 563 Controversia
584 511 616 563 ite
635 513 807 577 octogonis.
1106 511 1155 565 141

57 657 121 732 isse,
136 655 200 733 elsi,
219 661 355 740 propter
367 651 599 736 indulpentium
620 654 657 716 lo
679 653 907 741 imperatorem,
932 654 1016 740 quod
1029 653 1158 739 socium

56 763 93 814 ert
116 771 272 816 ammaum
302 751 423 835 occepit
445 797 453 813 .
479 797 486 814 .
513 799 520 816 .
545 750 713 836 Eulops'om
738 749 1007 836 rolipiosisss'mmu
1025 752 1158 840 procly-

56 861 138 912 tuum
158 859 188 912 ct
209 847 437 914 mobimlrm’um
460 859 490 912 et
511 849 663 912 lominum
684 860 826 914 uestrum
845 873 914 912 com
927 849 1064 935 epistola
1086 871 1155 914 nos·

55 959 96 1010 tro
116 945 205 1011 notul
226 947 381 1027 οιίοἰιοαι,
413 946 465 1008 coi
486 946 706 1012 mundavimus
737 949 812 1012 lucc
845 958 909 1011 tmn
940 969 1008 1011 com
1041 946 1159 1012 litteris

54 1058 105 1109 tom
120 1046 254 1132 proprio
279 1067 330 1108 ore
355 1044 467 1122 elicere,
497 1055 532 1108 ut
555 1067 635 1130 ραοο
657 1047 691 1109 in
714 1056 826 1110 nostro
849 1043 979 1108 ecclesio
1002 1045 1156 1132 impressu

54 1149 140 1228 sipont
170 1153 199 1206 et
216 1142 386 1229 pacificum
409 1153 525 1206 statum
545 1141 663 1230 adeptu
694 1155 768 1208 sont
790 1165 827 1208 eo
850 1164 968 1228 ραοραο
992 1143 1080 1230 apud
1102 1167 1160 1208 ooe

52 1242 231 1319 ιοοοίοαιιιν,
265 1251 295 1302 et
325 1241 361 1304 iu
382 1251 523 1304 mutuom
555 1241 638 1304 inter
660 1262 718 1304 noe
741 1243 894 1304 unitatem
918 1241 1027 1305 euclem
1041 1241 1156 1326 forma

52 1347 228 1402 nomento.
278 1335 366 1410 Quae
390 1338 515 1424 quidem
536 1337 718 1404 ouHutcnue
741 1349 815 1402 suut
836 1349 992 1424 pectorum
1014 1341 1155 1404 condem

50 1436 135 1513 noto,
157 1459 213 1500 uec
236 1457 341 1499 eorum
363 1436 544 1522 repudiatio
568 1459 647 1521 ρααο
671 1437 710 1499 de
732 1437 781 1500 lis
802 1436 944 1522 infauste
968 1437 1055 1501 elicto
1071 1449 1155 1519 suot,

50 1533 235 1597 scitantem
257 1535 551 1611 commentatos
566 1557 644 1619 ραοο
667 1535 753 1599 circo
775 1545 907 1620 quartos
921 1537 1053 1621 euplius
1067 1547 1157 1621 posto

49 1641 122 1710 ont,
151 1642 294 1717 respectu
315 1631 541 1718 &operatorios
564 1630 731 1717 dimicatis
754 1653 823 1698 cum
841 1629 1045 1719 s'rsdulpentio
1066 1647 1157 1720 posto

42 1725 148 1809 siloe,
171 1729 228 1792 secl
249 1752 314 1793 αοα
336 1730 395 1792 rite
415 1739 472 1792 ortt
494 1729 662 1793 secundom
685 1730 844 1794 Ecclesiae
868 1729 958 1816 loyes.
1010 1729 1104 1804 Quod
1125 1745 1158 1796 et

48 1824 149 1911 ubsque
170 1828 289 1890 nostis
319 1826 471 1891 cerlis”
443 1851 470 1891 m
499 1827 554 1912 ραι
585 1839 657 1892 mcc
687 1830 755 1891 otto
777 1827 991 1913 feriebantur,
1027 1827 1156 1915 Ser-pios

47 1923 152 1988 scilicet
183 1924 286 2012 (ραοαι
319 1924 419 1990 leode
448 1926 539 2010 cupio
572 1947 775 1990 annumerare
768 1925 1010 2012 pontificibus)
1044 1937 1075 1991 et
1100 1930 1160 2012 ραι·

46 2045 105 2084 mm
133 2043 167 2086 eo
200 2033 302 2101 eruut,
333 2024 368 2087 s'n
391 2024 457 2088 usis
490 2034 683 2108 opnooemont
715 2022 873 2110 litteris.¹)
929 2024 982 2088 Ex
1015 2025 1156 2110 epistole

46 2139 145 2200 porro,
178 2141 278 2206 quem
309 2121 440 2205 scripsit
462 2120 620 2184 Nicotaus
644 2121 805 2204 Mysticus
833 2131 946 2206 posteo
977 2121 1019 2185 ed
1051 2121 1154 2187 Sime-

45 2237 132 2280 onem
155 2239 265 2302 regem
291 2217 481 2302 Bulguriee,
513 2220 742 2304 comperimus,
775 2223 818 2302 (a.
843 2220 922 2302 923)
946 2220 1070 2304 legatos
1092 2221 1158 2286 Ro·

44 2334 149 2380 manos
171 2315 459 2401 Theophylsctum
483 2327 516 2380 et
533 2315 655 2380 Garum
671 2319 810 2398 venisse,
835 2327 868 2381 et
886 2320 1154 2382 communionem

43 2409 223 2478 solemniter
244 2415 430 2478 restitutam
453 2414 596 2496 interest)
644 2414 720 2494 Qua
742 2417 869 2480 ratione
892 2414 991 2500 legati
1015 2437 1075 2502 por
1090 2417 1158 2481 sin·

42 2507 112 2592 guis
135 2513 278 2596 egerint,
312 2511 518 2576 documentis
550 2512 705 2598 perditis,
729 2511 819 2578 haud
844 2523 981 2578 constet.
1027 2511 1157 2601 Suppo-

42 2609 179 2674 nendum
213 2631 278 2674 non
303 2609 445 2691 videtur,
469 2631 525 2674 eos
549 2610 713 2692 omnibus,
746 2633 832 2697 quoe
861 2613 897 2675 in
920 2610 1051 2676 decreto
1082 2613 1155 2676 uni-

42 2707 106 2770 onis
130 2706 358 2789 habebantur,
393 2710 598 2773 consensisse
621 2717 654 2772 et
677 2710 881 2774 sanctionem
905 2707 1046 2773 dedisse.
1093 2707 1152 2773 Po·

42 2813 117 2868 teret
140 2805 289 2871 Romano
314 2806 469 2872 Pontifici
492 2807 661 2888 sufficere,
692 2807 781 2892 quod
804 2805 961 2870 Nicoleus
984 2807 1156 2891 dispenso·

41 2901 156 2968 tionem
180 2905 285 2968 Leoni
303 2905 351 2969 VI
365 2905 512 2989 legitime
536 2904 648 2970 dotem
672 2925 742 2970 esse
766 2914 961 2990 agnoveram
986 2914 1154 2970 caeterum

40 3019 111 3064 vero
128 3011 258 3088 poteret
272 3003 442 3068 Ecclesiae
465 3003 616 3068 orientali
634 3003 844 3090 disciplinam
861 3006 1059 3068 severiorem
1083 3023 1153 3088 per·

41 3098 174 3183 mittere,
190 3101 272 3188 quin
284 3121 357 3166 eum
375 3100 645 3188 comprobaret‚⁸)
661 3103 715 3167 vel
731 3101 802 3188 ipse
817 3100 898 3188 quid
914 3109 1027 3164 contre
1040 3099 1156 3166 terties

39 3207 211 3280 quartusve
242 3201 375 3284 nuptias
413 3207 555 3264 statuere
588 3199 697 3266 vellet.
742 3199 817 3264 Huc
846 3200 974 3264 ratione
1000 3221 1053 3263 res
1085 3219 1159 3264 esso

39 3297 242 3380 compositos,
277 3296 385 3384 colligi
420 3296 554 3362 videtur
577 3319 618 3361 ex
648 3296 884 3384 posterioribus
907 3296 1034 3383 aliquot
1057 3317 1157 3362 even·

106 3573 128 3640 ¹)
147 3573 236 3642 Epist
254 3575 298 3640 5³.
317 3591 358 3643 sp.
379 3573 473 3645 lligne
492 3575 523 3628 P.
542 3575 576 3630 G.
595 3574 626 3628 T.
646 3573 717 3628 cxl.
736 3589 762 3642 p.
782 3574 843 3630 217.

105 3651 127 3724 ¹)
145 3653 179 3708 V.
198 3653 288 3722 Epist
307 3658 343 3710 28
361 3671 401 3726 ep.
421 3655 516 3725 Migne
533 3655 565 3712 P.
585 3655 617 3708 G.
637 3655 666 3710 Τ.
686 3653 757 3710 CXI.
776 3669 802 3722 p.
823 3653 881 3708 ms

104 3733 126 3802 ³)
145 3733 179 3788 In
198 3743 277 3790 textu
296 3737 425 3805 epistolae
444 3735 548 3792 Nioolei
567 3736 601 3790 od
622 3735 771 3790 Simeonem
790 3748 832 3802 sp.
855 3731 951 3787 Boron.
972 3749 996 3786 s
1022 3737 1073 3788 ⁹17
1093 3749 1119 3788 u.
1138 3735 1157 3788 4

38 3811 152 3881 legitur:
180 3817 218 3868 ΟΥ
233 3815 362 3886 (ls'yusoc)
382 3820 426 3869 sul
445 3819 477 3870 ui
502 3815 641 3869 σκανδάλα
660 3817 692 3867 ml
711 3815 739 3866 ln
758 3815 808 3866 τοῦ
826 3813 955 3884 τετάρτου
974 3811 1067 3882 γάμου
1086 3827 1156 3882 σομ-

36 3893 166 3960 βιρρκόια
183 3896 321 3958 brucum
345 3897 374 3952 in
393 3897 449 3952 slis
466 3895 620 3952 recensione
638 3911 681 3964 sp.
700 3892 759 3949 Em.
778 3893 834 3948 Mei
853 3899 881 3948 et
899 3891 993 3963 Migne
1011 3891 1029 3949 L
1049 3907 1071 3948 e.
1091 3891 1161 3946 lvce-

38 3972 138 4042 ttpnu
158 3977 325 4046 παρέδωκαν,
364 3977 481 4032 Dubium
499 3977 588 4046 igitur
606 3983 657 4041 est,
684 3980 776 4029 utrum
793 3973 922 4042 ejusmodi
947 3973 1093 4029 suemus
1120 3972 1156 4028 le·

37 4053 92 4120 goti
112 4055 231 4110 tulerint
258 4072 318 4112 cum
336 4057 446 4113 Niooiso
465 4058 574 4127 ejusque
593 4057 671 4111 clero.
708 4055 842 4110 Potsrsnt
865 4059 959 4110 temen
975 4053 1105 4109 soonduls
1123 4069 1157 4108 ex

41 4135 143 4200 quartis
162 4135 218 4190 illis
237 4137 340 4206 nuptiis
358 4145 427 4205 orte,
446 4138 550 4193 scilicet
568 4136 714 4192 violentius
722 4133 888 4202 multiplices
906 4141 1002 4190 contre
1019 4134 1162 4204 praesules

39 4217 148 4291 susque
160 4216 241 4282 mels,
260 4217 499 4284 anathematizare,
519 4218 584 4286 quin
603 4217 675 4287 ipsos
694 4221 805 4282 quartos
822 4214 933 4285 nuptias
951 4213 1161 4283 proscriberent„

39 4298 88 4356 Cfr.
107 4298 315 4370 Hergenrtther
333 4299 447 4355 Photins
465 4297 515 4354 ΙΙΙ.
535 4299 588 4354 693
610 4305 675 4352 note
692 4299 735 4350 44.
