2898 4836
386 459 502 514 Ioannis
520 459 590 514 ml
608 447 796 516 Pontianum.
1123 467 1157 517 er

48 602 160 664 tionem
182 602 332 666 omnium
346 601 512 687 legitimus
526 602 659 690 tieret.¹)
692 603 758 668 Res
781 625 861 668 sane
884 603 996 684 dubia
1013 617 1070 691 ert,
1095 629 1156 672 nec

49 697 254 784 improbabile
277 699 312 764 id
336 699 479 765 videtur.
519 699 585 781 Qui
609 700 710 766 altero
735 701 866 766 saooqu
891 704 1051 768 suecessit
1073 704 1156 790 ejus-

47 795 113 860 dem
128 798 281 878 nominis,
296 794 364 862 Leo
376 797 429 862 IX
442 797 627 883 appellatus
638 797 728 884 est.²)
739 835 781 848 -··
793 799 922 864 Mortuo
935 799 1048 865 Leone
1060 801 1155 880 VHI,

44 894 132 978 lepoti
153 895 378 976 Romanorum,
392 895 459 960 Aeo
481 895 627 960 videlicet
648 898 935 982 protoscriniarius
957 907 987 961 at
1007 899 1157 964 Marinus

48 991 208 1056 S'atrieoris
231 993 379 1058 aarum
408 995 589 1080 episcopm,
620 995 846 1108 Imperatorem
868 1017 933 1082 pro
962 997 1155 1062 insumendo
1233 995 1236 1005 '

44 1113 125 1175 quem
153 1089 247 1154 uellet
276 1092 420 1156 Romame
444 1091 637 1176 Pontifiee‘
623 1116 658 1156 aa
691 1090 837 1156 Sasonis
868 1093 1033 1172 odaeum,
1062 1094 1155 1159 bomo·

44 1187 119 1268 rifice
146 1189 362 1275 succipiuntur
390 1199 419 1254 et
445 1190 657 1256 remittantur.
683 1227 726 1238 -
749 1189 936 1274 Petierunt,
966 1192 993 1256 si
1023 1189 1155 1258 Adamo

43 1285 242 1352 Bremensil.
260 1308 289 1350 c
306 1286 439 1352 credere
455 1287 505 1351 fas
522 1298 580 1369 est,
598 1297 635 1351 ut
649 1287 851 1352 Benedictus
867 1287 898 1351 V
919 1289 1154 1373 restitueretur,

42 1397 133 1468 atque
155 1383 234 1450 Otto
257 1407 403 1450 annuere
426 1395 562 1470 paratus
586 1395 672 1467 erat,
706 1384 765 1450 sed
797 1386 930 1450 interim
953 1386 1155 1451 Benedictus

43 1493 180 1546 mortuus
204 1491 267 1564 est;
298 1482 456 1569 adeoque*
470 1483 542 1568 ejus
564 1504 651 1547 mors
670 1481 891 1548 adscribenda
911 1492 1027 1570 quarto
1050 1505 1155 1550 nonas

40 1577 116 1644 Iulii
143 1602 173 1644 a.
204 1581 281 1645 965.
304 1617 348 1628 -
370 1581 415 1646 Et
442 1581 574 1668 Otpermr
603 1579 765 1666 Spiremeis
796 1581 974 1667 episcopas,
1006 1591 1036 1647 et
1057 1581 1154 1647 Liaeo

40 1679 71 1762 (i.
93 1699 120 1741 c.
143 1677 383 1764 Luitprandus)
411 1675 628 1744 Cremonensis
651 1680 831 1765 episcopor,
865 1702 933 1743 eam
955 1679 1068 1744 iisdem
1090 1679 1154 1743 Ro-

42 1798 113 1838 mam
144 1775 185 1840 ab
209 1777 404 1862 Imperatore
436 1775 627 1862 diripaatur.
679 1778 709 1840 T
705 1800 765 1840 aar
792 1775 832 1842 ab
863 1778 948 1840 omni
974 1775 1068 1863 plebe
1090 1779 1154 1842 Ro·

40 1895 127 1936 mona
164 1873 311 1939 Joanaer
343 1874 536 1938 Narniensia
567 1874 715 1940 ecclesiae
747 1876 913 1961 episcopas
952 1875 1092 1962 elipitur,
1126 1886 1155 1940 et
1239 1949 1242 1965 Ι

40 1967 108 2034 dedi
139 1971 344 2058 Apostolieae
380 1972 534 2059 Pontafea
569 1973 793 2038 intronizatur.
849 1972 901 2038 Ita
937 1971 1155 2038 Continuator

39 2067 209 2152 Reginonis
232 2069 275 2136 ad
298 2093 329 2136 a.
353 2069 461 2156 965.³)

118 2184 172 2250 86.
216 2185 361 2250 Ioannes
393 2186 481 2250 XIII
510 2185 605 2250 initio
640 2185 852 2270 pontificatus
889 2187 940 2250 sui
977 2207 1252 2271 procerumsam
1266 2215 1323 2258 nr.

40 2281 255 2348 Romanorum
284 2283 397 2348 odium
427 2285 582 2366 incurrit3
614 2285 649 2348 in
673 2281 839 2350 Chronico
862 2284 1044 2368 Reginonis
1074 2285 1152 2350 dioi-

39 2391 85 2441 tur
105 2381 253 2465 quidem,
279 2383 357 2468 quia
379 2403 434 2446 eos
458 2381 586 2446 elatiori
608 2382 720 2446 animo
743 2379 966 2466 gubernabat,
998 2382 1056 2447 sed
1079 2404 1153 2448 cen·

38 2497 144 2559 serem,
169 2481 278 2566 ipsum
311 2501 388 2544 cum
420 2479 615 2544 auctoritate
647 2488 761 2544 contra
799 2477 962 2544 nobilium
993 2480 1153 2545 factiones

39 2595 90 2638 sua
106 2577 187 2662 jura
211 2577 408 2643 vindicasse.
460 2575 524 2651 Qui
546 2578 653 2641 rtatim
674 2581 811 2665 majores
833 2577 1011 2657 Romanor,
1039 2577 1155 2642 scribit

39 2669 250 2740 Continuator
271 2676 462 2760 Reginonis,
488 2675 617 2738 elatiori
639 2677 744 2740 animo
775 2698 869 2762 qaam
891 2686 1050 2762 oporteret
1071 2678 1152 2740 imae·

39 2772 143 2852 quitur,
168 2796 245 2858 quor
266 2775 303 2838 ia
326 2773 411 2838 brevi
428 2774 663 2838 inimicissimos
690 2783 720 2836 et
742 2773 876 2860 infestor
893 2774 1029 2860 patitur.
1065 2773 1153 2838 Nam

39 2868 73 2930 ob
93 2871 182 2935 orbis
201 2872 365 2959 praefecto
389 2883 419 2935 et
442 2871 579 2956 qaedam
592 2870 750 2957 Rotfredo
773 2872 1010 2958 comprobemur
1033 2882 1063 2934 et
1077 2871 1152 2936 arbe

38 2967 181 3052 rapulam
195 2971 231 3034 io
250 2966 429 3056 Campania
443 2968 606 3034 crmtediae
629 2969 871 3054 mancipatur.⁴)
895 2969 973 3034 Post
995 2969 1152 3034 undecim

39 3063 98 3128 sere
130 3087 262 3132 menses
284 3067 442 3148 Romani,
478 3068 644 3152 perterriti
674 3066 822 3131 adventu
853 3066 984 3132 Ottonis
1007 3067 1151 3152 Impera·

40 3165 118 3246 toris,
142 3165 165 3230 J
168 3185 309 3230 oannem
333 3165 419 3230 XIII
443 3187 485 3230 ex
502 3163 602 3228 exilio
622 3173 830 3247 revocarunt,
855 3175 887 3229 et
902 3187 961 3250 pro
978 3165 1073 3231 malis
1087 3167 1150 3250 ipsi

40 3260 167 3327 indictis
190 3264 324 3328 veniam
348 3265 524 3349 petierunt.
570 3262 729 3327 Pervenit
752 3262 908 3328 Pontifex
931 3263 1071 3328 Romam
1095 3263 1149 3328 die

42 3359 92 3418 12ὓ
122 3359 323 3426 Novembris
355 3384 385 3426 a.
419 3361 494 3443 966,
528 3362 662 3446 suisque
697 3360 897 3426 adversariis
932 3361 1081 3426 facinora
1115 3363 1151 3426 iu

40 3453 134 3538 ipsum
159 3469 295 3544 peracta
327 3459 539 3524 condonavit.
586 3459 825 3523 Verumtamen
855 3457 933 3524 Otto
957 3459 1150 3545 Imperator,

39 3573 130 3636 quum
156 3577 272 3622 versus
294 3557 395 3622 finem
419 3557 567 3644 ejusdem
583 3559 706 3622 mensis
721 3555 846 3622 Urbem
870 3567 955 3622 esset
975 3559 1151 3642 ingressus,

41 3663 70 3712 ut
91 3654 280 3737 proceribus
304 3655 500 3742 civibusque
525 3656 703 3738 seditiosis,
737 3676 779 3720 ne
808 3654 888 3720 talia
917 3655 1073 3740 deinceps
1096 3677 1151 3718 au-

103 3859 124 3926 ²)
142 3861 212 3914 Acta
236 3859 395 3915 suetorum
419 3859 498 3928 IIaji;
523 3858 668 3926 Propylaei
686 3857 807 3914 Gonatns
835 3859 932 3914 chron.
950 3857 1023 3912 Hist.
1049 3857 1084 3910 ad
1102 3856 1152 3912 Le·

41 3940 223 4086 onembvlddltio
242 4020 293 4074 hac
311 4021 339 4075 in
358 4035 387 4074 re
405 4025 497 4074 tamen
515 4034 548 4074 ea
566 4033 623 4075 esse
641 4019 741 4087 potuit,
762 4019 832 4087 quod
851 4034 932 4087 quum
951 4023 1092 4073 exstarent
1105 4018 1151 4072 Di-

43 4094 147 4160 plemen
162 4101 213 4156 sub
233 4101 340 4156 nonius
357 4100 456 4156 Leonis
473 4101 552 4167 VIII,
570 4099 691 4154 contusio
717 4100 833 4155 vitanda
850 4106 923 4155 esset
941 4100 1075 4166 adeoque,
1102 4099 1151 4154 eti-

44 4179 100 4232 ensi
116 4182 285 4252 pseudopapa
303 4181 387 4237 fuerit
405 4181 460 4236 Leo
478 4181 556 4246 VIII,
575 4185 667 4236 tamen
686 4180 750 4236 ordo
770 4180 929 4236 numerandi
947 4180 1148 4248 prosequendas

45 4255 175 4318 videretur.
392 4261 414 4333 ³)
433 4261 468 4316 II.
489 4261 521 4317 G.
541 4263 562 4316 I.
582 4262 644 4318 627.
860 4262 883 4332 ⁴)
901 4261 932 4317 L.
953 4279 975 4316 e.
