2898 4836
378 525 540 580 Benedictus
559 523 598 578 lV
617 531 645 578 et
664 523 717 579 Leo
736 523 769 578 V.
1101 523 1136 572 35

34 669 141 732 lescens
162 670 311 752 insignis,
337 689 422 733 anno
440 668 504 734 898
529 689 641 732 mense
656 666 792 733 Octobri
807 674 1017 755 praematura
1033 675 1137 728 morto

31 767 167 851 abreptus
199 779 285 844 erat,
321 765 514 851 Arnulphus
547 787 625 829 vero
657 765 842 851 Imperator
872 785 959 828 anno
991 763 1056 828 899
1081 762 1136 825 dio

32 865 62 916 9⁰
85 863 275 928 Decembris
308 863 451 943 obierat,
486 863 636 948 adeoque
668 863 865 949 Imperium,
900 883 1003 947 quum
1033 861 1135 924 Benc-

30 963 122 1025 dictns
145 961 191 1025 IV
216 962 372 1026 Pontifex
396 970 572 1041 crearetur,
598 960 748 1026 vacabat.
786 961 1007 1044 Berengerins
1030 959 1136 1042 digni-

31 1073 114 1122 tatem
138 1058 341 1144 imperialem
367 1060 511 1122 maxime
536 1057 723 1138 ambiebat3
755 1059 812 1122 sed
836 1057 1038 1122 Benedictus
1062 1077 1135 1120 eam

28 1156 151 1220 contulit
183 1156 356 1220 Ludovico
389 1155 440 1220 ΙΙΙ
475 1157 543 1240 regi
579 1157 796 1240 Burgundiae
831 1179 871 1220 ac
904 1154 1068 1219 Lndovici
1103 1155 1134 1216 ll

29 1256 136 1338 nepoti,
170 1275 310 1336 magnae
334 1255 403 1339 spei
423 1254 558 1338 juveni,
591 1276 689 1340 quem
714 1275 826 1318 mense
851 1253 1033 1318 Februario
1056 1256 1135 1316 anni

26 1353 75 1414 nol
101 1353 225 1416 Romae
249 1353 431 1416 coronavit.
471 1351 644 1416 Ludovico
668 1351 720 1416 Ill
745 1351 879 1437 quidem
904 1371 1056 1436 proceres
1074 1351 1135 1412 Ro·

27 1471 86 1512 mae
108 1461 141 1513 et
164 1449 279 1514 Italiac
305 1471 347 1513 ex
371 1459 463 1533 parte
488 1449 656 1534 favebant,
681 1471 781 1535 quum
802 1449 1023 1532 Berengan'us
1047 1447 1136 1533 apud

26 1547 120 1629 plures
153 1548 195 1611 ob
228 1557 315 1611 artes
343 1546 479 1611 callidas
505 1547 588 1610 male
613 1547 752 1612 audiret.
793 1548 951 1610 Attamen
977 1547 1137 1610 factiones

25 1647 123 1710 variae
155 1667 207 1710 res
231 1647 265 1708 in
290 1645 380 1710 Urbe
404 1655 502 1730 atque
528 1646 560 1708 in
585 1645 682 1709 Italia
705 1645 838 1710 turbare
864 1667 929 1708 non
954 1666 1136 1712 cessavere.

22 1765 54 1804 ac
74 1743 294 1822 Bercngarius
324 1765 461 1827 regnum
494 1765 589 1807 sunium
615 1745 746 1806 firmare
771 1755 803 1806 et
827 1744 1005 1808 extendere
1029 1742 1135 1808 stude·

24 1839 77 1905 bat.
91 1879 134 1888 -
151 1841 280 1926 injuria
303 1853 487 1926 temporum
513 1842 635 1904 factum
661 1853 719 1920 est,
744 1851 780 1904 ut
804 1843 863 1903 vix
887 1840 1022 1926 aliquod
1038 1840 1135 1904 docn-

23 1949 158 2004 mentum
184 1937 224 2002 de
247 1937 410 2024 gubernio
433 1939 607 2004 Benedicti
624 1938 672 2001 IV
697 1940 833 2024 ejusque
856 1941 957 2023 gestis
981 1943 1133 2025 supersit.

21 2037 242 2102 APlodoardo
267 2036 378 2102 multis
402 2039 562 2101 encomiis
586 2039 656 2123 ipse
680 2036 874 2116 celebratur,
899 2058 943 2100 ex
966 2059 1031 2123 quo
1049 2037 1135 2102 colli·

17 2155 83 2216 gere
107 2136 196 2214 lieet,
221 2135 292 2219 ejus
316 2136 508 2198 memoriam
527 2135 660 2212 Romae,
686 2156 750 2220 qno
775 2134 944 2220 aliquanto
968 2146 1042 2220 post
1064 2135 1136 2198 llo-

19 2231 153 2298 doardns
178 2234 339 2319 pervenit,
366 2235 398 2296 in
424 2233 656 2296 benedictione
680 2233 823 2314 fnisse.¹)
869 2233 947 2297 Jam
967 2255 1054 2296 anno
1070 2235 1136 2296 non

19 2351 120 2394 nense
145 2329 283 2396 Octobri
309 2331 510 2395 Benedictus
535 2341 683 2394 mortuus
707 2343 768 2408 est,
798 2332 950 2418 variique
974 2342 1135 2395 auctores.

17 2445 46 2488 m
60 2429 278 2513 Damberger,
303 2430 522 2514 suspicantur,
548 2431 657 2512 ipsum
682 2431 729 2492 nti
752 2439 784 2492 et
798 2428 963 2492 loannem
978 2427 1029 2494 IX
1044 2453 1135 2515 prae-

15 2525 216 2590 decessorem
247 2525 393 2590 violenta
425 2537 529 2590 morte
560 2525 690 2590 obiisse.
737 2525 803 2590 Sed
832 2525 915 2590 nihil
944 2527 1007 2591 hac
1036 2528 1077 2591 de
1102 2551 1136 2590 rc

16 2625 43 2687 in
65 2627 201 2690 coaevis
225 2625 432 2688 documentis
456 2625 636 2706 invenitur,
663 2625 850 2710 mirumque
873 2624 958 2688 foret
981 2625 1070 2711 quod
1095 2627 1136 2689 de

13 2721 172 2804 ejusmodi
207 2744 287 2787 nece
319 2721 516 2786 Pontificum
551 2720 643 2785 nulla
675 2721 765 2807 apud
789 2720 1014 2788 Flodoardum
1048 2745 1136 2788 incn-

13 2821 51 2883 tio
76 2821 146 2886 fiat.

93 2961 152 3030 35.
186 2960 353 3027 Successit
380 2962 563 3026 Benedicto
590 2962 744 3028 Pontifici
774 2963 836 3026 [eo
868 2962 1135 3032 VArdeatinns.
1187 2974 1269 3016 ¹⁴00*-

9 3061 61 3144 qui
85 3059 189 3146 paulo
214 3061 324 3125 minus
348 3059 477 3125 duobus
494 3059 663 3124 mensibus
679 3059 850 3125 Ecclesiae
866 3061 1021 3145 praefuit.
1053 3062 1136 3148 ldjns

9 3153 114 3222 locum
140 3159 274 3243 excepit
294 3156 549 3244 Christoplsoms,
574 3158 752 3240 Romanoa,
777 3160 871 3244 isque
894 3158 1135 3222 circiterdimi-

7 3253 58 3318 dio
91 3276 184 3322 anno
209 3255 329 3321 Sedem
353 3255 579 3340 Apostolioam
613 3257 728 3320 tenuit.
775 3255 982 3321 Flodoardus
1014 3257 1047 3320 in
1076 3279 1136 3320 sno

5 3355 165 3435 carmine,
190 3363 342 3418 enarrate
365 3353 539 3419 Benedicti
564 3351 612 3418 IV
637 3355 740 3433 obitu,
766 3357 891 3440 pergit:

77 3603 84 3632 ¹
89 3615 98 3669 l
119 3601 221 3656 Scribit
239 3601 420 3656 Ptodoardus:

112 3682 200 3746 ..Tum
218 3697 296 3735 sacra
313 3689 482 3752 consurgunt
499 3681 640 3736 Benedicti
661 3681 783 3748 regmina
802 3684 900 3749 quarti,

113 3841 226 3896 Enitnit
243 3842 348 3896 eunctis
366 3849 398 3897 ut
416 3841 527 3910 dapsilis
546 3846 627 3908 etque
646 3840 787 3908 benignus.

113 3923 185 3976 Huic
204 3922 313 3991 generis
332 3937 434 3977 necnon
452 3922 565 3991 pietatis
583 3921 709 3988 splendor
727 3921 831 3989 opimus

112 4005 202 4056 (lmat
221 4017 287 4069 opus
306 4007 438 4068 cunctum,
458 4002 606 4057 meditatur
621 4001 698 4070 jussa
715 4001 856 4055 Tonantis.

114 4083 252 4136 Praetulit
272 4081 315 4136 hic
333 4082 461 4150 generale
479 4081 577 4136 bonnm
595 4083 669 4136 lucro
688 4080 808 4148 speciali.

116 4163 264 4229 Despectas
283 4161 387 4224 viduas,
406 4162 498 4230 inopes
516 4175 668 4228 vacuosque
687 4161 817 4230 patronis,

112 4243 232 4296 estona
250 4249 283 4294 ut
301 4251 380 4295 natos
398 4241 519 4311 proprios
538 4241 662 4297 bonitate
681 4241 798 4304 fovebat,

112 4323 303 4388 linteatosque
323 4321 411 4388 polmn
430 4321 551 4392 indiguis
569 4327 734 4378 sescuncia
751 4319 879 4376 reiudit⁴⁴

990 4413 1027 4463 q*
