3002 4836
284 447 319 500 72
638 449 677 504 De
695 449 800 505 hesrai
817 449 1049 506 Ieouoelestarnm

283 591 377 654 rietes
411 601 440 654 et
474 591 599 656 tabulas
629 593 800 658 adorantes
833 595 868 657 in
900 616 936 658 ea
970 616 1003 658 se-
1036 593 1229 658 orditreutar
1258 615 1405 680 amyntam

283 687 394 752 dolrem
408 688 492 770 fidei
514 689 759 756 emolumentum.
785 742 793 758 .
818 741 825 756 .
850 693 923 756 Etsi
945 717 965 754 a
989 691 1090 754 doctis
1112 689 1280 776 qaidaeqae
1303 690 1407 754 tatas-t

278 787 385 872 potat
416 787 470 850 lace
498 788 581 872 qnod
613 787 665 852 illi
696 792 730 854 in
755 790 931 855 αάοναπᾶίε
957 787 1148 874 irrepinilrue
1171 801 1325 870 eaereeat,
1349 789 1404 874 qvi

284 883 430 948 videlicet
452 907 514 950 non
539 887 616 971 qaid
638 889 712 966 sint,
735 889 792 952 sed
815 889 891 973 quid
914 890 1050 952 innuunt
1072 897 1272 964 venerantur,
1294 885 1402 950 indec-

285 982 326 1045 tis
349 991 452 1046 tameo
475 983 643 1070 quibusque
667 985 852 1050 scandalum
866 997 1029 1071 perierant,
1053 986 1128 1070 qaia
1150 985 1231 1049 ‚aasz
1254 984 1345 1048 aliud
1366 982 1403 1044 in

283 1081 331 1142 dis
341 1091 475 1165 practer
496 1081 532 1146 id
554 1083 638 1168 qaod
660 1084 766 1148 vidant
785 1095 974 1148 venerantur
998 1095 1027 1146 et
1046 1084 1194 1148 adornat.
1218 1121 1262 1130 -
1286 1077 1402 1154 Vrdes,

285 1176 346 1240 hoc
370 1176 441 1241 loco
465 1189 615 1244 auctores
630 1181 807 1246 Librorum
824 1179 1053 1247 Carolinorum
1068 1179 1110 1244 ob
1127 1181 1174 1244 rei
1199 1175 1403 1244 evidentiam

285 1285 414 1339 coactos
431 1276 546 1344 ,fuisse
570 1300 764 1363 agnoscere,
789 1281 837 1344 uti
860 1280 1084 1366 reliquiarum,
1109 1280 1155 1342 ita
1179 1288 1211 1340 et
1234 1294 1403 1340 sacrarum

286 1372 468 1458 imaginum
503 1374 626 1440 cultum
665 1376 839 1442 relativum
875 1377 1062 1464 possibilem
1095 1385 1128 1442 et
1159 1375 1285 1439 licitum
1318 1393 1404 1436 esse.

285 1469 351 1535 Sed
384 1469 610 1538 Orientalibus
643 1475 838 1540 adscribunt
866 1476 991 1540 cultum
1014 1474 1216 1554 absolutum
1254 1470 1405 1554 dumque

285 1590 304 1630 a
329 1565 434 1632 doctis
458 1568 546 1636 hunc
562 1573 678 1636 evitari
696 1582 728 1636 et
743 1573 1171 1654 relatioom'venerationem
1185 1569 1228 1633 ab
1244 1570 1284 1632 iis
1308 1589 1404 1653 prae-

285 1667 362 1730 stari
386 1689 480 1752 posse
510 1669 706 1753 admittunt,
737 1683 847 1736 tamen
881 1670 967 1736 hane
991 1669 1212 1756 seponendam
1236 1688 1306 1730 esse
1331 1667 1402 1750 opi·

285 1775 407 1828 uantur
437 1765 479 1830 ob
513 1767 705 1832 scandalum
740 1768 960 1834 multitudinis
993 1768 1159 1848 indoctae,
1194 1787 1278 1851 quae
1302 1763 1407 1828 talem

286 1859 531 1928 distinctionem
546 1867 675 1952 assequi
690 1877 843 1953 nequeat.
890 1867 986 1932 Unde
1002 1875 1148 1952 apparet,
1164 1863 1407 1930 dissensionem

286 1957 490 2026 Francorum
514 1962 648 2029 demum
671 1987 738 2030 non
770 1967 933 2051 respicere
962 1963 1170 2029 substantiam
1193 1962 1301 2027 cultus
1324 1961 1407 2024 ima·

285 2058 411 2142 ginnm.
458 2057 524 2125 Sed
553 2083 596 2126 ex
627 2085 694 2126 nna
725 2075 820 2148 parte
843 2061 1082 2144 Orientalibus,
1117 2062 1195 2148 quie
1218 2059 1408 2125 doctrinam

287 2176 399 2220 eorum
425 2156 509 2222 male
534 2158 765 2226 intellexerant
788 2171 886 2225 etex
908 2161 1116 2226 animositate
1139 2158 1221 2224 falso
1246 2159 1406 2242 interpre-

287 2252 452 2336 tabantur,
476 2257 638 2323 immerito
658 2260 829 2344 opiniones
846 2281 1000 2324 erroneas
1012 2257 1198 2322 attribuunt
1222 2266 1254 2319 et
1277 2253 1408 2318 cultum

287 2353 559 2442 superstitiosum.
609 2356 664 2419 Ex
693 2355 796 2422 altera
828 2367 920 2443 parte
951 2357 1198 2421 venerationem
1230 2351 1409 2416 relativam

288 2459 319 2512 et
344 2450 532 2518 inferiorem
564 2455 747 2540 imaginum
771 2455 896 2520 habent
918 2456 967 2520 uti
991 2457 1083 2519 inse
1107 2451 1243 2539 quidem
1266 2450 1407 2528 licitam,

288 2547 346 2612 sed
370 2557 407 2612 nt
429 2553 575 2636 practice
597 2553 817 2638 periculosam
842 2565 874 2618 et
890 2553 1043 2618 fidelibus
1067 2551 1209 2616 indoctis
1233 2549 1409 2612 inaccessi·

288 2643 400 2712 bilem.
453 2647 536 2714 Inde
567 2659 624 2732 est,
658 2652 747 2737 qued
780 2661 910 2718 tantum
938 2650 983 2715 ad
1016 2649 1266 2715 instructionem
1299 2653 1333 2709 et
1366 2645 1410 2710 ob

288 2766 434 2810 amorem
468 2769 508 2812 ac
540 2752 734 2815 memoriam
767 2750 963 2816 Sanctorum
1001 2745 1212 2814 laudabiliter
1244 2744 1411 2827 imagines

290 2846 478 2908 conservari
503 2846 717 2912 contendunt.

380 2943 432 3007 84.
457 2943 525 3009 Sed
554 2946 617 3010 ista
641 2947 733 3010 inre
757 2944 845 3010 Galli
876 2967 942 3010 non
966 2953 1095 3008 tantum
1119 2951 1272 3008 errarunt
1294 2939 1409 3024 quoad

289 3039 475 3106 doctrinam
485 3041 797 3108 falsoOrientalibns
807 3043 1018 3130 adscriptam,
1027 3061 1142 3106 verum
1151 3041 1249 3105 etiem
1261 3041 1296 3104 in
1306 3036 1413 3102 altera

290 3141 481 3223 quaestione
506 3143 662 3227 practica.
708 3142 842 3206 Etenim
857 3143 978 3227 passim
1001 3139 1036 3205 id
1059 3137 1182 3204 accidit
1204 3147 1273 3202 tam
1297 3137 1331 3200 in
1359 3157 1412 3200 ve·

289 3235 443 3303 ritatibus
467 3238 680 3322 speculativis
703 3261 803 3325 quam
834 3241 868 3305 in
898 3239 1064 3303 exercitiis
1087 3237 1242 3324 practicis
1265 3235 1411 3322 pictatis.

291 3347 328 3400 ut
351 3336 439 3400 docti
473 3337 608 3422 quidem
641 3339 821 3402 attentione
851 3336 1002 3402 adhibite
1030 3357 1070 3400 ac
1103 3355 1168 3400 non
1201 3334 1273 3398 sine
1296 3331 1413 3396 labore

291 3509 355 3517 ——
364 3511 417 3516 --ω
431 3509 454 3516 ..-

290 3610 344 3669 tur,
364 3619 444 3672 qnam
461 3604 589 3673 reprobet
615 3603 752 3659 Pontifen
790 3605 860 3658 Dnm
885 3617 949 3657 vero
972 3599 1088 3670 episcopi
1114 3599 1209 3654 laudat
1233 3598 1332 3660 selum,
1354 3613 1414 3652 eum

290 3683 470 3754 reprehendit,
480 3683 550 3752 qood
560 3684 693 3754 imagines
703 3683 827 3752 tregerit,
837 3689 866 3738 et
875 3683 910 3738 sd
916 3680 1119 3738 instructionem
1129 3695 1175 3734 ess
1185 3679 1281 3735 merito
1291 3675 1413 3732 adhiberi

289 3764 421 3820 advertit.
457 3763 517 3820 Non
536 3771 603 3830 erat,
632 3779 680 3820 eur
698 3763 848 3833 Gregorius
875 3762 919 3818 hie
945 3761 1061 3818 ulterius
1087 3761 1121 3816 de
1147 3756 1412 3814 manentiam

292 3844 441 3914 imaginum
459 3851 563 3914 egeret
599 3845 709 3900 Etenim
726 3853 760 3899 ut
772 3844 895 3913 episeopo
914 3842 1077 3908 ostenderet,
1095 3841 1189 3909 inepte
1206 3836 1339 3906 imagines
1352 3853 1415 3892 eon·

291 3925 387 3995 fringi,
405 3923 558 3980 sufficiebat
575 3940 690 3988 monere,
717 3939 764 3979 ees
791 3923 879 3979 medis
896 3921 1036 3991 praeclare
1060 3937 1118 3976 esse
1135 3920 1170 3974 ed
1187 3917 1279 3988 populi
1297 3917 1413 3974 instrue·

291 4006 406 4072 tionem,
424 4021 473 4060 nee
491 4006 524 4060 de
542 4006 620 4060 modo
638 4005 727 4062 cultus
737 4003 882 4068 interioris,
893 4003 939 4071 qui
958 4001 1123 4072 imaginibus
1141 3999 1226 4056 secde
1245 3997 1320 4052 licite
1337 4011 1415 4066 prae·

291 4091 393 4152 statur,
411 4091 473 4140 eret
490 4086 633 4156 agendum.
671 4084 815 4140 (tectarum
842 4082 982 4139 veneratio
1000 4082 1055 4137 ists
1083 4079 1179 4136 intime
1198 4094 1261 4134 eum
1279 4093 1330 4132 usn
1348 4077 1413 4132 ima·

291 4167 388 4237 girum
405 4181 542 4221 umerum
559 4166 595 4220 ed
612 4165 769 4221 memoriam
789 4163 947 4220 Sanctorum
959 4177 1029 4217 nexa
1046 4167 1097 4228 est,
1115 4167 1145 4216 st
1163 4175 1212 4230 per
1228 4173 1259 4213 se
1276 4158 1334 4213 lere
1351 4171 1413 4214 ern

291 4263 369 4304 nsum
389 4246 541 4312 comitetur,
560 4245 613 4302 nisi
631 4246 692 4313 quis
710 4245 883 4314 praejudiciis
901 4242 1066 4298 detineatur.
