2904 4834
322 539 357 592 10
509 537 612 592 XVHI.
631 535 671 592 De
689 537 818 593 Romanis
836 539 1012 594 Pontificibus
1031 539 1131 595 saeculi
1149 541 1249 596 decinit.

319 681 363 745 ad
387 681 476 746 hunc
499 679 710 762 Pontificem,
740 703 779 746 ae
802 681 927 746 Romae
950 681 993 745 ab
1017 685 1088 768 ipso
1113 705 1231 769 magno
1255 687 1288 750 in
1310 685 1413 748 honore

320 778 464 844 habitus.
510 779 564 843 Ex
588 777 767 843 Flodoardi
799 781 930 864 scriptis
959 781 1052 843 varia
1083 801 1168 867 qnae
1195 783 1238 847 ad
1266 782 1413 846 historiam

318 876 443 940 saeculi
478 877 598 940 decimi
631 878 798 962 pertinent
830 875 1051 959 illustrantur,
1085 889 1183 964 atque
1215 903 1253 944 ea
1282 902 1359 968 quac
1385 879 1414 941 de

320 975 478 1040 Romanis
501 974 719 1040 Pontificibus
742 974 831 1039 illius
855 977 971 1040 aetatis
994 975 1112 1061 habet,
1148 980 1342 1044 conferenda
1362 999 1415 1062 pro-

201 1095 203 1098 ·
319 1073 405 1137 fecto
429 1082 506 1137 sunt
529 1094 604 1136 cum
629 1073 669 1136 iis
693 1095 777 1157 quae
802 1095 843 1136 ex
860 1071 1067 1158 Luitprando
1085 1073 1330 1160 depromuntur.
1359 1063 1437 1140 oo!

159 2043 259 2086 Auxillua
275 2047 296 2086 ct

170 2105 292 2156 trimus.

319 1170 465 1235 doardus
489 1170 624 1257 quidem
649 1170 754 1254 elogia
770 1191 868 1256 saepe
885 1169 1084 1236 Pontificum
1102 1176 1238 1240 metrice
1254 1177 1348 1256 canit,
1370 1195 1416 1238 noo
1436 1171 1437 1176 ’

320 1270 355 1333 in
372 1268 468 1333 Italia
484 1267 683 1333 subsistebat
697 1278 734 1332 ut
747 1271 839 1333 testis
856 1267 1005 1336 comatus
1020 1281 1197 1354 gestorum.
1222 1272 1373 1336 Attamen
1386 1293 1416 1334 ox
1436 1287 1437 1344 l

321 1370 362 1432 iis
393 1389 477 1454 quae
509 1367 624 1430 scribit
654 1365 855 1451 colligimus,
888 1366 978 1432 haud
1002 1367 1124 1432 malam
1147 1371 1205 1434 sed
1230 1371 1347 1435 bonam
1368 1371 1417 1454 opi·

321 1467 455 1530 nionem
478 1465 661 1549 generatim
685 1464 830 1548 viguisse
854 1465 895 1530 de
918 1465 1070 1550 pluribus
1088 1467 1316 1552 Pontificibus,
1339 1469 1386 1554 qui
1404 1485 1437 1528 a*

320 1561 528 1648 Luitprando
553 1561 734 1626 admodum
758 1575 948 1648 carpuntur.
995 1563 1202 1630 Flodoardus
1226 1587 1367 1652 quoqne,
1395 1577 1418 1626 ut

321 1661 478 1743 diximus,
504 1661 628 1724 Romae
652 1658 821 1746 aliquanto
845 1670 993 1745 tempore
1016 1672 1167 1726 versatus
1190 1673 1248 1746 est,
1274 1664 1437 1750 etpassin}

321 1759 475 1838 ostendit,
500 1761 688 1822 accuratius
712 1779 811 1845 quam
826 1757 1055 1844 Luitprandus
1080 1779 1114 1823 se
1138 1771 1278 1826 eventus
1302 1762 1419 1826 novisse.

322 1856 417 1922 Obiit
428 1856 634 1921 Flodoardus
646 1879 734 1921 anno
744 1857 810 1921 966
823 1859 949 1920 meritis
962 1868 994 1920 et
1006 1859 1179 1922 sanctitate
1192 1862 1282 1924 vitae
1295 1859 1419 1942 insignis.

414 1983 466 2046 11.
499 1979 634 2045 Praeter
659 1979 719 2045 hos
743 1979 800 2045 alii
824 1980 934 2068 plures
958 1984 1097 2048 veniunt
1120 1994 1281 2064 auctores,
1305 2003 1420 2070 quorum

322 2081 446 2165 scripta
469 2081 593 2164 pariter
616 2076 818 2144 consulenda
843 2089 928 2161 sunt,
954 2090 990 2144 ut
1014 2081 1158 2146 ineuntis
1181 2081 1304 2146 saeculi
1323 2079 1419 2144 decimi

322 2176 460 2241 historia
484 2175 624 2241 obscura
639 2175 750 2263 aliqua
764 2176 839 2241 luce
854 2177 1054 2242 offundatur.
1090 2179 1246 2244 Auxilius
1262 2179 1420 2266 presbyter.

322 2275 472 2339 Francus
496 2284 532 2338 ut
555 2273 688 2338 videtur
712 2275 839 2358 origine
863 2275 919 2338 scd
945 2276 979 2339 in
1003 2273 1100 2340 ltalia
1125 2275 1333 2342 meridionali
1356 2295 1420 2339 com·

323 2384 482 2453 moratus,
514 2373 645 2458 scripsit
673 2370 821 2436 libellum
847 2373 950 2459 Super
981 2397 1078 2438 causo
1101 2387 1131 2439 et
1154 2377 1276 2461 nepotio
1300 2373 1422 2440 Formosi
1436 2393 1437 2412 ¹

324 2469 494 2534 Pontificio
502 2521 510 2552 ,
550 2469 689 2534 alterum
722 2469 763 2534 de
797 2469 1062 2536 ordinationibus
1092 2473 1238 2536 Formosi
1269 2483 1421 2536 tractatum

323 2570 379 2655 qui
404 2569 553 2654 infensor
583 2579 612 2631 et
635 2568 794 2654 Defensor
823 2567 959 2650 dicitur,
991 2581 1024 2632 et
1047 2569 1112 2634 alia
1135 2570 1300 2656 quaedam
1324 2567 1421 2634 similia

323 2666 492 2752 opuscula.
538 2665 592 2730 Ex
623 2667 713 2730 hisce
743 2667 873 2751 scriptis
897 2689 936 2730 ea
960 2689 1045 2754 quac
1069 2669 1104 2734 in
1128 2667 1193 2732 fine
1218 2669 1340 2733 saeculi
1363 2667 1421 2731 noni

323 2775 422 2850 atque
434 2765 529 2828 initio
543 2764 663 2828 decimi
677 2763 871 2829 acciderunt
882 2767 1006 2851 passim
1020 2763 1233 2831 illustrantur.
1243 2767 1337 2832 -De
1348 2788 1422 2830 corsae

323 2861 535 2934 Formosiona
549 2861 695 2927 libellum
712 2863 843 2949 scripsit
853 2864 952 2927 etiam
964 2863 1135 2949 Eugenius
1143 2863 1331 2949 Vulgarius,
1342 2862 1437 2966 Italusp

324 2958 412 3024 illius
443 2962 560 3024 aetatis
590 2961 669 3025 satis
699 2971 849 3026 versatus
879 2961 913 3024 in
945 2961 1062 3026 litteris
1085 2961 1355 3046 humanioribus,
1383 2961 1437 3024 aaut

323 3058 415 3122 aliud
430 3079 559 3144 quoquc
573 3058 767 3145 opusculum
777 3057 946 3143 Anonymi
961 3059 1109 3147 ejusdem
1121 3062 1279 3147 temporis
1288 3059 1437 3156 Invenire,

160 3179 204 3221 arra
220 3158 360 3229 sesso-in
383 3159 526 3236 Romam,
551 3181 570 3221 a
595 3155 793 3242 quibusdam
818 3155 1016 3244 tribuitur.¹)
1052 3157 1171 3222 Exstat
1192 3181 1291 3246 porro
1314 3159 1437 3228 carmcnl

212 3252 254 3281 ron.

325 3265 376 3318 sat
405 3254 552 3340 amplum
584 3264 682 3342 atque
715 3256 845 3338 insigne
869 3257 904 3320 in
927 3255 1059 3321 laudem
1084 3257 1278 3342 Bereugarii
1302 3257 1423 3342 Impera·

325 3353 414 3433 toris,
432 3351 646 3440 Ponepyriens
659 3353 858 3438 Berenqorii,
875 3375 917 3418 ex
930 3355 1034 3418 initiis
1049 3353 1171 3418 saeculi
1188 3353 1321 3438 decimi,
1337 3347 1422 3440 quoad

326 3460 464 3515 eventus
496 3450 584 3515 illius
612 3453 768 3537 temporis
792 3453 915 3538 pariter
937 3451 1219 3534 consulendum.²)
1266 3453 1337 3518 Neo
1359 3469 1423 3536 spor·

325 3547 473 3614 nendum
492 3551 626 3615 omnino
643 3547 821 3614 Clrrone'eon
834 3549 1000 3614 Benedicti
1022 3549 1061 3614 de
1084 3572 1108 3614 o.
1124 3549 1267 3630 Andr-ec,
1293 3545 1421 3614 monachi

325 3650 516 3712 monasterii
547 3671 572 3714 s.
596 3648 752 3713 Andreae
782 3649 816 3712 in
847 3656 959 3713 monte
981 3645 1130 3732 Soracte,
1162 3648 1204 3712 ab
1236 3651 1308 3735 ipso
1332 3665 1437 3712 venusi

323 3767 355 3808 a.
372 3745 437 3810 968
462 3747 659 3811 confectum.
695 3747 858 3828 Quamvis
881 3746 965 3810 mira
989 3744 1157 3811 idiomatis
1179 3745 1275 3810 latini
1292 3717 1437 3810 barbarial

400 3995 419 4062 ¹)
438 3993 479 4048 Dc
488 3993 596 4049 Auxssio
609 3994 777 4063 etVulgario
790 3993 836 4050 cir.
852 3995 995 4059 Dttmmler,
1007 3993 1139 4048 Ancalites
1152 3995 1209 4048 aad
1227 3994 1419 4062 Vutyrsriusotc.
1436 4015 1437 4054 p

324 4073 441 4145 Leipzig
467 4077 544 4131 1866.
568 4105 600 4115 -
630 4075 764 4144 Opuscnla
791 4075 921 4142 quaedam
949 4075 1085 4142 bucusque
1113 4073 1255 4143 incognito
1282 4071 1323 4127 hic
1348 4063 1437 4154 auctor}

325 4155 433 4210 invenit
453 4161 480 4210 et
499 4155 591 4210 edidit.
1436 4159 1437 4230 l

399 4245 420 4310 ¹)
439 4243 638 4313 Panegyricum
650 4243 811 4314 Berengarii
830 4243 914 4298 edidit
928 4243 1042 4312 primum
1052 4243 1185 4309 Valesius,
1199 4241 1310 4296 Parisiis
1323 4257 1337 4292 a
1356 4237 1416 4292 1665ι
1436 4255 1437 4258 ’

327 4339 368 4389 ap.
390 4323 478 4388 Perta,
499 4327 533 4378 bl.
554 4324 586 4378 G.
606 4325 649 4379 SS.
670 4325 716 4380 IV.
738 4325 885 4379 189—210.

329 3911 538 3920 ——-.—-——-
