<?xml version="1.0" encoding="UTF-8"?>
<!DOCTYPE html PUBLIC "-//W3C//DTD XHTML 1.0 Transitional//EN"
    "http://www.w3.org/TR/xhtml1/DTD/xhtml1-transitional.dtd">
<html xmlns="http://www.w3.org/1999/xhtml" xml:lang="en" lang="en">
 <head>
  <title>
</title>
<meta http-equiv="Content-Type" content="text/html;charset=utf-8" />
  <meta name='ocr-system' content='tesseract 3.04.00' />
  <meta name='ocr-capabilities' content='ocr_page ocr_carea ocr_par ocr_line ocrx_word'/>
</head>
<body>
  <div class='ocr_page' id='page_1' title='image "./dissertationess01junggoog_0776.png"; bbox 0 0 2952 4832; ppageno 0'>
   <div class='ocr_carea' id='block_1_1' title="bbox 320 493 1141 558">
    <p class='ocr_par' dir='ltr' id='par_1_1' title="bbox 320 493 1141 558">
     <span class='ocr_line' id='line_1_1' title="bbox 320 493 1141 558; baseline -0.004 -10"><span class='ocrx_word' id='word_1_1' title='bbox 320 496 360 548; x_wconf 90' lang='lat' dir='ltr'>De</span> <span class='ocrx_word' id='word_1_2' title='bbox 378 493 544 548; x_wconf 83' lang='lat' dir='ltr'>Pontificatu</span> <span class='ocrx_word' id='word_1_3' title='bbox 563 495 588 546; x_wconf 82' lang='lat' dir='ltr'>S.</span> <span class='ocrx_word' id='word_1_4' title='bbox 609 493 736 558; x_wconf 74' lang='lat' dir='ltr'>Gregorii</span> <span class='ocrx_word' id='word_1_5' title='bbox 756 493 819 546; x_wconf 91' lang='lat' dir='ltr'>Vll.</span> <span class='ocrx_word' id='word_1_6' title='bbox 1089 495 1141 552; x_wconf 78' lang='lat'>305</span> 
     </span>
    </p>
   </div>
   <div class='ocr_carea' id='block_1_2' title="bbox 24 636 1144 2000">
    <p class='ocr_par' dir='ltr' id='par_1_2' title="bbox 24 636 1144 2000">
     <span class='ocr_line' id='line_1_2' title="bbox 34 636 1141 723; baseline 0 -22"><span class='ocrx_word' id='word_1_7' title='bbox 34 639 163 718; x_wconf 78' lang='lat' dir='ltr'>haberet,</span> <span class='ocrx_word' id='word_1_8' title='bbox 189 640 341 702; x_wconf 88' lang='lat' dir='ltr'>conscius</span> <span class='ocrx_word' id='word_1_9' title='bbox 364 648 474 702; x_wconf 86' lang='lat' dir='ltr'>tamen</span> <span class='ocrx_word' id='word_1_10' title='bbox 499 637 563 700; x_wconf 87' lang='lat' dir='ltr'>fuit</span> <span class='ocrx_word' id='word_1_11' title='bbox 580 636 673 701; x_wconf 89' lang='lat' dir='ltr'>brevi</span> <span class='ocrx_word' id='word_1_12' title='bbox 691 658 725 699; x_wconf 93' lang='lat' dir='ltr'>se</span> <span class='ocrx_word' id='word_1_13' title='bbox 750 638 956 716; x_wconf 89' lang='lat' dir='ltr'>moriturum,</span> <span class='ocrx_word' id='word_1_14' title='bbox 981 640 1141 723; x_wconf 80' lang='lat' dir='ltr'>variaque</span> 
     </span>
     <span class='ocr_line' id='line_1_3' title="bbox 34 733 1141 820; baseline 0.004 -22"><span class='ocrx_word' id='word_1_15' title='bbox 34 759 83 820; x_wconf 87' lang='lat' dir='ltr'>pro</span> <span class='ocrx_word' id='word_1_16' title='bbox 112 736 279 800; x_wconf 82' lang='lat' dir='ltr'>Ecclesiae</span> <span class='ocrx_word' id='word_1_17' title='bbox 308 735 413 800; x_wconf 84' lang='lat' dir='ltr'>salute</span> <span class='ocrx_word' id='word_1_18' title='bbox 445 735 618 820; x_wconf 82' lang='lat' dir='ltr'>disposuit.</span> <span class='ocrx_word' id='word_1_19' title='bbox 666 735 779 798; x_wconf 84' lang='lat' dir='ltr'>Mense</span> <span class='ocrx_word' id='word_1_20' title='bbox 803 733 892 819; x_wconf 90' lang='lat' dir='ltr'>Majo</span> <span class='ocrx_word' id='word_1_21' title='bbox 921 738 1057 819; x_wconf 87' lang='lat' dir='ltr'>gravius</span> <span class='ocrx_word' id='word_1_22' title='bbox 1089 737 1141 802; x_wconf 87' lang='lat' dir='ltr'>de·</span> 
     </span>
     <span class='ocr_line' id='line_1_4' title="bbox 34 832 1141 918; baseline 0.005 -23"><span class='ocrx_word' id='word_1_23' title='bbox 34 834 142 900; x_wconf 81' lang='lat' dir='ltr'><strong>cubuit.</strong></span> <span class='ocrx_word' id='word_1_24' title='bbox 189 832 580 898; x_wconf 78' lang='lat' dir='ltr'>Comrnendavit‘outem</span> <span class='ocrx_word' id='word_1_25' title='bbox 606 854 710 918; x_wconf 90' lang='lat' dir='ltr'>quum</span> <span class='ocrx_word' id='word_1_26' title='bbox 733 833 942 897; x_wconf 80' lang='lat' dir='ltr'><strong>consulerent</strong></span> <span class='ocrx_word' id='word_1_27' title='bbox 965 855 1041 898; x_wconf 88' lang='lat' dir='ltr'>enm</span> <span class='ocrx_word' id='word_1_28' title='bbox 1065 834 1141 899; x_wconf 81' lang='lat' dir='ltr'>Car·</span> 
     </span>
     <span class='ocr_line' id='line_1_5' title="bbox 34 929 1142 1018; baseline 0.003 -24"><span class='ocrx_word' id='word_1_29' title='bbox 34 931 153 1010; x_wconf 85' lang='lat' dir='ltr'>diuales,</span> <span class='ocrx_word' id='word_1_30' title='bbox 185 943 222 997; x_wconf 88' lang='lat' dir='ltr'>ut</span> <span class='ocrx_word' id='word_1_31' title='bbox 252 935 341 996; x_wconf 82' lang='lat' dir='ltr'>viros</span> <span class='ocrx_word' id='word_1_32' title='bbox 372 931 490 1014; x_wconf 87' lang='lat' dir='ltr'>dignos</span> <span class='ocrx_word' id='word_1_33' title='bbox 522 942 554 994; x_wconf 92' lang='lat' dir='ltr'>et</span> <span class='ocrx_word' id='word_1_34' title='bbox 578 941 672 1015; x_wconf 84' lang='lat' dir='ltr'>aptos</span> <span class='ocrx_word' id='word_1_35' title='bbox 700 932 757 1016; x_wconf 91' lang='lat' dir='ltr'>qni</span> <span class='ocrx_word' id='word_1_36' title='bbox 783 933 815 994; x_wconf 95' lang='lat' dir='ltr'>in</span> <span class='ocrx_word' id='word_1_37' title='bbox 841 929 926 995; x_wconf 84' lang='lat' dir='ltr'>Sede</span> <span class='ocrx_word' id='word_1_38' title='bbox 951 933 1142 1018; x_wconf 78' lang='lat' dir='ltr'>Apostolica</span> 
     </span>
     <span class='ocr_line' id='line_1_6' title="bbox 32 1028 1141 1114; baseline 0.004 -24"><span class='ocrx_word' id='word_1_39' title='bbox 32 1031 240 1114; x_wconf 76' lang='lat' dir='ltr'>siu-cederent,</span> <span class='ocrx_word' id='word_1_40' title='bbox 256 1029 468 1094; x_wconf 86' lang='lat' dir='ltr'>Desiderium</span> <span class='ocrx_word' id='word_1_41' title='bbox 487 1029 643 1093; x_wconf 85' lang='lat' dir='ltr'>abbatem</span> <span class='ocrx_word' id='word_1_42' title='bbox 659 1028 900 1108; x_wconf 82' lang='lat' dir='ltr'>Cassinensem,</span> <span class='ocrx_word' id='word_1_43' title='bbox 918 1030 1141 1095; x_wconf 85' lang='lat' dir='ltr'>Humbertum</span> 
     </span>
     <span class='ocr_line' id='line_1_7' title="bbox 32 1127 1141 1214; baseline 0.002 -24"><span class='ocrx_word' id='word_1_44' title='bbox 32 1129 304 1214; x_wconf 88' lang='lat' dir='ltr'>archiepiscopum</span> <span class='ocrx_word' id='word_1_45' title='bbox 328 1128 599 1212; x_wconf 79' lang='lat' dir='ltr'>Lugdunensem,</span> <span class='ocrx_word' id='word_1_46' title='bbox 625 1127 782 1192; x_wconf 86' lang='lat' dir='ltr'>Ottonem</span> <span class='ocrx_word' id='word_1_47' title='bbox 807 1129 1004 1210; x_wconf 78' lang='lat' dir='ltr'>Ostiensem,</span> <span class='ocrx_word' id='word_1_48' title='bbox 1030 1139 1063 1192; x_wconf 89' lang='lat' dir='ltr'>ct</span> <span class='ocrx_word' id='word_1_49' title='bbox 1074 1129 1141 1192; x_wconf 87' lang='lat' dir='ltr'>An·</span> 
     </span>
     <span class='ocr_line' id='line_1_8' title="bbox 31 1225 1142 1313; baseline 0.005 -28"><span class='ocrx_word' id='word_1_50' title='bbox 31 1228 153 1292; x_wconf 80' lang='lat' dir='ltr'>selmum</span> <span class='ocrx_word' id='word_1_51' title='bbox 178 1228 377 1306; x_wconf 75' lang='lat' dir='ltr'>Lunensem,</span> <span class='ocrx_word' id='word_1_52' title='bbox 402 1249 617 1310; x_wconf 80' lang='lat' dir='ltr'>quamcumque</span> <span class='ocrx_word' id='word_1_53' title='bbox 642 1250 681 1288; x_wconf 81' lang='lat' dir='ltr'>erc</span> <span class='ocrx_word' id='word_1_54' title='bbox 700 1227 748 1289; x_wconf 74' lang='lat' dir='ltr'>liis</span> <span class='ocrx_word' id='word_1_55' title='bbox 770 1225 883 1289; x_wconf 83' lang='lat' dir='ltr'>dobere</span> <span class='ocrx_word' id='word_1_56' title='bbox 902 1239 1041 1313; x_wconf 80' lang='lat' dir='ltr'>possent.</span> <span class='ocrx_word' id='word_1_57' title='bbox 1090 1228 1142 1291; x_wconf 89' lang='lat' dir='ltr'>De</span> 
     </span>
     <span class='ocr_line' id='line_1_9' title="bbox 30 1323 1141 1410; baseline 0.002 -24"><span class='ocrx_word' id='word_1_58' title='bbox 30 1325 362 1390; x_wconf 80' lang='lat' dir='ltr'>excommunicatione</span> <span class='ocrx_word' id='word_1_59' title='bbox 398 1333 510 1387; x_wconf 85' lang='lat' dir='ltr'>autem</span> <span class='ocrx_word' id='word_1_60' title='bbox 543 1323 696 1386; x_wconf 88' lang='lat' dir='ltr'>similiter</span> <span class='ocrx_word' id='word_1_61' title='bbox 735 1325 913 1409; x_wconf 90' lang='lat' dir='ltr'>requisitus</span> <span class='ocrx_word' id='word_1_62' title='bbox 954 1325 1141 1410; x_wconf 86' lang='lat' dir='ltr'>respondit:</span> 
     </span>
     <span class='ocr_line' id='line_1_10' title="bbox 31 1421 1143 1510; baseline 0.002 -26"><span class='ocrx_word' id='word_1_63' title='bbox 31 1423 146 1488; x_wconf 77' lang='lat' dir='ltr'>Praeter</span> <span class='ocrx_word' id='word_1_64' title='bbox 170 1424 358 1486; x_wconf 68' lang='lat' dir='ltr'>lirini-icum</span> <span class='ocrx_word' id='word_1_65' title='bbox 389 1444 490 1508; x_wconf 79' lang='lat' dir='ltr'>repom</span> <span class='ocrx_word' id='word_1_66' title='bbox 522 1421 639 1484; x_wconf 82' lang='lat' dir='ltr'>dicturo</span> <span class='ocrx_word' id='word_1_67' title='bbox 671 1433 700 1485; x_wconf 84' lang='lat' dir='ltr'>et</span> <span class='ocrx_word' id='word_1_68' title='bbox 724 1425 940 1486; x_wconf 74' lang='lat' dir='ltr'>Ravennatem</span> <span class='ocrx_word' id='word_1_69' title='bbox 974 1425 1143 1510; x_wconf 76' lang='lat' dir='ltr'>archiepie-</span> 
     </span>
     <span class='ocr_line' id='line_1_11' title="bbox 30 1520 1143 1606; baseline 0.001 -23"><span class='ocrx_word' id='word_1_70' title='bbox 30 1545 134 1606; x_wconf 82' lang='lat' dir='ltr'>copum,</span> <span class='ocrx_word' id='word_1_71' title='bbox 166 1523 234 1585; x_wconf 76' lang='lat' dir='ltr'>uisi</span> <span class='ocrx_word' id='word_1_72' title='bbox 247 1521 339 1606; x_wconf 81' lang='lat' dir='ltr'>forte</span> <span class='ocrx_word' id='word_1_73' title='bbox 364 1521 408 1582; x_wconf 84' lang='lat' dir='ltr'>od</span> <span class='ocrx_word' id='word_1_74' title='bbox 430 1543 496 1598; x_wconf 84' lang='lat' dir='ltr'>eoa,</span> <span class='ocrx_word' id='word_1_75' title='bbox 525 1531 623 1606; x_wconf 85' lang='lat' dir='ltr'>prout</span> <span class='ocrx_word' id='word_1_76' title='bbox 646 1520 732 1582; x_wconf 79' lang='lat' dir='ltr'>eolis</span> <span class='ocrx_word' id='word_1_77' title='bbox 759 1521 922 1599; x_wconf 78' lang='lat' dir='ltr'>ridebitur,</span> <span class='ocrx_word' id='word_1_78' title='bbox 947 1521 991 1584; x_wconf 77' lang='lat' dir='ltr'>ecl</span> <span class='ocrx_word' id='word_1_79' title='bbox 1015 1521 1143 1606; x_wconf 75' lang='lat' dir='ltr'>clipeum</span> 
     </span>
     <span class='ocr_line' id='line_1_12' title="bbox 29 1619 1144 1706; baseline 0 -24"><span class='ocrx_word' id='word_1_80' title='bbox 29 1633 106 1706; x_wconf 81' lang='lat' dir='ltr'>utque</span> <span class='ocrx_word' id='word_1_81' title='bbox 130 1621 325 1684; x_wconf 38' lang='lat' dir='ltr'>,erinooicom</span> <span class='ocrx_word' id='word_1_82' title='bbox 355 1620 497 1682; x_wconf 74' lang='lat' dir='ltr'>venerint</span> <span class='ocrx_word' id='word_1_83' title='bbox 530 1619 792 1703; x_wconf 65' lang='lat' dir='ltr'>satisfactionem,</span> <span class='ocrx_word' id='word_1_84' title='bbox 827 1631 856 1680; x_wconf 83' lang='lat' dir='ltr'>ct</span> <span class='ocrx_word' id='word_1_85' title='bbox 877 1630 1006 1706; x_wconf 84' lang='lat' dir='ltr'>praeter</span> <span class='ocrx_word' id='word_1_86' title='bbox 1039 1642 1144 1682; x_wconf 82' lang='lat' dir='ltr'>omues</span> 
     </span>
     <span class='ocr_line' id='line_1_13' title="bbox 24 1717 1144 1806; baseline 0.001 -26"><span class='ocrx_word' id='word_1_87' title='bbox 24 1718 212 1806; x_wconf 77' lang='lat' dir='ltr'>principales</span> <span class='ocrx_word' id='word_1_88' title='bbox 236 1741 406 1803; x_wconf 82' lang='lat' dir='ltr'>personas,</span> <span class='ocrx_word' id='word_1_89' title='bbox 444 1741 523 1800; x_wconf 74' lang='lat' dir='ltr'>pirae</span> <span class='ocrx_word' id='word_1_90' title='bbox 557 1727 613 1779; x_wconf 78' lang='lat' dir='ltr'>ortt</span> <span class='ocrx_word' id='word_1_91' title='bbox 643 1717 775 1780; x_wconf 83' lang='lat' dir='ltr'>consilio</span> <span class='ocrx_word' id='word_1_92' title='bbox 808 1728 863 1782; x_wconf 84' lang='lat' dir='ltr'>aut</span> <span class='ocrx_word' id='word_1_93' title='bbox 887 1718 1010 1780; x_wconf 68' lang='lat' dir='ltr'>armilio</span> <span class='ocrx_word' id='word_1_94' title='bbox 1025 1717 1144 1802; x_wconf 78' lang='lat' dir='ltr'>foreat</span> 
     </span>
     <span class='ocr_line' id='line_1_14' title="bbox 30 1814 1142 1902; baseline 0.001 -24"><span class='ocrx_word' id='word_1_95' title='bbox 30 1820 172 1902; x_wconf 76' lang='lat' dir='ltr'>nequitiae</span> <span class='ocrx_word' id='word_1_96' title='bbox 204 1814 333 1880; x_wconf 84' lang='lat' dir='ltr'>illorum</span> <span class='ocrx_word' id='word_1_97' title='bbox 366 1827 395 1876; x_wconf 85' lang='lat' dir='ltr'>et</span> <span class='ocrx_word' id='word_1_98' title='bbox 424 1815 592 1900; x_wconf 79' lang='lat' dir='ltr'>impietati,</span> <span class='ocrx_word' id='word_1_99' title='bbox 633 1837 737 1878; x_wconf 82' lang='lat' dir='ltr'>omnes</span> <span class='ocrx_word' id='word_1_100' title='bbox 768 1815 894 1878; x_wconf 84' lang='lat' dir='ltr'>obsoleo</span> <span class='ocrx_word' id='word_1_101' title='bbox 926 1827 955 1878; x_wconf 85' lang='lat' dir='ltr'>et</span> <span class='ocrx_word' id='word_1_102' title='bbox 986 1815 1142 1895; x_wconf 67' lang='lat' dir='ltr'>briuedico,</span> 
     </span>
     <span class='ocr_line' id='line_1_15' title="bbox 29 1913 1142 2000; baseline 0.002 -24"><span class='ocrx_word' id='word_1_103' title='bbox 29 1919 196 2000; x_wconf 66' lang='lat' dir='ltr'>quicumque</span> <span class='ocrx_word' id='word_1_104' title='bbox 235 1938 283 1978; x_wconf 81' lang='lat' dir='ltr'>mc</span> <span class='ocrx_word' id='word_1_105' title='bbox 316 1915 395 1976; x_wconf 75' lang='lat' dir='ltr'>loric</span> <span class='ocrx_word' id='word_1_106' title='bbox 422 1913 535 1976; x_wconf 80' lang='lat' dir='ltr'>labere</span> <span class='ocrx_word' id='word_1_107' title='bbox 561 1923 752 1998; x_wconf 83' lang='lat' dir='ltr'>potestate-m</span> <span class='ocrx_word' id='word_1_108' title='bbox 784 1913 982 1998; x_wconf 78' lang='lat' dir='ltr'>spiritualem</span> <span class='ocrx_word' id='word_1_109' title='bbox 1014 1917 1049 1977; x_wconf 81' lang='lat' dir='ltr'>io</span> <span class='ocrx_word' id='word_1_110' title='bbox 1079 1916 1142 1978; x_wconf 83' lang='lat' dir='ltr'>eice</span> 
     </span>
    </p>
   </div>
   <div class='ocr_carea' id='block_1_3' title="bbox 27 2010 1144 2098">
    <p class='ocr_par' dir='ltr' id='par_1_3' title="bbox 27 2010 1144 2098">
     <span class='ocr_line' id='line_1_16' title="bbox 27 2010 1144 2098; baseline 0.002 -26"><span class='ocrx_word' id='word_1_111' title='bbox 27 2015 118 2076; x_wconf 75' lang='lat' dir='ltr'>sancti</span> <span class='ocrx_word' id='word_1_112' title='bbox 139 2013 230 2076; x_wconf 83' lang='lat' dir='ltr'>Petri</span> <span class='ocrx_word' id='word_1_113' title='bbox 247 2011 396 2098; x_wconf 74' lang='lat' dir='ltr'>Apostoli</span> <span class='ocrx_word' id='word_1_114' title='bbox 418 2011 549 2074; x_wconf 83' lang='lat' dir='ltr'>creduut</span> <span class='ocrx_word' id='word_1_115' title='bbox 574 2010 836 2092; x_wconf 80' lang='lat' dir='ltr'>indubitorrtcr¹).</span> <span class='ocrx_word' id='word_1_116' title='bbox 861 2050 903 2058; x_wconf 94' lang='lat'><strong>—</strong></span> <span class='ocrx_word' id='word_1_117' title='bbox 927 2011 1077 2075; x_wconf 78' lang='lat' dir='ltr'>Mortuus</span> <span class='ocrx_word' id='word_1_118' title='bbox 1095 2021 1144 2076; x_wconf 87' lang='lat' dir='ltr'>est</span> 
     </span>
    </p>
   </div>
   <div class='ocr_carea' id='block_1_4' title="bbox 18 2103 1311 2786">
    <p class='ocr_par' dir='ltr' id='par_1_4' title="bbox 18 2103 1311 2490">
     <span class='ocr_line' id='line_1_17' title="bbox 26 2103 1311 2206; baseline 0 -34"><span class='ocrx_word' id='word_1_119' title='bbox 26 2135 45 2172; x_wconf 82' lang='lat' dir='ltr'>s.</span> <span class='ocrx_word' id='word_1_120' title='bbox 67 2111 252 2195; x_wconf 79' lang='lat' dir='ltr'>Gregorius</span> <span class='ocrx_word' id='word_1_121' title='bbox 276 2109 341 2172; x_wconf 93' lang='lat' dir='ltr'>VII</span> <span class='ocrx_word' id='word_1_122' title='bbox 380 2109 433 2172; x_wconf 89' lang='lat' dir='ltr'>die</span> <span class='ocrx_word' id='word_1_123' title='bbox 458 2109 518 2172; x_wconf 76' lang='lat'>250</span> <span class='ocrx_word' id='word_1_124' title='bbox 542 2109 623 2198; x_wconf 77' lang='lat' dir='ltr'>llaji</span> <span class='ocrx_word' id='word_1_125' title='bbox 659 2111 739 2172; x_wconf 86' lang='lat' dir='ltr'>anni</span> <span class='ocrx_word' id='word_1_126' title='bbox 766 2110 861 2174; x_wconf 80' lang='lat'>1085.</span> <span class='ocrx_word' id='word_1_127' title='bbox 913 2109 975 2173; x_wconf 84' lang='lat' dir='ltr'>Uli</span> <span class='ocrx_word' id='word_1_128' title='bbox 1005 2133 1077 2174; x_wconf 79' lang='lat' dir='ltr'>vero</span> <span class='ocrx_word' id='word_1_129' title='bbox 1110 2103 1311 2206; x_wconf 56' lang='lat' dir='ltr'>,ns-orppruvu</span> 
     </span>
     <span class='ocr_line' id='line_1_18' title="bbox 26 2195 1267 2297; baseline 0.002 -27"><span class='ocrx_word' id='word_1_130' title='bbox 26 2213 162 2274; x_wconf 71' lang='lat' dir='ltr'>rrtremis</span> <span class='ocrx_word' id='word_1_131' title='bbox 176 2211 301 2295; x_wconf 86' lang='lat' dir='ltr'>positus</span> <span class='ocrx_word' id='word_1_132' title='bbox 317 2217 395 2286; x_wconf 84' lang='lat' dir='ltr'>erut,</span> <span class='ocrx_word' id='word_1_133' title='bbox 419 2207 533 2270; x_wconf 83' lang='lat' dir='ltr'>ultimo</span> <span class='ocrx_word' id='word_1_134' title='bbox 558 2213 624 2297; x_wconf 67' lang='lat' dir='ltr'>epos</span> <span class='ocrx_word' id='word_1_135' title='bbox 647 2207 743 2271; x_wconf 82' lang='lat' dir='ltr'>rerba</span> <span class='ocrx_word' id='word_1_136' title='bbox 766 2209 841 2272; x_wconf 82' lang='lat' dir='ltr'>daec</span> <span class='ocrx_word' id='word_1_137' title='bbox 856 2207 1009 2293; x_wconf 75' lang='lat' dir='ltr'>ficerunt:</span> <span class='ocrx_word' id='word_1_138' title='bbox 1032 2205 1146 2272; x_wconf 85' lang='lat' dir='ltr'>Dilerci</span> <span class='ocrx_word' id='word_1_139' title='bbox 1260 2195 1267 2208; x_wconf 57' lang='lat'>⁸</span> 
     </span>
     <span class='ocr_line' id='line_1_19' title="bbox 18 2305 1143 2395; baseline -0.001 -24"><span class='ocrx_word' id='word_1_140' title='bbox 18 2311 183 2395; x_wconf 79' lang='lat' dir='ltr'>justitium,</span> <span class='ocrx_word' id='word_1_141' title='bbox 223 2317 251 2369; x_wconf 81' lang='lat' dir='ltr'>et</span> <span class='ocrx_word' id='word_1_142' title='bbox 283 2306 338 2369; x_wconf 83' lang='lat' dir='ltr'>odi</span> <span class='ocrx_word' id='word_1_143' title='bbox 368 2307 579 2390; x_wconf 77' lang='lat' dir='ltr'>iniquitatem,</span> <span class='ocrx_word' id='word_1_144' title='bbox 613 2315 787 2391; x_wconf 80' lang='lat' dir='ltr'>propterea</span> <span class='ocrx_word' id='word_1_145' title='bbox 818 2307 935 2369; x_wconf 84' lang='lat' dir='ltr'>morior</span> <span class='ocrx_word' id='word_1_146' title='bbox 969 2308 1001 2368; x_wconf 84' lang='lat' dir='ltr'>in</span> <span class='ocrx_word' id='word_1_147' title='bbox 1036 2305 1143 2370; x_wconf 77' lang='lat' dir='ltr'>erilio.</span> 
     </span>
     <span class='ocr_line' id='line_1_20' title="bbox 27 2401 1144 2490; baseline -0.001 -22"><span class='ocrx_word' id='word_1_148' title='bbox 27 2405 198 2478; x_wconf 79' lang='lat' dir='ltr'>Quocontro</span> <span class='ocrx_word' id='word_1_149' title='bbox 223 2405 352 2488; x_wconf 80' lang='lat' dir='ltr'>quidam</span> <span class='ocrx_word' id='word_1_150' title='bbox 385 2401 576 2466; x_wconf 74' lang='lat' dir='ltr'>venerabilis</span> <span class='ocrx_word' id='word_1_151' title='bbox 609 2405 774 2490; x_wconf 64' lang='lat' dir='ltr'>‹priscopue</span> <span class='ocrx_word' id='word_1_152' title='bbox 801 2405 1000 2490; x_wconf 78' lang='lat' dir='ltr'>respondisse</span> <span class='ocrx_word' id='word_1_153' title='bbox 1031 2429 1144 2468; x_wconf 74' lang='lat' dir='ltr'>iterra·</span> 
     </span>
    </p>

    <p class='ocr_par' dir='ltr' id='par_1_5' title="bbox 23 2500 1147 2589">
     <span class='ocr_line' id='line_1_21' title="bbox 23 2500 1147 2589; baseline 0.004 -28"><span class='ocrx_word' id='word_1_154' title='bbox 23 2515 82 2567; x_wconf 84' lang='lat' dir='ltr'>tur:</span> <span class='ocrx_word' id='word_1_155' title='bbox 107 2507 186 2568; x_wconf 73' lang='lat' dir='ltr'>Non</span> <span class='ocrx_word' id='word_1_156' title='bbox 207 2513 309 2589; x_wconf 82' lang='lat' dir='ltr'>potes,</span> <span class='ocrx_word' id='word_1_157' title='bbox 335 2501 480 2580; x_wconf 82' lang='lat' dir='ltr'>Domine,</span> <span class='ocrx_word' id='word_1_158' title='bbox 507 2503 586 2564; x_wconf 79' lang='lat' dir='ltr'>osori</span> <span class='ocrx_word' id='word_1_159' title='bbox 610 2505 642 2564; x_wconf 82' lang='lat' dir='ltr'>iu</span> <span class='ocrx_word' id='word_1_160' title='bbox 667 2503 775 2580; x_wconf 77' lang='lat' dir='ltr'>csilio,</span> <span class='ocrx_word' id='word_1_161' title='bbox 800 2504 855 2588; x_wconf 82' lang='lat' dir='ltr'>qui</span> <span class='ocrx_word' id='word_1_162' title='bbox 878 2503 912 2564; x_wconf 83' lang='lat' dir='ltr'>iu</span> <span class='ocrx_word' id='word_1_163' title='bbox 936 2504 999 2564; x_wconf 83' lang='lat' dir='ltr'>uice</span> <span class='ocrx_word' id='word_1_164' title='bbox 1027 2500 1147 2566; x_wconf 70' lang='lat' dir='ltr'>Christi</span> 
     </span>
    </p>

    <p class='ocr_par' dir='ltr' id='par_1_6' title="bbox 23 2599 1145 2689">
     <span class='ocr_line' id='line_1_22' title="bbox 23 2599 1145 2689; baseline 0 -25"><span class='ocrx_word' id='word_1_165' title='bbox 23 2614 46 2664; x_wconf 79' lang='lat' dir='ltr'>st</span> <span class='ocrx_word' id='word_1_166' title='bbox 66 2601 295 2689; x_wconf 78' lang='lat' dir='ltr'>Apostolorum</span> <span class='ocrx_word' id='word_1_167' title='bbox 328 2605 394 2688; x_wconf 84' lang='lat' dir='ltr'>ejus</span> <span class='ocrx_word' id='word_1_168' title='bbox 427 2599 581 2664; x_wconf 79' lang='lat' dir='ltr'>divinitus</span> <span class='ocrx_word' id='word_1_169' title='bbox 610 2601 760 2685; x_wconf 81' lang='lat' dir='ltr'>accepisti</span> <span class='ocrx_word' id='word_1_170' title='bbox 782 2611 889 2684; x_wconf 73' lang='lat' dir='ltr'>pentes</span> <span class='ocrx_word' id='word_1_171' title='bbox 919 2601 1145 2664; x_wconf 78' lang='lat' dir='ltr'>haereditatem</span> 
     </span>
    </p>

    <p class='ocr_par' dir='ltr' id='par_1_7' title="bbox 22 2695 1293 2786">
     <span class='ocr_line' id='line_1_23' title="bbox 22 2695 1293 2786; baseline 0 -26"><span class='ocrx_word' id='word_1_172' title='bbox 22 2711 46 2762; x_wconf 79' lang='lat' dir='ltr'>et</span> <span class='ocrx_word' id='word_1_173' title='bbox 60 2702 296 2786; x_wconf 80' lang='lat' dir='ltr'>possessiouem</span> <span class='ocrx_word' id='word_1_174' title='bbox 319 2699 468 2762; x_wconf 74' lang='lat' dir='ltr'>terminos</span> <span class='ocrx_word' id='word_1_175' title='bbox 492 2695 641 2783; x_wconf 51' lang='lat' dir='ltr'>terrast).</span> <span class='ocrx_word' id='word_1_176' title='bbox 1288 2711 1293 2740; x_wconf 80' lang='lat'><strong>·</strong></span> 
     </span>
    </p>
   </div>
   <div class='ocr_carea' id='block_1_5' title="bbox 15 2827 1402 3910">
    <p class='ocr_par' dir='ltr' id='par_1_8' title="bbox 15 2827 1402 3910">
     <span class='ocr_line' id='line_1_24' title="bbox 103 2827 1143 2916; baseline 0 -20"><span class='ocrx_word' id='word_1_177' title='bbox 103 2834 180 2899; x_wconf 88' lang='lat'>101.</span> <span class='ocrx_word' id='word_1_178' title='bbox 230 2827 420 2915; x_wconf 85' lang='lat' dir='ltr'>Opinantur</span> <span class='ocrx_word' id='word_1_179' title='bbox 454 2830 567 2916; x_wconf 87' lang='lat' dir='ltr'>aliqui,</span> <span class='ocrx_word' id='word_1_180' title='bbox 608 2853 649 2893; x_wconf 82' lang='lat' dir='ltr'>ex</span> <span class='ocrx_word' id='word_1_181' title='bbox 683 2829 809 2893; x_wconf 89' lang='lat' dir='ltr'>ultimis</span> <span class='ocrx_word' id='word_1_182' title='bbox 845 2830 957 2894; x_wconf 84' lang='lat' dir='ltr'>verbis</span> <span class='ocrx_word' id='word_1_183' title='bbox 991 2832 1143 2916; x_wconf 83' lang='lat' dir='ltr'>Gregorii</span> 
     </span>
     <span class='ocr_line' id='line_1_25' title="bbox 20 2927 1143 3016; baseline 0.001 -23"><span class='ocrx_word' id='word_1_184' title='bbox 20 2930 133 3016; x_wconf 88' lang='lat' dir='ltr'>colligi,</span> <span class='ocrx_word' id='word_1_185' title='bbox 161 2951 239 2993; x_wconf 90' lang='lat' dir='ltr'>eum</span> <span class='ocrx_word' id='word_1_186' title='bbox 264 2937 430 2992; x_wconf 91' lang='lat' dir='ltr'>mortuum</span> <span class='ocrx_word' id='word_1_187' title='bbox 455 2951 525 2992; x_wconf 87' lang='lat' dir='ltr'>esse</span> <span class='ocrx_word' id='word_1_188' title='bbox 549 2929 660 2992; x_wconf 90' lang='lat' dir='ltr'>animo</span> <span class='ocrx_word' id='word_1_189' title='bbox 685 2927 782 2992; x_wconf 87' lang='lat' dir='ltr'>valde</span> <span class='ocrx_word' id='word_1_190' title='bbox 807 2928 930 2993; x_wconf 86' lang='lat' dir='ltr'>afflicto</span> <span class='ocrx_word' id='word_1_191' title='bbox 955 2939 988 2992; x_wconf 90' lang='lat' dir='ltr'>et</span> <span class='ocrx_word' id='word_1_192' title='bbox 1004 2928 1143 3016; x_wconf 89' lang='lat' dir='ltr'>dejecto,</span> 
     </span>
     <span class='ocr_line' id='line_1_26' title="bbox 21 3025 1143 3114; baseline -0.003 -23"><span class='ocrx_word' id='word_1_193' title='bbox 21 3030 101 3114; x_wconf 91' lang='lat' dir='ltr'>qnod</span> <span class='ocrx_word' id='word_1_194' title='bbox 127 3029 271 3092; x_wconf 85' lang='lat' dir='ltr'>victoria</span> <span class='ocrx_word' id='word_1_195' title='bbox 295 3027 404 3111; x_wconf 90' lang='lat' dir='ltr'>potius</span> <span class='ocrx_word' id='word_1_196' title='bbox 434 3026 477 3091; x_wconf 84' lang='lat' dir='ltr'>ab</span> <span class='ocrx_word' id='word_1_197' title='bbox 502 3027 704 3090; x_wconf 87' lang='lat' dir='ltr'>adversariis</span> <span class='ocrx_word' id='word_1_198' title='bbox 734 3035 901 3112; x_wconf 84' lang='lat' dir='ltr'>reportata</span> <span class='ocrx_word' id='word_1_199' title='bbox 925 3027 1094 3091; x_wconf 91' lang='lat' dir='ltr'>videretur</span> <span class='ocrx_word' id='word_1_200' title='bbox 1107 3025 1143 3112; x_wconf 81' lang='lat'>³).</span> 
     </span>
     <span class='ocr_line' id='line_1_27' title="bbox 18 3121 1144 3210; baseline -0.003 -19"><span class='ocrx_word' id='word_1_201' title='bbox 18 3123 77 3191; x_wconf 87' lang='lat' dir='ltr'>Sed</span> <span class='ocrx_word' id='word_1_202' title='bbox 102 3147 290 3206; x_wconf 89' lang='lat' dir='ltr'>censemus,</span> <span class='ocrx_word' id='word_1_203' title='bbox 316 3121 380 3188; x_wconf 90' lang='lat' dir='ltr'>illis</span> <span class='ocrx_word' id='word_1_204' title='bbox 405 3124 516 3189; x_wconf 88' lang='lat' dir='ltr'>verbis</span> <span class='ocrx_word' id='word_1_205' title='bbox 537 3125 745 3210; x_wconf 87' lang='lat' dir='ltr'>potissimum</span> <span class='ocrx_word' id='word_1_206' title='bbox 763 3127 905 3210; x_wconf 85' lang='lat' dir='ltr'>exprimi</span> <span class='ocrx_word' id='word_1_207' title='bbox 920 3125 1144 3189; x_wconf 87' lang='lat' dir='ltr'>firmissimam</span> 
     </span>
     <span class='ocr_line' id='line_1_28' title="bbox 17 3223 1145 3303; baseline 0 -17"><span class='ocrx_word' id='word_1_208' title='bbox 17 3223 189 3290; x_wconf 90' lang='lat' dir='ltr'>Pontificis</span> <span class='ocrx_word' id='word_1_209' title='bbox 223 3233 367 3286; x_wconf 89' lang='lat' dir='ltr'>mentem</span> <span class='ocrx_word' id='word_1_210' title='bbox 399 3232 432 3288; x_wconf 91' lang='lat' dir='ltr'>et</span> <span class='ocrx_word' id='word_1_211' title='bbox 463 3224 717 3303; x_wconf 87' lang='lat' dir='ltr'>conscientiam,</span> <span class='ocrx_word' id='word_1_212' title='bbox 754 3247 788 3287; x_wconf 89' lang='lat' dir='ltr'>se</span> <span class='ocrx_word' id='word_1_213' title='bbox 828 3223 911 3287; x_wconf 91' lang='lat' dir='ltr'>nihil</span> <span class='ocrx_word' id='word_1_214' title='bbox 940 3223 1030 3288; x_wconf 89' lang='lat' dir='ltr'>aliud</span> <span class='ocrx_word' id='word_1_215' title='bbox 1062 3224 1145 3287; x_wconf 88' lang='lat' dir='ltr'>actis</span> 
     </span>
     <span class='ocr_line' id='line_1_29' title="bbox 16 3321 1145 3408; baseline 0 -24"><span class='ocrx_word' id='word_1_216' title='bbox 16 3325 78 3387; x_wconf 88' lang='lat' dir='ltr'>suis</span> <span class='ocrx_word' id='word_1_217' title='bbox 110 3323 271 3408; x_wconf 86' lang='lat' dir='ltr'>luctaque</span> <span class='ocrx_word' id='word_1_218' title='bbox 307 3329 459 3406; x_wconf 86' lang='lat' dir='ltr'>suscepta</span> <span class='ocrx_word' id='word_1_219' title='bbox 489 3330 700 3406; x_wconf 90' lang='lat' dir='ltr'>prosecutum</span> <span class='ocrx_word' id='word_1_220' title='bbox 731 3321 842 3403; x_wconf 85' lang='lat' dir='ltr'>fuisse,</span> <span class='ocrx_word' id='word_1_221' title='bbox 880 3323 942 3385; x_wconf 92' lang='lat' dir='ltr'>nisi</span> <span class='ocrx_word' id='word_1_222' title='bbox 974 3321 1145 3386; x_wconf 81' lang='lat' dir='ltr'>Ecclesiae</span> 
     </span>
     <span class='ocr_line' id='line_1_30' title="bbox 17 3418 1145 3506; baseline 0 -23"><span class='ocrx_word' id='word_1_223' title='bbox 17 3419 150 3503; x_wconf 79' lang='lat' dir='ltr'>bonum,</span> <span class='ocrx_word' id='word_1_224' title='bbox 186 3429 218 3482; x_wconf 89' lang='lat' dir='ltr'>et</span> <span class='ocrx_word' id='word_1_225' title='bbox 249 3441 307 3505; x_wconf 90' lang='lat' dir='ltr'>pro</span> <span class='ocrx_word' id='word_1_226' title='bbox 335 3441 435 3483; x_wconf 88' lang='lat' dir='ltr'>causa</span> <span class='ocrx_word' id='word_1_227' title='bbox 468 3419 653 3504; x_wconf 82' lang='lat' dir='ltr'>justissima</span> <span class='ocrx_word' id='word_1_228' title='bbox 678 3441 711 3483; x_wconf 92' lang='lat' dir='ltr'>se</span> <span class='ocrx_word' id='word_1_229' title='bbox 737 3419 823 3484; x_wconf 84' lang='lat' dir='ltr'>malo</span> <span class='ocrx_word' id='word_1_230' title='bbox 847 3418 1051 3506; x_wconf 84' lang='lat' dir='ltr'>exiliumque</span> <span class='ocrx_word' id='word_1_231' title='bbox 1076 3442 1145 3506; x_wconf 87' lang='lat' dir='ltr'>per-</span> 
     </span>
     <span class='ocr_line' id='line_1_31' title="bbox 15 3515 1146 3603; baseline 0.002 -23"><span class='ocrx_word' id='word_1_232' title='bbox 15 3519 107 3585; x_wconf 86' lang='lat' dir='ltr'>ferre.</span> <span class='ocrx_word' id='word_1_233' title='bbox 142 3517 320 3582; x_wconf 83' lang='lat' dir='ltr'>Caeterum</span> <span class='ocrx_word' id='word_1_234' title='bbox 345 3539 460 3581; x_wconf 84' lang='lat' dir='ltr'>verum</span> <span class='ocrx_word' id='word_1_235' title='bbox 486 3526 544 3596; x_wconf 90' lang='lat' dir='ltr'>est,</span> <span class='ocrx_word' id='word_1_236' title='bbox 569 3539 607 3580; x_wconf 89' lang='lat' dir='ltr'>eo</span> <span class='ocrx_word' id='word_1_237' title='bbox 632 3528 779 3603; x_wconf 88' lang='lat' dir='ltr'>tempore</span> <span class='ocrx_word' id='word_1_238' title='bbox 803 3539 868 3603; x_wconf 90' lang='lat' dir='ltr'>quo</span> <span class='ocrx_word' id='word_1_239' title='bbox 882 3515 1062 3603; x_wconf 85' lang='lat' dir='ltr'>Gregorius</span> <span class='ocrx_word' id='word_1_240' title='bbox 1078 3517 1146 3582; x_wconf 88' lang='lat' dir='ltr'>VII</span> 
     </span>
     <span class='ocr_line' id='line_1_32' title="bbox 17 3613 1144 3702; baseline 0.001 -23"><span class='ocrx_word' id='word_1_241' title='bbox 17 3617 222 3681; x_wconf 85' lang='lat' dir='ltr'>moriebatur</span> <span class='ocrx_word' id='word_1_242' title='bbox 246 3617 335 3679; x_wconf 87' lang='lat' dir='ltr'>visos</span> <span class='ocrx_word' id='word_1_243' title='bbox 358 3615 459 3678; x_wconf 86' lang='lat' dir='ltr'>fuisse</span> <span class='ocrx_word' id='word_1_244' title='bbox 484 3613 712 3680; x_wconf 86' lang='lat' dir='ltr'>schismaticos</span> <span class='ocrx_word' id='word_1_245' title='bbox 737 3625 769 3678; x_wconf 92' lang='lat' dir='ltr'>et</span> <span class='ocrx_word' id='word_1_246' title='bbox 793 3616 913 3700; x_wconf 88' lang='lat' dir='ltr'>impios</span> <span class='ocrx_word' id='word_1_247' title='bbox 937 3616 1144 3702; x_wconf 87' lang='lat' dir='ltr'>triumphurn</span> 
     </span>
     <span class='ocr_line' id='line_1_33' title="bbox 16 3712 1144 3800; baseline -0.002 -21"><span class='ocrx_word' id='word_1_248' title='bbox 16 3715 197 3800; x_wconf 89' lang='lat' dir='ltr'>quemdam</span> <span class='ocrx_word' id='word_1_249' title='bbox 230 3721 408 3798; x_wconf 87' lang='lat' dir='ltr'>reportare.</span> <span class='ocrx_word' id='word_1_250' title='bbox 455 3712 613 3776; x_wconf 84' lang='lat' dir='ltr'>Attamen</span> <span class='ocrx_word' id='word_1_251' title='bbox 646 3713 802 3777; x_wconf 83' lang='lat' dir='ltr'>Pontifex</span> <span class='ocrx_word' id='word_1_252' title='bbox 848 3715 961 3797; x_wconf 87' lang='lat' dir='ltr'>vigore</span> <span class='ocrx_word' id='word_1_253' title='bbox 1002 3714 1144 3799; x_wconf 89' lang='lat' dir='ltr'>sapienti</span> 
     </span>
     <span class='ocr_line' id='line_1_34' title="bbox 16 3809 1402 3910; baseline -0.001 -34"><span class='ocrx_word' id='word_1_254' title='bbox 16 3835 77 3898; x_wconf 91' lang='lat' dir='ltr'>quo</span> <span class='ocrx_word' id='word_1_255' title='bbox 101 3813 273 3898; x_wconf 89' lang='lat' dir='ltr'>principia</span> <span class='ocrx_word' id='word_1_256' title='bbox 297 3833 377 3874; x_wconf 88' lang='lat' dir='ltr'>vera</span> <span class='ocrx_word' id='word_1_257' title='bbox 407 3833 446 3874; x_wconf 82' lang='lat' dir='ltr'>ac</span> <span class='ocrx_word' id='word_1_258' title='bbox 465 3811 543 3898; x_wconf 88' lang='lat' dir='ltr'>jura</span> <span class='ocrx_word' id='word_1_259' title='bbox 566 3809 736 3874; x_wconf 85' lang='lat' dir='ltr'>Ecclesiae</span> <span class='ocrx_word' id='word_1_260' title='bbox 760 3810 986 3875; x_wconf 84' lang='lat' dir='ltr'>affirmaverat</span> <span class='ocrx_word' id='word_1_261' title='bbox 1018 3821 1050 3874; x_wconf 87' lang='lat' dir='ltr'>et</span> <span class='ocrx_word' id='word_1_262' title='bbox 1073 3833 1145 3896; x_wconf 89' lang='lat' dir='ltr'>pro·</span> <span class='ocrx_word' id='word_1_263' title='bbox 1382 3855 1402 3910; x_wconf 66' lang='lat'><em>9</em></span> 
     </span>
    </p>
   </div>
   <div class='ocr_carea' id='block_1_6' title="bbox 87 4041 1145 4114">
    <p class='ocr_par' dir='ltr' id='par_1_9' title="bbox 87 4041 1145 4114">
     <span class='ocr_line' id='line_1_35' title="bbox 87 4041 1145 4114; baseline -0.005 -17"><span class='ocrx_word' id='word_1_264' title='bbox 87 4046 108 4114; x_wconf 88' lang='lat'>¹)</span> <span class='ocrx_word' id='word_1_265' title='bbox 129 4042 259 4097; x_wconf 79' lang='lat' dir='ltr'>Urbanus</span> <span class='ocrx_word' id='word_1_266' title='bbox 278 4042 305 4094; x_wconf 91' lang='lat' dir='ltr'>ll</span> <span class='ocrx_word' id='word_1_267' title='bbox 329 4043 408 4106; x_wconf 82' lang='lat' dir='ltr'>(Otto</span> <span class='ocrx_word' id='word_1_268' title='bbox 427 4041 555 4104; x_wconf 74' lang='lat' dir='ltr'>Ostiensi</span> <span class='ocrx_word' id='word_1_269' title='bbox 581 4042 608 4094; x_wconf 92' lang='lat' dir='ltr'>in</span> <span class='ocrx_word' id='word_1_270' title='bbox 629 4057 669 4108; x_wconf 85' lang='lat' dir='ltr'>ep.</span> <span class='ocrx_word' id='word_1_271' title='bbox 690 4057 731 4110; x_wconf 85' lang='lat' dir='ltr'>ap.</span> <span class='ocrx_word' id='word_1_272' title='bbox 751 4041 861 4109; x_wconf 84' lang='lat' dir='ltr'>Hngon.</span> <span class='ocrx_word' id='word_1_273' title='bbox 882 4042 1001 4096; x_wconf 78' lang='lat' dir='ltr'>Flaviae.</span> <span class='ocrx_word' id='word_1_274' title='bbox 1026 4048 1145 4095; x_wconf 82' lang='lat' dir='ltr'>servata.</span> 
     </span>
    </p>
   </div>
   <div class='ocr_carea' id='block_1_7' title="bbox 16 4120 1037 4270">
    <p class='ocr_par' dir='ltr' id='par_1_10' title="bbox 16 4120 1037 4270">
     <span class='ocr_line' id='line_1_36' title="bbox 16 4120 306 4186; baseline 0 -10"><span class='ocrx_word' id='word_1_275' title='bbox 16 4123 185 4186; x_wconf 71' lang='lat' dir='ltr'>witterico,</span> <span class='ocrx_word' id='word_1_276' title='bbox 204 4122 225 4176; x_wconf 92' lang='lat' dir='ltr'>l.</span> <span class='ocrx_word' id='word_1_277' title='bbox 244 4120 306 4176; x_wconf 75' lang='lat'><strong>473.</strong></span> 
     </span>
     <span class='ocr_line' id='line_1_37' title="bbox 88 4199 1037 4270; baseline -0.001 -14"><span class='ocrx_word' id='word_1_278' title='bbox 88 4205 111 4270; x_wconf 83' lang='lat'>²)</span> <span class='ocrx_word' id='word_1_279' title='bbox 131 4203 212 4256; x_wconf 85' lang='lat' dir='ltr'>Penl.</span> <span class='ocrx_word' id='word_1_280' title='bbox 232 4201 369 4256; x_wconf 87' lang='lat' dir='ltr'>Bernried.</span> <span class='ocrx_word' id='word_1_281' title='bbox 389 4201 417 4254; x_wconf 94' lang='lat' dir='ltr'>in</span> <span class='ocrx_word' id='word_1_282' title='bbox 437 4199 504 4254; x_wconf 91' lang='lat' dir='ltr'>Vita</span> <span class='ocrx_word' id='word_1_283' title='bbox 522 4200 649 4269; x_wconf 81' lang='lat' dir='ltr'>Gregorii</span> <span class='ocrx_word' id='word_1_284' title='bbox 668 4199 731 4256; x_wconf 86' lang='lat' dir='ltr'>Vll.</span> <span class='ocrx_word' id='word_1_285' title='bbox 752 4199 915 4267; x_wconf 83' lang='lat' dir='ltr'>Watterich,</span> <span class='ocrx_word' id='word_1_286' title='bbox 935 4203 956 4256; x_wconf 92' lang='grc' dir='ltr'>Ι.</span> <span class='ocrx_word' id='word_1_287' title='bbox 976 4205 1037 4256; x_wconf 74' lang='grc'><strong>540.</strong></span> 
     </span>
    </p>
   </div>
   <div class='ocr_carea' id='block_1_8' title="bbox 85 4279 811 4354">
    <p class='ocr_par' dir='ltr' id='par_1_11' title="bbox 85 4279 811 4354">
     <span class='ocr_line' id='line_1_38' title="bbox 85 4279 811 4354; baseline 0.001 -19"><span class='ocrx_word' id='word_1_288' title='bbox 85 4287 111 4354; x_wconf 75' lang='lat'>⁸)</span> <span class='ocrx_word' id='word_1_289' title='bbox 131 4285 278 4349; x_wconf 74' lang='lat' dir='ltr'>Remotio,</span> <span class='ocrx_word' id='word_1_290' title='bbox 298 4281 392 4338; x_wconf 82' lang='lat' dir='ltr'>Gesch.</span> <span class='ocrx_word' id='word_1_291' title='bbox 411 4280 437 4337; x_wconf 90' lang='lat' dir='ltr'>d.</span> <span class='ocrx_word' id='word_1_292' title='bbox 456 4279 537 4336; x_wconf 77' lang='lat' dir='ltr'>stadt</span> <span class='ocrx_word' id='word_1_293' title='bbox 555 4281 630 4346; x_wconf 81' lang='lat' dir='ltr'>Rom,</span> <span class='ocrx_word' id='word_1_294' title='bbox 649 4281 686 4336; x_wconf 90' lang='lat' dir='ltr'>Il.</span> <span class='ocrx_word' id='word_1_295' title='bbox 705 4297 730 4348; x_wconf 86' lang='lat' dir='ltr'>p.</span> <span class='ocrx_word' id='word_1_296' title='bbox 749 4281 811 4336; x_wconf 72' lang='lat'><strong>385.</strong></span> 
     </span>
    </p>
   </div>
   <div class='ocr_carea' id='block_1_9' title="bbox 67 4371 1003 4434">
    <p class='ocr_par' dir='ltr' id='par_1_12' title="bbox 67 4371 1003 4434">
     <span class='ocr_line' id='line_1_39' title="bbox 67 4371 1003 4434; baseline -0.005 -11"><span class='ocrx_word' id='word_1_297' title='bbox 67 4387 217 4434; x_wconf 74' lang='lat' dir='ltr'>Jnngmnnn,</span> <span class='ocrx_word' id='word_1_298' title='bbox 232 4383 418 4422; x_wconf 73' lang='lat' dir='ltr'>Itisnertationes.</span> <span class='ocrx_word' id='word_1_299' title='bbox 433 4383 498 4421; x_wconf 76' lang='lat' dir='ltr'>l&#39;om.</span> <span class='ocrx_word' id='word_1_300' title='bbox 515 4383 554 4421; x_wconf 81' lang='lat' dir='ltr'>tv.</span> <span class='ocrx_word' id='word_1_301' title='bbox 968 4371 1003 4424; x_wconf 81' lang='grc'>20</span> 
     </span>
    </p>
   </div>
   <div class='ocr_carea' id='block_1_10' title="bbox 0 0 1480 4832">
    <p class='ocr_par' dir='ltr' id='par_1_13' title="bbox 0 0 1480 4832">
     <span class='ocr_line' id='line_1_40' title="bbox 0 0 1480 4832; baseline 0 1"><span class='ocrx_word' id='word_1_302' title='bbox 0 0 1480 4832; x_wconf 95' lang='lat' dir='ltr'> </span> 
     </span>
    </p>
   </div>
  </div>
 </body>
</html>
