3054 4834
350 519 353 526 ,
402 465 543 520 l'imliciae
565 466 590 520 S.
611 466 737 532 Gregorii
758 466 821 519 VII.
1143 463 1194 516 327

165 612 236 674 lta.
282 607 517 696 Difficultates,
554 629 638 694 quae
670 632 712 672 ex
730 609 821 673 hisce
846 609 952 672 effatis
976 617 1092 672 eontra
1115 606 1289 690 (ire-,M
1309 607 1369 650 ⁰¹¹ss-

83 710 201 790 gorium
224 707 301 786 VH,
326 716 359 770 et
382 729 424 769 ex
449 705 613 770 similibus
636 706 749 771 verbis
772 708 873 770 etiam
897 715 1012 770 contra
1035 676 1368 770 Innocen·¹'¹⁸⁵”⁸⁰¹⁵¹⁰'

83 807 156 870 tium
169 803 218 868 III
240 805 415 888 variosque
431 813 583 868 auctores
598 803 838 870 ecclesiasticos
855 812 1041 882 moventur,
1065 803 1197 887 penitus

83 902 252 984 diluuntur,
284 901 364 966 dum
394 901 580 966 advertitur
604 903 687 966 duas
711 903 920 988 quaestiones
952 901 1103 986 apprime
1127 923 1197 964 esse

82 999 333 1085 distinguendas.
380 998 496 1063 Altera
525 1001 680 1064 historica
711 1008 770 1080 est,
808 997 975 1080 videlicet,
1010 997 1099 1062 unde
1132 999 1199 1061 sint

83 1100 167 1162 initia
189 1098 361 1182 dignitatis
385 1096 438 1161 vel
460 1096 697 1162 dominationis
719 1098 841 1181 regiae.
888 1095 1002 1160 Altera
1027 1106 1077 1159 est
1093 1095 1197 1182 pbilo-

80 1199 197 1282 «apirian
227 1206 260 1260 et
288 1195 469 1281 tbeolopioa,
506 1194 664 1260 videlicet
694 1195 801 1281 qualis
831 1197 874 1260 sit
908 1196 995 1279 oriqo
1019 1217 1056 1258 ac
1071 1193 1195 1279 fronda-

82 1305 205 1358 natnn
234 1295 440 1358 auctoritatis
474 1293 593 1359 civilis.
642 1293 762 1374 Quoad
796 1295 937 1379 primam
970 1293 1195 1377 quaestionem

81 1392 261 1456 historicam
300 1414 341 1454 ss.
373 1391 487 1454 Patres
520 1390 734 1474 Ambrosius,
772 1392 994 1474 Augustinus,
1033 1390 1196 1474 Gregorii,

80 1490 191 1575 aliique
223 1491 401 1574 scriptores.
431 1491 552 1575 passim
585 1499 805 1571 asseruerunt,
841 1490 937 1554 initia
967 1490 1135 1552 servitutis
1165 1496 1198 1550 ct

81 1588 308 1653 dominationis
323 1589 444 1670 regiae,
470 1609 529 1651 seu
546 1589 646 1652 unius
660 1586 806 1652 bominis
830 1589 864 1650 in
889 1586 1011 1650 multos
1034 1586 1195 1663 homines,

80 1687 168 1750 foisse
191 1687 236 1750 ab
261 1685 452 1750 hominibus
477 1684 630 1748 violentis
661 1694 693 1749 et
716 1683 910 1766 ambitiosis,
944 1684 1050 1770 qualis
1074 1695 1144 1748 erat
1167 1707 1195 1747 e.

79 1805 105 1865 g.
120 1784 275 1864 Nemrod‚
301 1793 333 1846 et
348 1783 541 1868 plerumque
557 1805 617 1868 per
632 1784 860 1864 ambitionem,
879 1785 958 1862 vim,
984 1782 1088 1846 malas
1098 1791 1196 1864 artes,

81 1883 251 1962 instigante
287 1881 447 1944 ‹laemone
478 1880 642 1966 ejusmodi
668 1882 757 1944 viros
790 1880 1001 1965 tyrannidem
1027 1879 1195 1966 quandam

79 1980 260 2064 arripuisse.
307 1979 358 2042 Itu
389 1980 558 2042 existimat
593 2002 617 2043 s.
651 1979 873 2060 Augustinus,
912 1991 1030 2042 natura
1072 2001 1131 2041 sua
1164 1989 1197 2040 et

81 2078 175 2159 primo
201 2075 305 2140 veluti
324 2077 387 2140 Dei
413 2075 550 2141 consilio
574 2076 608 2141 id
624 2086 794 2156 statutum,
820 2086 856 2140 ut
868 2075 1019 2140 homines
1042 2075 1196 2162 aequales

80 2187 187 2254 essent,
212 2197 275 2239 nee
301 2173 446 2260 paribus,
471 2174 529 2238 sed
553 2183 679 2238 tantum
706 2173 905 2238 animalibus
930 2174 1195 2254 dominarentur3

80 2272 129 2336 sed
159 2283 234 2358 post
264 2280 438 2356 peccatum
470 2272 535 2336 Dei
561 2271 691 2356 judicio
721 2273 914 2336 servitutem
949 2272 1125 2336 multorum
1157 2293 1196 2334 ac

80 2370 329 2456 dependentium
354 2369 396 2432 ab
421 2391 486 2434 uno
510 2369 681 2436 inductam
698 2370 809 2434 fuisse.
841 2370 1043 2434 Rationalem
1057 2369 1196 2454 factum,

79 2470 119 2532 ait
140 2492 167 2534 e.
191 2491 223 2552 g.
251 2469 467 2552 Augustinus,
500 2467 543 2532 nd
566 2470 735 2552 imaginem
758 2491 847 2532 suam
877 2469 977 2532 voluit
1010 2468 1117 2554 (Deus
1141 2467 1195 2530 ho-

81 2569 207 2646 minem)
236 2567 300 2629 riisi
320 2565 600 2630 irrationabilibus
623 2567 793 2643 dominari,
817 2589 881 2629 non
897 2567 1048 2629 bominem
1068 2567 1196 2642 bomini,

79 2665 127 2726 aaa
147 2666 301 2728 bantineiis
318 2665 439 2750 pecori.
465 2713 472 2727 .
499 2713 505 2727 .
531 2713 539 2750 ,
566 2665 675 2726 Prima
699 2687 770 2750 erqo
795 2665 955 2728 servitutis
978 2687 1076 2727 cansa
1086 2687 1196 2749 pecca-

80 2773 135 2824 tum
158 2775 215 2839 est,
240 2774 275 2826 ut
289 2764 377 2826 Ῐιοηιο
393 2763 512 2826 bomiru
527 2762 721 2826 conditionis
736 2761 860 2826 analo
875 2761 1090 2851 subjiceretur,
1114 2761 1198 2846 quod

80 2881 134 2920 sion
157 2861 200 2942 Jit
237 2860 300 2922 nisi
322 2859 392 2922 Deo
416 2860 585 2947 judicante
597 2861 632 2940 ¹).
681 2859 822 2924 Societas
853 2860 951 2945 igitur
980 2882 1197 2946 usquequaque

80 2955 252 3020 mortalium
281 2956 404 3043 diffusa
427 2981 490 3044 per
518 2968 620 3021 terras
651 3010 657 3024 .
684 3008 691 3023 .
718 3007 724 3021 .
756 2957 911 3022 utilitates
942 2969 971 3022 et
1005 2956 1197 3043 erqriditates

78 3079 145 3118 euos
168 3055 339 3142 quibusque
364 3055 555 3119 sectant-ibus
585 3105 592 3118 .
619 3105 626 3118 .
653 3105 660 3118 .
691 3056 858 3120 adoreneum
881 3081 912 3120 se
936 3058 1040 3142 ipram
1058 3055 1196 3141 plerum·
1228 3053 1230 3059 ’

78 3177 128 3234 que
152 3153 319 3230 diuiditur,
344 3164 374 3216 et
395 3178 475 3238 pars
492 3165 621 3238 partein
645 3179 723 3238 quac
741 3152 911 3239 praevalet
935 3155 1094 3240 opprimit.
1121 3203 1128 3219 .
1155 3204 1161 3217 .
1188 3203 1195 3217 .

82 3249 158 3314 Iline
172 3251 300 3336 facturn
326 3263 382 3329 esa
413 3262 446 3314 nt
469 3275 532 3314 iren
556 3253 622 3314 sina
647 3252 710 3314 Dei
730 3252 945 3337 providentia,
975 3255 1008 3315 in
1032 3257 1119 3342 cujrss
1137 3277 1196 3339 po·

79 3359 181 3412 testate
205 3359 261 3428 est,
286 3360 320 3412 at
344 3351 471 3434 quisque
497 3348 577 3412 bello
602 3361 659 3413 citit
682 3350 864 3438 stubjuqetar
887 3361 942 3412 aut
956 3349 1108 3438 arlrjuqet,
1131 3351 1197 3436 qui·

78 3446 146 3528 tlara
178 3459 281 3512 essent
313 3449 418 3531 reqnis
442 3447 603 3534 praediti,
634 3447 764 3532 qnidam
798 3448 999 3532 reqrrantibua
1030 3449 1149 3514 subditi
1160 3449 1197 3527 ²).

82 3543 169 3609 lianc
202 3547 302 3630 igitur·
332 3547 540 3632 opinionem,
575 3569 641 3632 qus
673 3547 818 3610 historice
843 3547 938 3610 initia
963 3545 1198 3610 dominationis

80 3645 183 3726 regiae
215 3643 263 3731 (in
287 3643 452 3730 plerisque
478 3643 622 3726 casibus)
656 3643 833 3707 violentiae
858 3655 890 3708 et
914 3645 1117 3729 oppressioni
1143 3643 1198 3706 ad-

80 3739 272 3818 scribantur,
304 3742 428 3827 profert
459 3743 558 3805 ctiam
588 3741 768 3826 Gregorius
792 3739 868 3822 VII,
903 3751 934 3806 et
966 3763 1046 3827 prae
1076 3739 1198 3804 talibus

82 3838 179 3901 initiis
210 3838 354 3902 celebrat
387 3839 655 3924 praecellentiam
680 3839 852 3924 dignitatis
876 3839 1081 3924 episcopalis,
1114 3861 1198 3924 quae

80 3957 97 3994 a
120 3935 248 4000 Christo
273 3961 332 4000 sua
358 3939 452 4001 initia
476 3937 603 4003 babuit.

151 4258 169 4303 *ι
189 4256 227 4308 Ilo
247 4256 330 4309 civit.
353 4257 400 4309 lai
421 4257 494 4309 xlx.
519 4260 557 4312 lb.
706 4257 728 4324 Ἰ)
748 4257 816 4311 ibin.
837 4257 938 4309 XVIII.
959 4261 983 4309 ‘a
