2904 4834
309 525 364 581 378
625 521 714 579 XVII.
751 523 792 580 De
809 523 953 580 schismate
971 523 1114 582 Photisnc.

310 667 478 734 scribens:
506 665 598 741 Quod
616 665 800 732 horribilius
818 678 873 748 est,
898 667 1062 754 (Photius)
1087 668 1325 734 conciliabulum
1333 693 1413 756 prce·

309 767 433 832 aidcnte
465 765 620 830 Micbat'la
643 767 837 852 Imperatore
869 765 1005 852 collipit,
1030 765 1141 852 falsos
1172 767 1309 830 homines
1339 789 1413 853 quau

311 865 449 930 vicarios
472 863 673 928 orientalium
703 864 824 928 sedium
848 864 990 951 format,
1026 873 1223 930 accusatores
1254 863 1415 928 muneribus

310 972 417 1027 armat
448 973 478 1026 ct
509 962 682 1026 mendaciis
705 963 875 1042 construit,
909 972 1001 1026 testes
1024 983 1076 1025 eos
1107 962 1271 1042 adsciscit,
1304 984 1373 1048 quos
1393 971 1415 1022 et

310 1070 509 1124 commotores
532 1061 674 1146 opponit.
711 1059 844 1124 Judices
862 1083 1084 1144 nonnunquam
1107 1071 1137 1126 et
1159 1061 1195 1123 in
1211 1063 1348 1124 accusati
1354 1083 1416 1146 pcr-

309 1181 420 1222 sonam
444 1158 593 1234 admittit,
618 1179 762 1222 emccssus
777 1157 929 1243 qwsdam
952 1160 1046 1242 quasi
1062 1157 1214 1243 praefati
1227 1159 1337 1222 memmi
1351 1158 1416 1222 Pon·

312 1257 404 1340 tificis
417 1255 528 1340 finqs'c,
553 1255 709 1341 impinpit,
734 1265 764 1318 ct
786 1257 867 1320 sicut
883 1254 1033 1342 putabat,
1058 1256 1261 1320 damnatione
1286 1255 1376 1320 simul
1395 1265 1418 1318 ct

311 1353 509 1418 anathemate
536 1354 674 1438 panit.¹)
707 1389 751 1399 -
783 1351 835 1417 Ita
867 1353 966 1418 ctiam
998 1355 1173 1439 scriptores
1204 1355 1314 1437 masei
1347 1375 1373 1417 e.
1392 1373 1417 1436 g.

312 1449 544 1536 Metrophanes
568 1459 601 1514 et
623 1451 758 1514 Nicetas
781 1451 878 1515 istam
902 1449 1066 1536 synodum
1093 1471 1210 1516 revera
1233 1449 1417 1516 celebratam

312 1571 383 1614 esse
407 1558 570 1614 enarrant.

403 1674 455 1736 70.
481 1670 643 1752 Quamvis
666 1681 776 1736 autem
800 1671 1104 1757 pseudo-synodum
1127 1671 1218 1737 illam
1239 1691 1354 1735 revers
1375 1670 1420 1734 ha·

312 1771 417 1834 bitem
447 1791 518 1834 esse
549 1789 759 1852 censeamus,
795 1769 886 1836 hacid
916 1769 1055 1834 dubium
1083 1777 1148 1851 est,
1183 1769 1293 1856 plures
1323 1767 1421 1855 quoad

311 1867 374 1932 hoc
398 1866 656 1932 conciliabulum
672 1868 782 1932 Photii
806 1868 908 1932 fnisse
923 1865 1058 1932 fraudes
1072 1877 1105 1931 et
1121 1867 1279 1932 fictiones.
1318 1867 1422 1932 Finxit

311 1969 346 2030 in
379 1965 495 2030 eadem
527 1968 861 2052 repraesentationem
899 1963 1162 2051 patriarcharum
1195 1963 1342 2030 Orientis
1373 1983 1448 2048 par

310 2064 542 2149 apocrisiarios
565 2061 648 2128 falso
672 2063 881 2142 substitutum
906 2063 1040 2126 ridetur
1062 2063 1133 2148 ipse
1157 2061 1248 2125 hunc
1267 2061 1422 2126 charaeta
1447 2089 1448 2156 ξ

311 2180 380 2225 rem
404 2161 558 2225 tribuisse
582 2161 781 2246 quibusdam
801 2159 1002 2242 hominibus,
1027 2160 1155 2224 clericis
1179 2158 1233 2224 vel
1252 2157 1422 2235 monachis,
1447 2167 1448 2204 ³

310 2261 415 2345 ipsius
438 2257 580 2339 asseclis,
605 2259 662 2344 qui
686 2259 769 2323 forte
792 2281 835 2322 ex
859 2259 962 2322 variis
976 2256 1122 2323 Orientis
1143 2257 1336 2342 regionibus
1349 2255 1422 2320 Can·

308 2355 521 2442 stantinopoli
546 2355 695 2421 aderant.
742 2357 865 2440 Magna
888 2364 981 2443 purte
1009 2355 1134 2420 dixeris
1159 2355 1323 2442 synodum
1345 2373 1421 2418 com·
1447 2353 1448 2358 ’

310 2455 450 2539 positam
475 2475 516 2516 ex
540 2455 704 2539 episcopis
733 2456 789 2540 qui
815 2453 1101 2539 Constantinopoli
1125 2455 1304 2518 viciniores
1327 2462 1422 2516 crant

308 2561 343 2616 et
367 2573 409 2614 ex
432 2551 504 2616 aliis
528 2551 737 2637 quibusdem,
763 2553 819 2638 qui
844 2553 892 2614 uti
916 2550 952 2614 id
976 2559 1142 2614 assuetum
1169 2561 1248 2633 erat,
1274 2549 1422 2615 Conmen-

310 2648 448 2734 tinopoli
488 2647 530 2712 ob
563 2650 695 2734 negotia
728 2657 807 2714 tunc
840 2648 1061 2713 versabuntur
1092 2646 1241 2735 (σύνοδος
1273 2643 1422 2734 cbdnpoc).

309 2747 397 2811 Acta
421 2746 499 2812 dein
523 2745 622 2832 hujus
646 2746 784 2830 synodi,
817 2755 895 2811 vote
923 2756 955 2811 et
978 2745 1238 2832 subscriptiones
1262 2745 1423 2834 plurimas.

309 2847 381 2930 ipse
405 2843 543 2908 Photins
573 2844 800 2909 fraudulenter
824 2845 1025 2930 composuit,
1057 2851 1094 2907 ut
1118 2843 1338 2909 conciliabulo
1360 2863 1423 2928 spc-

307 2945 395 3006 ciem
407 2942 525 3027 synodi
537 2945 769 3007 oecumenicae
779 2941 954 3024 tribueret3
971 2941 1248 3027 subscriptionem
1258 2938 1424 3006 Michaelis

310 3039 522 3125 Imperatoris
551 3040 691 3104 refertur
714 3037 1043 3126 pseudo-patriarcha
1073 3039 1115 3104 ab
1139 3041 1211 3125 ipso
1234 3039 1326 3104 ebrio
1346 3037 1424 3102 obti-

310 3139 432 3219 nuisse,
457 3137 572 3202 Basilii
589 3138 865 3223 subscriptionem
882 3137 1031 3220 finxisse3
1055 3137 1154 3224 (forte
1166 3147 1277 3202 tamen
1289 3136 1425 3201 Basilius

307 3233 521 3320 subscripsit,
557 3235 614 3299 sed
647 3244 760 3320 postes
793 3235 828 3299 id
862 3235 1027 3300 inficiatus
1058 3233 1131 3321 est).
1177 3235 1230 3300 Ex
1254 3234 1423 3301 Anastasio

307 3332 422 3396 adhuc
445 3332 528 3396 haec
551 3331 592 3397 de
616 3331 703 3396 illius
727 3333 845 3417 synodi
870 3331 980 3398 indole
1000 3334 1093 3398 citari
1118 3343 1265 3418 possunt.
1308 3331 1423 3406 Verum,

308 3429 427 3494 scribit
458 3432 493 3495 in
515 3431 623 3496 Praei.
656 3430 701 3495 ad
724 3429 825 3497 Oonc.
850 3431 953 3513 VIII,
986 3433 1048 3496 istc
1069 3430 1235 3516 falsarius
1265 3429 1423 3518 [Phasim]

300 3529 466 3616 salsorum
485 3551 664 3592 sucessuum
685 3529 836 3593 odoerm
851 3531 1013 3607 ituantem,
1038 3528 1203 3606 absentem,
1228 3540 1258 3593 et
1272 3529 1424 3600 tamena,

311 3627 489 3690 mendacem
521 3626 655 3690 codicem
688 3627 854 3713 compilat,
890 3625 975 3690 mille
1008 3629 1132 3690 circiter
1154 3627 1328 3690 ontimitam
1357 3623 1423 3687 sub

308 3725 497 3810 scriptiones
512 3723 625 3812 falsas
647 3725 817 3804 interserit,
841 3723 904 3788 cibi
925 3725 1047 3788 nemine
1065 3745 1199 3810 prorm
1224 3721 1421 3789 consortionis

310 3819 360 3886 uel
382 3822 591 3886 conscribente
621 3845 661 3886 er
684 3845 850 3886 numerosa
880 3823 1097 3908 episcoporum
1118 3821 1331 3898 msdtitudine,
1360 3819 1425 3882 nisi

309 3943 373 3985 uno
408 3930 438 3984 et
470 3921 584 4004 oipinti
614 3919 860 4006 praesulibw)
906 3920 960 3984 An
995 3919 1077 3984 haec
1107 3922 1242 3985 omnino
1276 3927 1421 3984 accurate

309 4018 499 4098 dictasint,
525 4017 759 4083 dubitaverim.

387 4291 406 4359 ι)
425 4290 458 4344 v.
477 4289 568 4345 naam
586 4291 660 4346 uns.
679 4293 740 4347 aaa.
849 4289 874 4360 ἱ>
892 4291 925 4346 r.
945 4289 1036 4346 tan
1055 4291 1072 4346 1.
1092 4307 1113 4347 e.
