3054 4834
499 496 675 550 continuatio
694 496 791 548 luctae.
1168 493 1219 548 369

97 665 172 706 rum
199 644 268 726 ipso
294 641 335 704 de
359 640 413 704 illo
446 651 542 724 praeto
567 649 729 723 ageretur.
776 636 829 701 Ibi
854 637 986 720 (Sutrii)
1015 637 1111 721 lepati
1135 637 1219 720 ,ipo-

97 739 211 814 stolici,
244 739 359 802 scribit
389 737 624 816 Ekkehardus,
659 759 727 798 crim
758 737 863 798 missis
899 737 982 819 repis
1020 735 1220 798 orloenientes

98 834 336 920 (nuntiarunt),
370 846 551 921 promptam
575 857 639 898 esee
665 835 787 919 Papam
823 833 866 895 ml
893 826 1154 895 consecrationem
1190 843 1220 894 et

97 957 216 998 ‹irrenem
245 936 328 1018 repis
360 935 506 998 bonore-m
529 943 558 996 et
580 933 783 1008 celebritatem,
817 932 845 994 ei
869 942 973 992 tamea
1003 931 1071 1015 ipsc
1099 929 1221 992 sibimet

96 1043 247 1096 auerteret
280 1030 458 1094 libertatem
492 1029 702 1105 ecclesiarum,
735 1029 851 1091 laicam
889 1027 929 1090 ab
961 1027 1030 1091 illis
1048 1027 1220 1112 probibere

95 1132 323 1204 incestituram,
362 1129 542 1214 recipientia
582 1127 786 1192 nibilominus
826 1126 866 1189 ab
899 1127 1037 1190 ecclesiis
1075 1127 1219 1202 ducatus,

94 1229 262 1302 moralias,
296 1229 470 1303 comitatus,
502 1227 697 1302 advocatias,
727 1235 878 1302 monetas,
904 1225 1055 1295 tbelenem
1087 1235 1219 1287 caetero-

94 1349 223 1410 rumque
254 1325 407 1410 reptilium
440 1347 519 1408 quae
537 1323 683 1408 possidet
705 1345 867 1386 sommam.
916 1321 1067 1385 Praebuit
1089 1345 1148 1385 reec
1171 1345 1219 1386 aa·

93 1448 228 1501 aeneum,
262 1423 317 1488 secl
345 1446 380 1486 eo
404 1433 514 1508 pecte,
547 1433 703 1506 qnatenus
723 1421 798 1484 baec
822 1422 1046 1484 transmetatio
1068 1421 1168 1503 firma
1191 1431 1221 1483 et

94 1523 273 1586 anthentica
297 1523 432 1597 retiam,
457 1519 587 1583 consilio
612 1541 729 1603 quoque
752 1519 801 1580 nel
824 1519 993 1582 concordia
1010 1520 1106 1581 totius
1129 1517 1220 1581 ecele-

92 1621 161 1682 siae
187 1643 224 1682 ac
246 1620 337 1702 repni
354 1619 539 1703 principum
563 1638 693 1680 assensu
717 1615 932 1694 stabilirem,-
957 1616 1151 1700 quodetiam
1166 1618 1221 1678 mir

93 1728 151 1780 ciet
175 1714 263 1778 nulle
287 1715 378 1778 mode
393 1715 471 1799 fieri
490 1737 584 1799 posse
608 1713 792 1776 credebatur
803 1713 837 1799 ¹).
872 1714 945 1776 Rex
970 1712 1127 1777 videlicet
1149 1721 1390 1802 promeruerun-

92 1823 233 1876 testatus
257 1825 314 1886 est,
348 1811 488 1876 seualle
517 1812 687 1875 &alesiam
710 1811 850 1896 spoliare
875 1810 965 1874 benis
989 1813 1065 1890 suis,
1098 1821 1134 1874 ut
1157 1811 1220 1876 hac
1245 1795 1277 1834 ⁸¹⁸
1295 1791 1376 1833 ⁶⁰¹⁰*

91 1914 222 1976 rationo
254 1911 367 1974 odium
398 1913 445 1973 rei
480 1911 514 1972 in
545 1908 741 1972 Pontificem
776 1907 1020 1988 devolveretur,
1058 1909 1220 1995 simulque

90 2010 175 2072 fecit
203 2008 427 2072 conditionem
451 2029 605 2072 assensus
629 2005 819 2090 praesulum
848 2017 880 2069 et
903 2007 1092 2092 principum
1116 2011 1220 2091 regni.

92 2105 311 2170 Probabibile
344 2116 455 2170 tamen
489 2117 552 2186 est,
584 2126 660 2168 eum
691 2101 782 2167 haud
814 2112 880 2166 tam
913 2107 1076 2189 expressis
1109 2105 1221 2169 verbis

89 2206 245 2288 exegisse
279 2225 476 2268 consensum
509 2203 683 2288 praevium
714 2200 861 2282 illorum,
901 2202 947 2264 ita
984 2211 1020 2265 ut
1050 2200 1220 2267 Pasehelis

89 2323 230 2366 censere
264 2303 424 2385 potuerit,
461 2300 612 2363 sufficere
646 2321 701 2362 eos
736 2305 931 2362 auctoritate
962 2300 1153 2384 Apostolica
1189 2311 1220 2364 et:

87 2402 245 2468 censuris
268 2399 311 2462 ad
335 2399 598 2483 acceptationem
623 2398 853 2460 conventionis
876 2397 1020 2480 adigere.
1052 2397 1161 2484 Atque
1186 2402 1219 2462 iu

87 2500 185 2562 hunc
219 2498 318 2560 tinem
350 2499 418 2580 ipse
453 2497 663 2581 praeparavit
693 2495 881 2575 decretum,
925 2517 982 2559 seu
1014 2497 1220 2582 pmvilepium

88 2597 244 2661 Henrieo
271 2595 299 2656 V
329 2595 522 2678 Imperatori
554 2593 607 2656 die
632 2595 853 2658 coronationis
877 2594 1138 2662 concedendum.
1178 2596 1217 2660 In

86 2693 212 2758 eedem
253 2695 358 2756 fusius
388 2693 574 2776 exponitur,
614 2691 800 2754 sacerdotes
831 2713 897 2755 non
927 2692 1044 2756 decere
1078 2705 1219 2778 negetis,

85 2815 202 2868 curas,
238 2791 373 2854 divitius
398 2789 593 2852 saeculares⁸
641 2791 678 2852 In
703 2791 792 2872 repsi
816 2801 920 2852 (rectem
943 2794 1041 2854 vestri
1056 2792 1219 2877 partibus,

86 2891 203 2974 inquit
220 2887 383 2964 Pontifex,
409 2889 549 2972 episcopi
570 2886 619 2949 vel
645 2887 773 2950 abbates
797 2887 876 2950 αάεο
902 2888 1026 2952 divitiis
1048 2888 1219 2954 secretiori·

83 2987 146 3050 bus
174 2997 379 3071 orscupuntur,
405 2997 439 3048 ut
462 2986 641 3048 cernitatum
658 2985 785 3048 aesicloe
801 2986 1010 3070 frequentare
1027 2997 1056 3048 et
1074 2988 1221 3050 militiam

82 3107 238 3146 accercere
269 3093 428 3168 ceparum.
480 3081 568 3155 Quem
602 3084 748 3146 nimirum
776 3095 832 3147 ant
861 3105 937 3146 rore
972 3096 1028 3147 eut
1060 3075 1222 3170 nonquam

80 3184 157 3246 eine
183 3181 323 3266 rapinis,
348 3180 534 3266 sacrilepiis,
568 3183 724 3245 viace-mliii
747 3194 804 3246 ant
826 3184 1002 3246 homicidiis
1026 3185 1217 3249 cohibentur.

82 3277 265 3342 Describit
299 3277 386 3358 dein,
420 3279 584 3364 quomodo
614 3277 655 3342 ob
686 3279 786 3344 feuda
811 3280 865 3344 illa
891 3281 1064 3346 inoleverit
1088 3287 1220 3347 iuvesti-

78 3393 163 3438 rura
202 3387 278 3438 unte
304 3378 594 3454 consecrationem,
628 3376 701 3440 fone
732 3381 892 3442 simoniae
916 3389 949 3441 et
971 3378 1163 3444 erubitionis
1188 3393 1222 3444 rt

78 3472 303 3540 obstaculum
334 3474 496 3538 libertatis
527 3474 743 3554 electionum3
778 3498 917 3562 eamque
946 3481 1061 3540 merito
1085 3501 1105 3541 u
1129 3501 1221 3564 prae-

73 3571 324 3638 decessoribus
363 3571 554 3636 damnatam
595 3595 664 3636 esse
695 3573 805 3638 edicit.
861 3575 1029 3640 Postremo
1064 3578 1222 3642 ccclesias

76 3667 218 3734 exinde
242 3667 340 3752 plane
363 3668 485 3734 liberas
510 3692 580 3734 esse
605 3669 763 3750 decernit,
796 3674 865 3756 regi
890 3683 1000 3736 eutem
1028 3674 1070 3738 ab
1096 3678 1220 3760 episco-

73 3773 132 3855 pis
160 3766 374 3831 restituenda
397 3769 508 3831 omnia
531 3768 631 3832 feuda
654 3778 753 3854 atque
776 3769 909 3852 regalia,
934 3773 995 3856 (uti
1021 3774 1053 3836 in
1079 3774 1221 3838 formula

73 3867 246 3953 superius
271 3866 371 3928 ssiteta
395 3867 594 3946 continetur)
617 3865 640 3950 )

156 4123 182 4189 ²)
208 4119 314 4174 Ekkeh.
334 4121 368 4172 ml
387 4137 411 4174 a.
437 4123 509 4174 llll.
530 4137 572 4186 uri.
595 4121 754 4186 Wetterieh‚
776 4123 811 4176 11.
830 4126 873 4177 te.

155 4203 180 4258 ²)
206 4199 241 4252 V.
261 4199 440 4270 Privitegiuur
466 4201 525 4264 hoc,
552 4201 620 4266 uum
649 4217 700 4253 uon
727 4201 929 4270 promulgatum
955 4205 1020 4258 tuit.
1050 4221 1091 4274 sp.
1114 4207 1221 4261 Wette·

70 4284 146 4340 rich.
172 4279 215 4334 11.
239 4283 281 4336 55.

119 4389 133 4428 J
138 4393 270 4434 ungranus.
288 4383 462 4424 Dissertitioum.
473 4382 532 4424 Tem.
541 4383 575 4423 tv.
1076 4379 1108 4429 ‘24
