2904 4834
405 518 525 572 Formosi
544 517 731 571 Pontificatus.
1100 517 1133 568 19

39 666 147 728 stantiis
169 664 292 728 motiva
307 664 534 742 inveniuntur,
556 682 640 746 quae
657 658 700 724 ad
715 659 941 724 excusandam
957 661 1027 746 ejus
1043 682 1132 724 sevc-

40 764 146 826 ritatem
160 763 267 826 afferri
282 769 429 847 possunt.
454 759 588 824 Etenim
603 759 664 822 sub
679 758 874 844 pontificatu
887 757 908 822 J
910 759 1026 822 oannis
1037 757 1131 840 VIII,

41 861 76 922 uti
96 859 240 940 vidimus,
265 859 377 922 omnia
400 879 496 920 ruere
518 855 730 936 videbantur,
754 863 853 940 atque
877 855 1026 940 undique
1048 855 1132 920 Pon·

39 957 105 1019 tifex
131 957 389 1042 angustiabatur.
435 955 511 1040 Ipse
541 954 675 1039 quidem
706 951 869 1016 indefesso
898 954 1009 1017 animo
1034 963 1133 1038 atque

38 1057 152 1138 ingenti,
183 1055 338 1139 quamvis
371 1054 473 1134 inani,
509 1051 621 1116 labore
645 1050 749 1115 obniti
775 1049 928 1116 studebat
951 1053 1134 1116 innumeris

37 1151 277 1231 difficultatibus,
303 1150 478 1235 mediaque
502 1149 615 1213 salutis
639 1147 819 1234 quaerebat
840 1150 985 1213 maxime
999 1169 1043 1212 ex
1057 1149 1134 1215 (ial-

35 1247 85 1312 liae
105 1248 318 1335 principibus.
352 1247 464 1329 Quum
489 1270 567 1312 vero
592 1249 663 1311 istis
686 1249 720 1310 in
744 1245 913 1312 laboribus
937 1247 1133 1312 Formosum

36 1347 204 1432 episcopum
236 1368 315 1433 prae
346 1347 484 1410 caeteris
508 1346 672 1430 insignem
697 1345 759 1408 sibi
784 1343 914 1408 videret
937 1347 1133 1431 oppositum,

34 1455 116 1529 atque
145 1445 317 1509 addictum
341 1443 435 1508 alteri
458 1442 613 1522 factioni,
647 1463 814 1528 quumque
838 1463 881 1506 ex
904 1442 967 1506 hac
992 1442 1134 1508 factione

34 1542 149 1627 quidam
172 1544 298 1608 Joanni
331 1541 470 1607 insidias
502 1551 680 1619 struerent,
714 1543 835 1604 mirum
864 1561 929 1604 non
961 1550 1024 1620 est,
1059 1563 1136 1605 eum

35 1640 114 1704 valde
144 1643 312 1706 infensum
344 1638 511 1704 redditum
534 1640 711 1720 Formoso,
745 1659 784 1702 ac
814 1638 911 1702 facile
941 1641 1042 1703 etiam
1070 1639 1136 1703 alia

33 1741 154 1822 pessima
185 1739 228 1804 de
261 1741 332 1824 ipso
357 1739 561 1823 suspicatum
585 1759 656 1801 esse
679 1746 711 1800 et
735 1735 924 1801 credidisse.
972 1737 1022 1801 Ea
1046 1739 1135 1801 enim

34 1847 131 1900 natura
162 1849 213 1902 est
246 1835 418 1900 hominum
451 1835 648 1900 ardentioris
679 1834 787 1898 cordis
819 1843 852 1898 et
875 1835 996 1915 animi,
1030 1835 1136 1920 qualis

33 1933 83 1996 init
102 1935 249 1999 Joannes
273 1933 374 2012 VIlI,
409 1942 459 2014 ut,
494 1935 520 1996 si
551 1931 697 1997 consiliis
729 1933 797 1996 suis
821 1934 998 1997 inveniunt
1021 1933 1136 1997 adver-

32 2034 135 2096 sarium
165 2032 313 2118 aliquem
338 2033 447 2095 virum
472 2033 654 2115 insignem,
688 2032 783 2117 cujus
806 2029 931 2094 auxilio
955 2033 1065 2116 potius
1089 2033 1135 2095 in·

31 2128 173 2214 digerant,
198 2129 298 2194 facile
323 2151 407 2215 quae
431 2129 577 2194 infausta
599 2128 758 2210 accidunt
776 2128 854 2192 huie
869 2130 927 2192 uui
943 2129 1135 2211 attribuant,

31 2249 91 2290 eum
120 2227 268 2292 habeant
291 2229 435 2291 maxime
460 2236 650 2312 suspectum
674 2249 714 2290 ac
736 2227 892 2310 noxium,
924 2236 957 2289 et
980 2249 1044 2312 quo
1069 2227 1136 2291 effi·
1188 2299 1192 2308 ¹

31 2328 125 2390 cacins
147 2327 293 2412 possint,
327 2329 435 2409 ipsum
460 2325 615 2389 studeant
637 2345 818 2388 removere.
865 2324 1010 2408 Dixeris,
1037 2325 1136 2389 Joen·

30 2445 90 2486 nem
113 2423 202 2488 VIII
233 2446 362 2488 summa
385 2421 533 2508 pericula
557 2444 599 2484 ex
622 2422 780 2486 Formoso
804 2423 970 2504 timuisse,
1004 2445 1043 2486 ac
1066 2445 1137 2509 pro-

29 2531 125 2604 pterea
149 2525 184 2586 in
211 2519 321 2585 Gallia
345 2544 421 2585 eum
446 2519 606 2605 adegisse,
638 2543 679 2583 ne
703 2542 849 2606 unquam
874 2520 1013 2585 Romam
1037 2529 1137 2608 atque

28 2619 62 2682 ad
76 2623 303 2706 episcopatum
319 2629 550 2683 reverteretur.
563 2655 602 2665 -
624 2619 677 2681 Ex
691 2639 729 2681 eo
746 2627 856 2681 autem
873 2617 962 2702 quod
977 2617 1136 2699 Marinus,

27 2715 153 2782 loannis
177 2739 351 2782 successor
374 2739 413 2781 ac
428 2715 584 2780 Pontifex
609 2715 833 2800 dignissimus,
858 2717 929 2780 sine
954 2737 1045 2780 mora
1060 2717 1136 2780 For-

29 2835 141 2880 mosum
161 2817 355 2901 juramento
371 2816 432 2878 isto
450 2813 558 2893 solvit,
584 2815 773 2899 prioresque
787 2813 927 2880 honores
943 2836 982 2877 ac
1000 2837 1137 2878 munera

28 2913 51 2974 ci
71 2916 225 2997 restituit,
253 2913 374 2978 inferre
399 2911 485 2993 licet,
514 2910 646 2996 culpam
670 2912 820 2975 Formosi
844 2910 934 2976 haud
958 2911 1059 2976 fuisse
1083 2911 1137 2976 ad·

28 3013 149 3077 modum
174 3032 325 3096 gravem.

103 3111 156 3176 21.
192 3109 315 3173 Tenuit
347 3107 424 3172 dein
448 3107 559 3172 sedem
588 3128 682 3170 suam
716 3106 937 3192 episcopalem
961 3107 1138 3171 Formosus

27 3207 194 3294 tranquille
219 3205 410 3294 perplures
434 3227 549 3270 annos.
592 3203 704 3285 Quum
729 3225 807 3268 vero
823 3227 935 3268 mense
951 3204 1135 3291 Septembri

25 3308 94 3369 anui
118 3307 183 3371 891
211 3303 349 3368 obiisset
371 3301 559 3388 Stephanus
583 3303 624 3384 V,
651 3302 838 3384 Formosus,
863 3305 919 3388 qui
939 3303 1011 3388 jam
1036 3326 1138 3368 senex

25 3414 86 3465 erat
114 3403 327 3489 septuaginta
358 3403 505 3488 quinque
528 3422 711 3479 annorum,
739 3402 773 3464 in
796 3401 992 3465 Pontificem
1016 3401 1138 3466 electus

26 3509 51 3562 et
72 3503 105 3565 in
130 3501 219 3566 Sede
243 3499 435 3585 Apostolica
458 3498 699 3562 inthronizatus
723 3507 781 3562 est.
827 3498 910 3583 Ejus
934 3497 1085 3562 electioni
1103 3521 1137 3562 se

26 3601 211 3682 opposuisse
241 3589 393 3681 Sergium
426 3596 602 3660 diaconum
628 3594 866 3679 (Cardinalem)
897 3595 1054 3660 ecclesiae
1078 3597 1139 3660 Ro·

28 3715 135 3761 manae
161 3717 238 3760 cum
262 3693 463 3759 adherente
488 3693 549 3758 sibi
575 3695 728 3776 factione,
761 3691 978 3781 Sergiumque
1002 3694 1080 3760 dein
1105 3695 1139 3758 in

27 3791 175 3859 Tusciam
206 3793 348 3877 fugisse,
380 3792 483 3858 tradit
505 3791 779 3878 Luitprandus,¹)
812 3814 953 3879 eumque
977 3792 1140 3856 Baronius

92 3979 115 4045 ι)
135 3979 242 4043 ,Causa
266 3983 371 4043 autem
400 3979 509 4043 scribit,
537 3978 684 4032 simultatis
709 3979 782 4032 inter
806 3979 960 4032 Formosum
986 3979 1087 4046 Papam
1112 3983 1141 4032 et

27 4057 154 4114 Ronanm
179 4059 245 4114 haec
269 4059 332 4115 fuit.
375 4060 494 4114 Formosi
521 4059 723 4127 praedecessore
747 4057 874 4112 defuncto
898 4057 1008 4127 Sergius
1032 4058 1141 4125 quidam

29 4137 157 4193 Romanae
187 4139 315 4193 eeclesiae
342 4139 471 4194 diaconus
498 4145 574 4203 erat,
606 4153 684 4206 quem
713 4139 893 4192 Romanorum
920 4153 982 4206 pars
1011 4138 1140 4205 quaedam

28 4217 122 4285 Papam
147 4219 201 4273 sibi
226 4219 362 4289 elegerat,
388 4219 518 4287 quaedam
545 4233 608 4273 vero
626 4234 689 4286 pars
709 4233 762 4272 non
781 4217 873 4272 infima
891 4218 1058 4272 nominatum
1076 4219 1138 4272 For·

28 4313 130 4364 naum,
150 4299 309 4354 Portuensis
328 4300 449 4354 civitatis
468 4300 626 4368 episcopum,
647 4315 693 4367 pro
713 4313 778 4352 vera
791 4298 923 4366 religione
935 4297 1141 4365 divinammque

1002 4388 1035 4440 2*
