2922 4832
307 505 361 556 ‘202
541 501 600 554 XX.
621 501 662 553 De
680 505 756 553 stetu
776 499 847 554 Eccl.
867 499 955 553 medio
973 515 1042 553 saec.
1062 499 1209 554 urrdeoimo.

264 651 266 656 “
309 665 427 729 pacem
450 643 638 727 generalem
655 644 902 722 constituerent,
926 653 960 706 et
976 641 1163 708 Concilium
1188 643 1337 730 generale
1351 667 1409 706 con·

308 751 494 827 gregarent,
526 763 590 826 quo
616 740 784 805 efficacius
807 741 930 804 abusus
962 743 1184 826 exstirparent
1206 751 1239 805 et
1260 741 1343 806 bono
1363 741 1412 804 llo-

310 841 429 906 clesiae
452 839 676 926 providerent.
722 837 769 902 At
784 839 986 902 Benedictus
1010 839 1064 903 die
1087 839 1131 904 28
1155 839 1326 904 Februarii
1347 841 1410 902 anni

312 939 398 1004 1024
422 960 465 1001 ex
488 937 550 1001 hac
576 939 645 1000 vita
668 938 840 1021 migravit,
866 936 981 1002 eodem
1007 959 1086 1001 vero
1110 961 1198 1002 enno
1223 939 1279 1002 die
1297 939 1333 1002 13
1344 937 1410 1000 lolii

311 1039 410 1100 etism
436 1037 602 1100 Henricus
626 1045 741 1098 sancta
765 1045 868 1098 morte
892 1036 1030 1121 quievit.

136 1151 300 1194 connexu.
399 1145 452 1206 51.
501 1141 720 1206 Commiserat
742 1141 943 1206 Benedictus
967 1142 1050 1206 VIII
1076 1163 1232 1226 magnam
1257 1163 1359 1208 rerum
1379 1147 1412 1206 ei-

310 1240 427 1304 vilium
458 1249 583 1325 partem
614 1241 706 1304 fratri
737 1260 795 1304 suo
820 1241 985 1321 Romano,
1020 1242 1077 1327 qui
1110 1251 1142 1304 et
1165 1241 1281 1306 consul
1305 1253 1413 1306 creatus

310 1350 387 1402 eret.
418 1339 483 1402 Hic
507 1337 889 1424 quamvislaicusesset,
915 1349 1141 1424 postmortem
1157 1338 1411 1403 Benedicrit'lll
1449 1365 1450 1372 ¹

310 1439 344 1499 in
368 1435 563 1499 Pontificem
588 1435 721 1514 electus,
751 1437 815 1500 cito
841 1437 996 1500 omnibus
1019 1436 1193 1502 ordinibus
1218 1439 1370 1515 initiatus,
1389 1453 1414 1496 u

310 1537 344 1598 in
369 1533 488 1598 Sedem
515 1533 740 1619 Apostolicom
766 1544 910 1616 evectus,
936 1536 1077 1599 ‚loannis
1099 1535 1179 1600 XIX
1200 1537 1333 1599 nominc
1353 1536 1413 1598 insi·

309 1635 421 1708 unitus
446 1643 503 1698 est.
543 1629 736 1696 Curionibus
760 1633 893 1716 quidem
919 1651 1033 1696 severe
1058 1632 1320 1696 interdicebatur
1341 1653 1414 1695 erer-

310 1732 355 1793 tio
379 1729 456 1793 laici
481 1729 524 1793 ad
549 1732 793 1816 episcopatum,
825 1741 972 1794 attamen
1004 1733 1053 1794 uti
1088 1727 1256 1816 prioribus
1284 1729 1413 1793 saeculis.
1449 1751 1450 1784 i

311 1831 356 1891 ita
380 1831 479 1893 etiem
504 1849 542 1892 eo
566 1839 713 1914 tempore
738 1828 902 1892 interdum
929 1830 1017 1911 rigor
1041 1828 1239 1913 disciplinae
1263 1829 1325 1892 hac
1342 1830 1370 1892 in
1391 1850 1416 1888 u

311 1925 534 2010 mitigabatur,
569 1925 625 1989 ubi
651 1925 685 1989 id
711 1925 808 1989 valde
839 1935 1061 2011 opportunum
1087 1926 1281 2012 apparebat.
1329 1926 1371 1988 lto
1391 1927 1414 1985 in
1449 1963 1450 2012 7

310 2023 419 2088 (tallia
443 2023 615 2088 adsedem
633 2023 851 2088 Rhomensenr
869 2047 898 2088 a.
922 2025 1003 2087 1021
1023 2035 1158 2088 evectus
1182 2033 1232 2088 est
1249 2023 1353 2088 Ebulo
1375 2023 1416 2086 lei·

311 2146 378 2203 cus,
409 2143 448 2186 ae
473 2122 649 2186 Fulbertus
674 2121 897 2197 Coruotensis
923 2143 960 2184 eo
984 2131 1133 2208 tempore
1156 2123 1332 2208 episcopus
1354 2121 1413 2184 doo-
1449 2119 1450 2160 t

310 2223 397 2284 trina
421 2219 528 2285 clerus
552 2231 584 2284 et
598 2221 782 2293 sanctitate,
807 2219 897 2283 illam
922 2221 1128 2284 evectionem
1152 2220 1315 2304 gravibus
1338 2221 1417 2282 rstio·
1449 2247 1450 2264 κ

310 2319 409 2383 nibus
441 2317 637 2404 defendit.¹)
686 2319 895 2404 Quapropter
919 2340 1020 2403 quum
1045 2318 1213 2382 Romanus
1245 2317 1309 2382 sub
1333 2319 1415 2380 llenr·

311 2417 399 2480 dicto
424 2417 507 2480 VIII
531 2427 567 2480 ut
591 2418 700 2480 virum
725 2427 894 2495 strenuum
919 2426 1017 2503 atque
1041 2415 1084 2480 sd
1103 2415 1306 2500 gubernium
1321 2437 1414 2501 geren-

311 2515 390 2578 dum
403 2517 609 2600 aptissimum
635 2537 668 2579 se
682 2514 896 2600 praebuisset,
920 2514 977 2578 tali
992 2535 1070 2578 vero
1087 2515 1248 2578 electione
1266 2513 1415 2599 provideri

311 2611 480 2677 videretur
502 2623 572 2676 tum
588 2610 791 2698 reipublicae
807 2612 1037 2698 tranquillitati
1061 2623 1133 2677 tum
1144 2611 1320 2677 Ecclesiae
1337 2613 1416 2674 benc.

311 2710 369 2774 illa
392 2710 588 2796 disciplinae
612 2711 829 2795 transgressio
866 2713 1018 2774 excusari
1042 2719 1075 2774 et
1099 2733 1205 2796 aequa
1229 2713 1354 2775 ratione
1375 2731 1418 2770 ex·

311 2809 427 2894 plicari
452 2818 568 2894 potest.
614 2808 810 2894 Redolphus
834 2807 959 2873 Gleber
989 2807 1124 2894 quidem
1148 2809 1318 2894 lorpits'one
1344 2829 1417 2893 pecu·

310 2909 385 2970 nioc
410 2906 492 2971 dicit
507 2907 672 2972 Josnnem
697 2907 739 2971 ed
765 2907 994 2992 pontificatum
1019 2909 1222 2992 pervenisse,
1248 2907 1307 2971 sed
1322 2915 1419 2969 auctor

311 3003 376 3086 ille,
401 3007 453 3068 vir
477 3006 644 3090 irrequieti
670 3007 772 3070 enimi
797 3016 830 3069 et
854 3004 918 3069 stili
949 3007 1049 3086 acuti,
1080 3004 1213 3090 plenam
1238 3003 1417 3069 lidemdun

314 3151 523 3160 ——n—...ffl—

386 3217 407 3287 ¹)
425 3216 524 3271 Scribit
549 3219 583 3271 sd
603 3217 752 3272 (luidonem
771 3217 1000 3272 silvanectensem
1023 3215 1176 3284 episcopum
1204 3217 1238 3271 de
1265 3215 1418 3272 ontirutione

312 3297 406 3352 Ebuli:
432 3299 531 3364 ,Arnor
545 3297 673 3366 justitiae
692 3299 737 3366 qui
757 3305 840 3362 tuoni,
861 3305 945 3365 peter,
970 3297 1087 3351 animem
1105 3297 1204 3352 imbuit
1223 3299 1258 3351 ab
1278 3297 1417 3352 nativitate.

312 3375 456 3432 faciteam
475 3377 603 3432 offensem
632 3385 660 3432 et
685 3377 719 3431 ab
739 3379 890 3432 excessibus
910 3385 1026 3432 ceritum.
1064 3377 1147 3445 Cujm
1166 3379 1206 3432 rei
1226 3379 1306 3434 fidem
1325 3393 1378 3430 cum
1393 3387 1417 3424 r!

312 3457 427 3511 eliomrn
445 3458 532 3524 dictis,
552 3464 609 3512 tum
629 3474 662 3512 ex
672 3459 772 3513 litteris
792 3459 848 3513 tuis
866 3459 1006 3513 evidenter
1025 3457 1124 3526 accepi.
1151 3457 1203 3511 Sed
1213 3459 1248 3510 ab
1268 3455 1418 3511 emmens·

313 3535 559 3592 EbuliRhemensis
578 3538 772 3607 archiepiscopi
793 3555 845 3592 non
857 3539 935 3592 uelde
954 3537 1005 3592 tibi
1012 3529 1164 3592 'timendum
1182 3547 1250 3607 puto
1270 3553 1334 3592 esse.
1349 3535 1418 3589 nst.

311 3627 345 3672 ut
363 3617 469 3680 dicitur,
493 3617 526 3671 ab
545 3616 665 3672 infantie
683 3618 855 3684 christianus,
879 3635 945 3673 suno
964 3633 1051 3682 sensu,
1075 3618 1160 3672 sacris
1178 3619 1281 3671 litteris
1306 3615 1417 3670 emdims

312 3699 424 3763 sobrius,
443 3705 541 3762 castus,
561 3705 667 3752 amator
685 3699 758 3767 pacis
772 3704 800 3754 et
813 3698 975 3762 dilectionis,
995 3697 1068 3752 nullo
1081 3698 1200 3764 crimine,
1221 3699 1297 3752 nulls
1309 3695 1419 3752 infernin

311 3785 379 3834 nota
397 3779 531 3840 turbatus,
550 3780 712 3846 tandemque
723 3797 748 3833 ⁴u
760 3780 830 3834 clero
843 3785 872 3835 et
884 3780 981 3848 populo
993 3795 1058 3834 suae
1070 3777 1193 3833 civitatis
1206 3779 1316 3832 electus.
1342 3777 1418 3840 lugu

312 3858 412 3914 etenim
438 3857 505 3922 viri,
538 3865 570 3935 ut
589 3859 689 3926 optime
708 3861 795 3924 nosti,
816 3859 973 3914 Ambrosius
991 3858 1199 3914 Mediolsrrensis
1230 3867 1259 3912 et
1287 3857 1418 3912 cemus

312 3937 535 3993 Antisirliorensis
555 3938 654 4006 aliique
672 3939 803 4005 nonnulli,
829 3941 893 4007 quie
919 3939 988 3994 tetes
1007 3939 1035 3993 ln
1054 3939 1122 3992 leico
1141 3939 1238 3992 habit-u
1262 3938 1418 3992 exstiterunt.

311 4019 402 4074 subito
421 4017 497 4074 nobis
509 4019 597 4072 senoti
610 4019 747 4088 praesules
760 4021 893 4075 exiemnt.
914 4019 1033 4073 Domnus
1046 4035 1110 4073 vero
1122 4019 1205 4086 Papa
1226 4018 1302 4085 cujus
1315 4015 1419 4070 culmel-

312 4100 463 4154 rersionem
481 4105 510 4154 te
529 4099 647 4153 revereri
665 4098 836 4168 significasti,
855 4115 908 4154 non
928 4107 971 4154 est
990 4099 1059 4167 quod
1077 4097 1129 4153 tibi
1147 4097 1245 4153 merito
1264 4098 1358 4152 debent
1373 4113 1417 4150 so·

312 4193 429 4244 censere,
448 4181 471 4234 si
485 4187 513 4233 te
525 4179 651 4247 graviter
669 4179 802 4247 collapsae
814 4179 959 4234 Rbemensi
977 4179 1104 4235 ecclesiae
1122 4177 1240 4246 aliquem
1258 4193 1330 4248 spero
1348 4195 1419 4233 reru·

311 4257 439 4312 rectionis
459 4258 578 4313 audierit
595 4259 771 4326 prosternor
810 4259 851 4313 Cf.
871 4260 952 4328 Pegii
972 4260 1093 4316 Brerier.
1113 4261 1145 4314 sd
1164 4260 1298 4315 Josnuen
1315 4261 1383 4316 m
