2898 4836
287 457 325 510 44
484 455 585 509 XVIII.
623 455 662 507 De
682 452 810 508 Romanis
827 453 1003 508 Pontificibus
1022 454 1121 508 saeculi
1140 455 1244 510 deoImi.

290 623 311 662 a
334 601 490 664 Formoso
523 597 752 681 ordinatum.¹)
797 597 831 662 Is
861 609 940 662 tunc
964 619 1022 682 pro
1047 598 1239 663 ‹lesensione
1262 599 1390 662 Fornesi

290 708 324 760 et
354 697 599 760 ordinationum
629 696 700 780 ejus
732 705 846 758 contra
870 695 1020 778 Sergium
1052 694 1162 780 plures
1184 695 1310 762 libellos
1331 720 1391 762 con·

290 796 431 878 scripsit,
461 815 600 878 quorum
620 793 691 877 jam
714 792 854 856 fecimus
880 793 1090 858 mentionem.
1137 793 1278 880 Scripsit
1300 809 1394 858 contra

291 892 443 976 Sergium
468 893 567 954 etiam
592 891 752 976 Eugeniue
771 890 941 975 Velpars'us
965 891 1017 953 vir
1040 891 1188 956 eruditus
1211 892 1323 958 ltaliae
1345 915 1395 957 ms-

291 989 472 1070 ridionalis,
503 999 539 1051 ut
563 989 711 1052 Formosi
736 988 960 1052 ordinationes
985 987 1181 1054 vindicaret.
1230 990 1396 1076 Utrumque

289 1097 459 1152 auctorem
489 1086 624 1169 Sergius
651 1087 704 1150 Ill
733 1087 872 1150 Romam
906 1087 1038 1169 citavit,
1072 1087 1131 1151 sed
1163 1099 1281 1152 neuter
1311 1091 1397 1152 venit.

292 1186 472 1270 Vulgarius
488 1195 599 1248 tamen
613 1183 881 1248 benedictionem
895 1183 1111 1268 apostolicam
1126 1196 1159 1248 et
1174 1185 1396 1250 absolutionem

291 1306 313 1348 a
328 1281 490 1346 Pontifiee
514 1283 618 1367 petiit,
644 1291 676 1346 et
699 1281 772 1346 aliis
796 1285 831 1346 in
854 1283 986 1367 scriptis
1009 1304 1139 1367 magna,
1165 1305 1205 1348 ae
1219 1285 1289 1348 fers
1303 1284 1396 1348 servili

292 1403 368 1444 cum
401 1381 499 1445 laude
534 1380 574 1444 do
605 1379 719 1464 Sergio
749 1379 879 1444 locutus
909 1379 999 1465 est.2)
1032 1417 1076 1426 -
1109 1381 1252 1446 Videtur
1283 1381 1398 1466 Sergius

293 1501 407 1542 versus
431 1483 531 1542 finem
554 1478 766 1563 pontificatus
789 1480 840 1542 sui
865 1480 978 1542 mitius
1001 1480 1107 1560 egisse
1127 1500 1309 1565 pacemque
1324 1482 1397 1542 resti-

291 1577 404 1656 tuisse,
429 1577 476 1639 nti
502 1577 688 1640 insinuatur
711 1574 776 1639 illis
800 1576 960 1662 epitaphii
989 1576 1112 1642 verbis:

743 1683 828 1748 Sede
852 1693 985 1769 recepta

445 1781 592 1850 Gaudet:
618 1793 708 1846 amat
731 1792 843 1866 pastor
866 1785 1001 1866 agmina
1024 1792 1146 1847 cuneta
1170 1783 1279 1848 siinul.

292 1886 378 1951 Illud
404 1899 514 1951 autem
540 1899 653 1951 notare
671 1889 817 1974 juvabit,
844 1892 1010 1952 nemiuem
1036 1911 1077 1952 ex
1102 1892 1204 1953 variis
1228 1889 1399 1953 auctoribus

293 1985 346 2049 vel
379 1985 518 2050 verbum
551 1985 688 2066 habere,
723 2009 787 2071 quo
812 1987 918 2070 Sergii
951 2009 1057 2052 mores
1088 1987 1264 2051 dissolutos
1286 2000 1397 2072 carpat:

293 2084 433 2147 multum
458 2095 567 2148 tamen
594 2107 728 2148 causam
754 2107 846 2148 sumn
866 2085 1052 2170 jurassent,
1078 2087 1103 2149 si
1120 2084 1184 2150 tale
1200 2083 1280 2171 qnid
1296 2085 1395 2169 potuis·

294 2193 367 2246 sent
398 2183 542 2268 objicere
566 2184 698 2267 Sergio,
733 2185 787 2268 qui
821 2204 864 2246 ex
896 2183 965 2246 selo
996 2185 1129 2247 virtutis
1161 2206 1200 2247 ae
1224 2179 1399 2266 disciplinae

295 2280 538 2344 ecclesiasticae
562 2303 595 2344 se
620 2301 716 2364 agere
741 2279 972 2344 contendebat.

384 2380 437 2444 42.
470 2379 632 2463 Tempore
657 2379 762 2460 Sergii
791 2377 839 2440 lll
863 2381 1011 2463 potentia
1036 2381 1192 2442 comitum
1217 2376 1398 2442 Tusculano·
1436 2385 1437 2400 ³

236 2547 244 2555 ,
295 2499 384 2556 rrum,
420 2476 582 2562 hujusque
614 2475 759 2539 familiae
791 2479 823 2538 in
848 2497 899 2539 res
922 2476 1089 2539 Romanas
1112 2476 1279 2550 influxus,
1312 2475 1397 2556 magis

295 2576 465 2660 magisque
481 2575 632 2641 invaluit.
649 2586 681 2637 et
695 2595 754 2658 per
768 2573 894 2659 aliquot
908 2574 1071 2638 decennia
1084 2573 1289 2659 perduravit.
1318 2573 1397 2636 Forte
1436 2579 1437 2596 ¹

294 2673 429 2757 Sergius
453 2676 509 2758 qui
534 2695 575 2735 ex
600 2672 661 2736 lrac
685 2671 811 2736 familia
836 2681 925 2736 ortus
949 2671 1151 2756 perhibetur,
1175 2673 1280 2736 nimio
1302 2669 1396 2732 farore
1436 2705 1437 2708 =

294 2771 445 2834 eamdem
483 2769 758 2856 prosequebatur,
802 2768 962 2856 illumque
992 2769 1158 2833 inflexum
1191 2771 1260 2854 ipse
1292 2787 1395 2854 promo·

295 2869 410 2935 vebat:
444 2869 526 2932 forte
557 2871 657 2931 etiam
688 2869 937 2953 potentissimae
960 2868 1108 2931 famIliae
1131 2869 1283 2932 resistere
1305 2865 1396 2949 nequi-

295 2967 360 3030 bat.
394 3005 438 3014 -—
472 2967 598 3046 Quodsi
630 2990 667 3029 ea
699 2987 783 3051 quae
812 2968 1026 3051 exposuimus
1049 2965 1284 3044 attenduntur,
1314 2963 1394 3026 asseri

293 3087 389 3149 posse
414 3087 595 3144 censemus,
621 3065 773 3148 Sergium
791 3065 851 3140 lll,
876 3065 1032 3150 quamvis
1056 3083 1121 3127 non
1147 3065 1187 3126 iis
1203 3073 1396 3127 accenseatur

294 3164 512 3226 Pontificibus
536 3165 592 3247 qui
617 3163 797 3226 virtutibus
821 3185 860 3226 ac
885 3163 1048 3247 sapientia
1072 3163 1296 3241 emicuerunt,
1324 3156 1394 3222 baud

293 3271 404 3322 tamen
430 3262 547 3323 mereri
572 3263 738 3345 vituperia
759 3261 814 3326 illa
830 3261 1028 3346 indignique
1041 3259 1186 3322 hominis
1201 3271 1319 3336 notan,
1341 3255 1394 3341 qni·
1436 3329 1437 3334 η

294 3357 357 3420 bus
386 3381 406 3422 a
437 3359 548 3422 multis
580 3360 718 3422 affectus
749 3371 806 3424 est.
855 3359 949 3423 Licet
972 3361 1060 3422 enim
1084 3369 1161 3422 ante
1185 3359 1393 3442 pontificatum

294 3459 417 3540 passim
441 3457 621 3520 factionum
648 3457 856 3540 politicarum
881 3459 1061 3540 agitatione
1078 3455 1237 3540 abreptus
1254 3455 1392 3520 videatur.

294 3554 410 3617 durius
434 3557 516 3618 lorte
540 3557 633 3618 initio
658 3555 870 3640 pontificatus
893 3557 1006 3639 egerit,
1030 3563 1129 3639 atque
1154 3554 1189 3616 in
1211 3554 1392 3639 oppositione

294 3665 408 3716 contra
433 3654 580 3717 Formosi
613 3653 841 3738 pontificatum
873 3654 1009 3738 ejusque
1040 3651 1265 3716 ordinationes
1286 3649 1391 3714 abera-

294 3753 389 3827 verit,
416 3761 581 3814 caeterum
607 3763 717 3814 tamen
743 3752 842 3830 digna
864 3753 991 3816 ratione
1007 3749 1191 3814 Ecclesiam
1207 3744 1389 3832 gubernarit.
1436 3823 1437 3826 Ἴ

296 3879 374 3888 ...ιι-ι...
388 3881 506 3888 --------=

369 3929 388 3990 ¹)
409 3929 463 3980 Ct'r.
483 3927 623 3994 epistolam
643 3928 746 3982 Auxilii
765 3928 905 3994 praeviam
925 3929 958 3980 ad
977 3927 1133 3996 opusculum
1160 3927 1296 3992 „luteusor
1312 3931 1336 3978 st
1352 3923 1389 3973 Ite·
1436 3925 1437 3930 ’

293 4009 409 4074 sensam,
430 4025 471 4074 ap.
491 4008 627 4073 Ilabillon
647 4009 780 4062 Analecta
800 4015 893 4062 vetera
912 4025 936 4076 p.
956 4010 1000 4063 4⁶).

366 4089 387 4160 2)
408 4089 492 4142 Panlo
511 4097 579 4156 post,
598 4088 647 4142 siib
667 4087 827 4156 pontificatu
846 4088 960 4142 Ioannis
974 4089 1006 4153 X,
1026 4089 1149 4142 conlecta
1168 4093 1210 4140 est
1229 4087 1351 4139 [riardus
1366 4097 1386 4128 u

297 4171 423 4231 Ilotarum,
443 4184 522 4235 quam
540 4169 613 4222 hand
631 4167 772 4236 Vulgarii,
797 4168 843 4222 sed
863 4168 976 4222 alterius
996 4168 1115 4222 auctoris
1133 4182 1192 4222 esse
1210 4167 1300 4222 merito
1316 4165 1387 4216 ceant
1436 4213 1437 4236 ,

294 4248 352 4302 Em.
372 4249 583 4315 Hergenruther.
602 4249 634 4302 V.
655 4249 769 4300 Pharius
789 4249 823 4300 Il.
846 4249 1087 4314 p.370nota.10.
