3054 4834
402 465 543 519 vindiciae
561 465 587 520 S.
607 465 734 533 Gregorii
754 466 816 518 Vll.
1139 465 1193 518 337

84 611 180 693 urgeri
222 608 302 672 illud
341 609 398 694 jus
436 609 574 678 sociale.
624 631 684 671 usu
723 622 754 670 ct
792 608 1032 672 consuetudine
1070 608 1193 693 ubique

85 717 237 790 receptum
254 709 288 771 ¹1.

165 858 233 922 135.
281 858 455 922 Caeterum
480 857 817 922 animadvertendum
854 877 911 938 est,
946 855 1024 919 dum
1052 857 1363 940 Romanjnumouua

83 953 247 1018 Pontitices
272 955 371 1018 medii
403 957 477 1018 aeri
506 957 538 1019 in
564 955 694 1018 actibus
719 975 797 1018 suae
821 957 1027 1018 auctoritatis
1052 967 1083 1017 et
1107 965 1193 1039 pote-
1212 929 1355 972 ΜΝ

81 1055 163 1116 statis
178 1054 285 1138 quoad
303 1052 506 1138 temporalia,
532 1065 662 1138 praeter
680 1054 758 1139 jura
776 1076 835 1116 sua
853 1051 968 1118 divina
985 1055 1084 1116 etiarn
1105 1052 1195 1138 leges

82 1151 185 1216 civiles
208 1154 332 1238 passim
358 1153 463 1214 citant
486 1162 519 1214 et
533 1161 803 1230 commemorant,
830 1150 906 1214 inde
923 1153 1106 1214 universim
1123 1173 1194 1237 per-

79 1271 182 1332 peram
218 1250 337 1334 colligi,
374 1273 429 1312 eos
465 1251 498 1314 in
530 1250 606 1334 jure
645 1249 756 1313 sociali
782 1247 935 1312 ultimum
968 1250 1091 1312 fontem
1117 1272 1195 1313 suae

79 1351 239 1430 potestatis
279 1349 332 1413 vel
373 1346 510 1433 aequale
557 1347 811 1412 fundamentum
856 1369 931 1410 curn
966 1347 1042 1431 jure
1081 1346 1196 1410 divino

79 1449 226 1528 posuisse.
275 1447 406 1510 Etenim
442 1445 539 1532 plane
583 1444 673 1509 aliud
716 1456 779 1524 est,
817 1444 945 1528 legibus
979 1444 1134 1508 civilibus
1165 1456 1197 1507 et

74 1543 140 1622 jure
163 1545 276 1610 sociali
308 1544 408 1608 medii
433 1547 507 1608 aevi
541 1545 733 1628 praesertim
766 1545 955 1629 posterioris
979 1545 1124 1620 :ignitam
1150 1541 1197 1604 fu-

79 1643 133 1702 isse
163 1642 252 1706 illarn
288 1665 477 1728 supremam
510 1645 739 1706 alletoritatem
772 1643 980 1720 Pontificum,
1018 1665 1102 1726 quae
1121 1641 1196 1725 jure

77 1738 181 1802 divino
221 1739 396 1819 nitebatur,
436 1753 468 1803 et
493 1741 550 1825 jus
586 1739 706 1804 sociale
739 1741 980 1804 conformatum
1011 1739 1112 1802 fuisse
1147 1737 1193 1802 illi

75 1840 220 1918 potestati
245 1861 418 1925 supremae
442 1839 662 1918 Pontificum
702 1838 793 1902 aliud
818 1859 907 1906 vero.
939 1837 996 1921 jus
1021 1836 1140 1900 sociale
1165 1851 1198 1900 et

75 1933 154 2018 leges
169 1936 286 2000 civiles
303 1947 381 2000 tunc
399 1939 547 2020 rigentes
565 1936 717 1999 ultimum
732 1937 857 2020 ,fontem
882 1947 911 1996 cl
935 1935 1073 1998 radicem
1097 1936 1197 1999 fuisse

76 2032 153 2097 illius
169 2037 375 2098 auctoritatis
392 2036 602 2098 Pontificum.
643 2032 922 2120 Quandoquidem
947 2033 1036 2118 leges
1061 2033 1198 2097 sociales

75 2134 211 2196 maxime
221 2132 391 2196 Ecclesiae
405 2133 545 2212 iniluxu,
559 2133 718 2218 paulatini
737 2134 781 2196 ita
798 2134 996 2196 constitutae
1010 2141 1095 2214 sunt,
1114 2133 1197 2194 utin

76 2229 219 2294 Ecclesia
244 2243 276 2294 et
300 2253 427 2294 summo
454 2232 613 2294 l’ontifice
641 2253 714 2294 cam
738 2243 956 2314 agnoscerent
979 2242 1010 2292 et
1033 2231 1200 2294 sancirent

74 2331 308 2400 auctoritatem,
331 2350 415 2414 quae
432 2332 522 2414 ipsis,
538 2331 635 2392 certis
653 2331 685 2392 iu
702 2329 879 2412 adjunctis,
905 2351 946 2392 ex
965 2327 1073 2392 indole
1091 2341 1199 2392 suaet

72 2429 272 2491 institutione
293 2427 523 2491 conveniebat.
549 2429 705 2491 Poterant
718 2429 819 2506 igitur
829 2427 1005 2490 Pontifices
1019 2447 1198 2510 provocare

71 2526 163 2588 etiam
190 2524 233 2588 ad
252 2523 324 2588 illas
342 2525 441 2608 leges,
466 2547 587 2609 casque
603 2528 719 2588 ati'errc
738 2534 774 2587 ut
789 2537 985 2608 argumenta
1009 2526 1199 2588 scerniduriu

71 2635 98 2683 ct
120 2625 349 2706 confirnuriira.
398 2624 462 2686 seu
489 2623 567 2686 duni
594 2623 814 2707 quaerebatur
839 2623 879 2686 de
909 2622 1016 2684 reltimo
1045 2623 1133 2702 fonte
1166 2635 1198 2684 et

141 2895 161 2958 ¹)
182 2893 286 2944 Notare
306 2891 388 2944 etiarn
404 2891 527 2958 jurabit,
555 2890 588 2943 ab
609 2889 764 2942 arrcturibus
785 2890 913 2956 temporis
934 2891 1060 2956 Gregorii
1081 2891 1131 2944 Vll
1152 2907 1196 2960 ap·

69 2973 150 3036 prime
171 2973 308 3038 distingui
335 2971 529 3038 ‹leprositioueni
556 2971 666 3024 Hernici
687 2970 725 3022 IV
752 2979 778 3022 et
803 2970 860 3036 ejus
886 2971 1196 3036 excommunicationem,

69 3053 105 3104 ita
123 3065 152 3104 ut
176 3053 250 3106 illuni
270 3053 340 3105 haud
360 3061 391 3104 ut
410 3052 627 3118 trorrsrrqueutiani
648 3051 681 3102 ab
709 3050 983 3104 excommunicatione
1002 3052 1197 3118 dependentem

66 3133 191 3194 habeant,
213 3134 257 3185 sed
279 3140 308 3185 ut
329 3149 441 3199 poenam
461 3133 544 3186 etiarn
565 3145 653 3199 perse
674 3129 864 3186 subsistentem
885 3131 1008 3197 praecisa
1028 3133 1196 3186 erenrnrnuni
1274 3149 1280 3154 ·

69 3215 184 3267 atione.
223 3214 264 3267 Sic
285 3213 384 3267 Paulus
402 3213 605 3266 Bernriedeusis
626 3213 654 3264 in
677 3211 744 3263 Vita
762 3211 889 3277 tiregorii
913 3211 967 3264 VII
986 3213 1084 3278 pressim
1104 3213 1198 3266 adver-

69 3295 110 3351 tit.
130 3295 244 3348 Canusii
258 3295 374 3349 Heurico
394 3294 604 3348 communionem
624 3293 738 3358 quidem,
758 3290 829 3342 harad
849 3306 912 3344 vero
932 3308 1044 3359 regnum
1066 3291 1198 3346 redditum

68 3375 153 3429 inisse
174 3379 221 3436 icc.
236 3379 270 3428 85
289 3375 344 3440 86).
370 3377 461 3442 Agens
482 3389 559 3440 porro
579 3377 610 3438 lc.
630 3372 675 3441 94)
695 3371 727 3423 de
747 3371 877 3424 electione
898 3372 1031 3438 Rudolphi
1051 3373 1078 3425 iu
1099 3389 1198 3440 regern,

69 3457 152 3509 refert
175 3456 310 3525 principes
328 3455 517 3516 considerasse,
552 3469 596 3520 „sc
623 3453 656 3506 ad
683 3450 785 3504 nullam
804 3449 961 3504 dilationem
993 3452 1026 3503 ab
1047 3451 1198 3518 Apostolico

68 3543 185 3590 coactos.
215 3535 260 3589 sed
284 3536 332 3588 hoe
357 3537 384 3589 in
409 3551 499 3588 eorum
524 3533 638 3587 arbitrio
662 3532 779 3599 positruu
805 3545 869 3586 esse.
898 3547 946 3584 uec
971 3531 1051 3585 alicui
1071 3531 1123 3585 nisi
1147 3531 1198 3584 sibi

69 3617 134 3682 ipsis
155 3617 280 3684 deinceps
300 3617 490 3683 imputandum
511 3615 575 3669 iore.
600 3614 622 3666 si
643 3611 738 3666 dilatio
757 3617 873 3662 noceret.
912 3611 1025 3680 iusuper
1052 3627 1080 3664 se
1100 3611 1199 3664 nullius

69 3693 247 3766 subJectioriis
267 3695 435 3750 exhibendae
451 3695 566 3748 Henricc
588 3694 647 3762 regi
667 3691 803 3752 obriaxios,
823 3690 875 3743 iuro
889 3707 936 3758 pro
956 3691 1096 3758 apostolici
1116 3691 1200 3746 banni

68 3777 288 3845 transgressione
313 3776 486 3838 destinandos,
513 3775 535 3828 si
556 3774 673 3841 aliquam
693 3769 885 3838 subjectionem
906 3771 963 3838 regi
984 3772 1108 3839 deinceps
1127 3771 1200 3826 exhi·

69 3857 178 3910 herent.
216 3856 283 3910 Natu
304 3856 380 3922 Papa
405 3858 568 3924 prrr'nsqnunr
599 3874 658 3908 eum
680 3851 938 3904 tarantasiam-oaar.
968 3867 1000 3904 ex
1020 3860 1097 3920 purte
1117 3852 1199 3905 omni·

69 3936 194 4003 potentis
215 3935 263 3989 liei
292 3945 319 3990 et
347 3937 435 3990 saneti
457 3936 529 3989 l'etri
559 3945 586 3989 et
606 3951 656 3987 sua
675 3931 714 3986 illi
734 3944 848 3996 regnum
873 3930 1024 3989 interdixit.
1054 3941 1079 3984 et
1108 3948 1199 3986 crimes

71 4017 243 4070 Christianos
265 4016 429 4082 juramento,
456 4016 525 4082 quod
544 4016 594 4068 sibi
615 4014 743 4068 iecissent
762 4010 804 4062 rel
825 4007 923 4064 lateturi
950 4021 1048 4068 essent.
1074 4013 1200 4074 absolvit,

70 4107 96 4150 ct
119 4104 153 4150 ut
172 4097 263 4149 nullus
282 4097 306 4150 ei
325 4103 355 4150 ut
377 4096 435 4160 reci
456 4095 572 4149 serviret
590 4092 748 4154 interdixit3
769 4089 814 4154 qui
828 4103 921 4156 postea
941 4093 974 4144 ab
990 4109 1020 4145 eo
1039 4093 1201 4145 courmunio·

71 4193 133 4229 uem
159 4181 275 4240 tantum,
299 4193 350 4230 non
371 4192 492 4244 regnunt.
517 4174 586 4227 falsa
606 4174 778 4227 correctionis
802 4172 976 4236 promissioni¹
1002 4173 1198 4240 recuperarit.··

72 4255 104 4312 V.
126 4256 282 4310 ll'atterich
302 4258 318 4310 Ι.
337 4273 359 4312 c.
379 4258 400 4309 Ι.
421 4257 481 4310 530.

99 4359 244 4406 Juugmnnu,
262 4357 447 4395 llisscrtatioucs.
463 4357 526 4394 'l'cru¹
545 4357 582 4392 ll'.
1060 4345 1094 4397 ‘22
