2952 4832
364 511 505 566 vindiciae
524 513 549 566 S.
569 512 694 580 Gregorii
713 511 772 565 Vll.
1095 511 1147 564 311

43 657 221 738 constitutis,
246 655 442 740 pastoralem
458 676 550 719 suam
569 644 825 718 sollicitudinem
841 655 1034 740 impertiret,
1050 653 1150 718 liceat

44 755 212 838 praeterire.
243 754 328 818 Nam
343 753 479 838 longum
496 765 546 816 est
560 751 691 837 singula
707 773 872 832 enarrare,
889 750 1038 838 illudque
1053 751 1149 816 nobis

42 853 228 936 propositum
254 853 288 916 in
313 851 375 916 hac
399 851 650 930 Dissertatione‚
676 861 775 914 ntea
799 851 944 914 maxime
968 850 1150 914 referamus

42 960 68 1011 et
88 948 309 1030 discutiamus,
342 970 426 1035 quae
456 959 607 1034 spectant
630 947 781 1032 Gregorii
814 957 952 1012 conatus
984 947 1027 1011 ad
1051 947 1149 1012 resor-

42 1047 165 1111 mandos
188 1047 311 1112 abusus
336 1048 473 1132 ejusque
497 1069 572 1112 cum
596 1047 741 1132 Imperio
765 1046 900 1112 luctam.

546 1565 629 1630 111.

245 1721 499 1788 Vindictae
521 1723 559 1787 s.
581 1724 807 1804 Greqore't
842 1724 934 1788 VII.

114 1935 189 2000 109.
227 1932 393 2012 Quamvis
415 1955 457 1996 ex
482 1935 522 1996 iis
546 1957 632 2019 quae
656 1937 884 1998 enarravimus
908 1937 987 1998 satis
1010 1935 1149 2015 eluceat,

37 2035 155 2116 egregia
190 2053 260 2095 esse
285 2031 435 2114 Gregorii
468 2031 533 2095 VII
570 2033 603 2094 in
628 2031 812 2096 Ecclesiam
845 2035 971 2114 merita,
1008 2054 1150 2118 eumque

35 2132 191 2214 sapienter
203 2139 235 2192 et
248 2139 361 2194 sancte
378 2151 542 2192 summum
561 2130 791 2214 pontificatum
803 2133 953 2214 gessisse,
966 2131 1150 2216 justissime

35 2251 83 2290 sna
99 2226 282 2313 apostolica
298 2227 494 2290 auctoritate
509 2249 605 2290 usum
622 2251 702 2308 esse,
727 2239 759 2292 et
783 2251 841 2314 pro
857 2226 1027 2292 Ecclesiae
1051 2227 1149 2308 bono,

34 2337 212 2388 «constanter
242 2345 428 2404 aerumnas,
466 2326 721 2409 persecutiones,
759 2326 845 2390 mala
868 2324 1012 2410 plurima
1041 2335 1149 2411 pertu-

30 2421 105 2499 lisse,
132 2421 271 2509 juvabit
294 2421 511 2486 nihilominus
536 2425 724 2488 accuratius
748 2426 940 2488 examinare
976 2447 1031 2488 eas
1055 2446 1149 2488 accu-

30 2524 174 2602 sationes,
200 2543 284 2606 quae
310 2522 343 2584 in
369 2519 567 2603 Gregorium
594 2520 700 2585 solent
722 2521 870 2606 proferri.
897 2557 940 2568 -
964 2521 1041 2586 Jam
1066 2521 1149 2586 vidi·

30 2640 101 2702 mus,
127 2621 170 2682 ob
187 2622 326 2682 virtutes
349 2619 489 2682 eximias
505 2617 703 2702 Gregorinm
727 2619 770 2684 sd
786 2619 905 2684 Sedem
922 2619 1148 2704 Apostolicam

30 2717 120 2781 luisse
136 2727 302 2797 evectum,
320 2725 417 2800 atque
435 2737 473 2778 ea
489 2719 662 2780 occasione
680 2728 792 2781 sancte
810 2729 842 2781 et
858 2720 1025 2802 sapienter
1041 2719 1149 2804 ipsum
1240 2725 1244 2730 “

30 2835 90 2878 sese
105 2815 259 2898 gessisse.
270 2813 334 2877 Per
346 2835 380 2876 se
394 2815 495 2897 igitur
508 2825 712 2878 evanescunt
723 2815 909 2880 calumniae
920 2814 1148 2880 Cardinalium
1160 2829 1257 2880 erogem
1273 2829 1311 2870 vu

28 2923 53 2974 et
68 2915 298 2998 episcoporum
316 2911 615 2994 schismaticorum,
633 2915 689 2998 qui
707 2913 964 2994 contendebant,
982 2915 1027 2992 vi,
1053 2915 1149 2978 simo·
1189 2900 1288 2942 ΝΜ

28 3012 85 3079 nia.
111 3009 209 3074 malis
233 3009 584 3093 artibusGregorium
618 3011 849 3096 pontificatum
885 3034 955 3075 esse
979 3012 1149 3097 adeptum.

26 3105 136 3192 lnepta
162 3108 286 3192 pariter
310 3105 484 3171 mendacia
510 3108 551 3171 de
576 3110 680 3172 nimia
705 3131 780 3172 cum
797 3109 959 3174 Mathilde
984 3111 1149 3174 comitissa
1200 3108 1205 3118 ’

26 3205 246 3268 familiaritate
270 3215 301 3267 et
326 3205 367 3268 de
393 3205 522 3268 influxu
547 3205 723 3270 mulierum
748 3209 781 3270 in
796 3206 965 3272 Ecclesiae
990 3210 1148 3294 regimen,

23 3313 168 3386 spectata
192 3304 239 3366 rei
266 3314 384 3366 natura
409 3313 441 3365 et
455 3306 630 3367 sanctitate
647 3327 762 3368 severa
779 3305 929 3390 Gregorii
956 3305 1146 3386 concidunt,

23 3423 79 3463 nec
113 3413 163 3464 est
193 3411 229 3464 ut
253 3402 294 3464 iis
317 3399 507 3466 refellendis
531 3403 733 3468 insistamus.
781 3403 912 3468 Sufficit
937 3406 1038 3468 citare
1063 3426 1148 3490 quae

22 3519 77 3561 arro
103 3511 251 3584 tempore
276 3498 386 3583 quoad
411 3497 493 3562 haec
518 3499 686 3564 scribebat
709 3499 929 3566 Lambertus:
961 3503 1058 3588 Apnd
1087 3526 1148 3566 om-

22 3621 83 3672 nes,
116 3599 233 3684 inquit,
266 3619 378 3660 sanam
402 3595 527 3682 aliqu-id
549 3600 710 3684 sapientes
734 3599 799 3664 luce
830 3599 950 3664 clarius
973 3599 1148 3681 constabat,

14 3694 108 3777 sulm
131 3717 195 3758 esee
221 3717 302 3778 quae
324 3695 520 3758 dicebantur.
562 3697 650 3760 Nam
674 3708 703 3759 et
727 3697 819 3782 Papa
844 3708 908 3762 tam
932 3698 1045 3761 animia
1070 3709 1145 3762 tane-

21 3815 76 3873 qae
109 3793 281 3878 apostolice
313 3795 411 3856 eitam
441 3792 642 3871 instituebat,
677 3806 712 3856 nt
743 3819 799 3858 nec
830 3797 991 3880 minianum
1021 3797 1148 3859 sinistri

21 3891 154 3954 tamone
183 3889 341 3953 maculam
374 3893 622 3954 eosnaersationis
653 3895 719 3980 ejas
748 3891 925 3957 sreblimitae
956 3895 1145 3972 admitteret,

21 3998 48 4046 et
72 3987 130 4050 itta
156 3990 189 4051 in
213 3987 289 4051 arbe
313 3988 514 4052 celebeaa'ma
538 4000 631 4074 atqne
656 3991 690 4053 in
715 4001 805 4052 tanta
830 3989 1059 4076 obsequentiam
1075 3992 1146 4078 fre-

20 4087 147 4166 quentia
176 4085 360 4148 obsooennrn
384 4086 509 4171 aliquid
531 4099 724 4172 perpetrans
748 4087 845 4151 latere
870 4113 1067 4175 nequaqnam
1086 4115 1145 4176 po—

21 4183 136 4246 tuisset.
186 4182 287 4270 Siqna
316 4187 410 4248 etitem
441 4196 470 4247 et
491 4186 642 4269 prodigia
670 4210 749 4271 qnae
767 4190 1012 4271 perorationes
1036 4189 1146 4273 Papae

13 4277 215 4363 frequentias
235 4282 374 4364 flebant,
411 4294 441 4346 ct
463 4281 548 4346 zelas
572 4288 638 4372 ejus
661 4285 918 4369 ferventissimus
935 4309 999 4370 pro
1024 4286 1092 4349 Deo
1117 4297 1146 4347 et
