3002 4836
396 533 500 590 Oeneae
518 535 699 604 principatum
717 541 918 604 praeparantes
1170 541 1205 592 97

97 685 216 758 etentes,
239 677 363 742 exinde
381 678 453 764 jam
475 701 542 743 non
557 679 599 756 ab
614 677 761 743 exarcha
777 701 853 743 suos
877 679 978 745 duces
1000 693 1204 767 receperunt,

97 773 148 838 sed
178 777 237 861 ipsi
267 775 447 860 elegerunt,
479 779 632 863 quamvis
665 777 775 843 adhuc
809 778 870 842 sub
896 777 1120 844 dominatione
1143 780 1206 845 Im-

96 875 171 956 perii
184 885 403 939 remanerent.
449 875 500 940 Ita
519 877 619 941 etiem
634 876 772 958 Romae,
795 897 897 964 quum
921 875 1065 942 exarcha
1084 877 1207 943 Paulus

96 983 125 1033 et
132 970 196 1035 dux
207 971 539 1058 imperialisBasilius
549 975 687 1039 insidias
699 976 896 1039 strinxissent
907 975 995 1038 vitae
1003 973 1154 1062 Gregorii
1162 975 1207 1059 Π,

95 1067 210 1133 factum
233 1079 293 1152 est,
318 1081 356 1133 ut
376 1071 500 1135 Basilio
532 1071 653 1158 rejecto
684 1082 717 1136 et
745 1074 780 1136 in
804 1073 1040 1138 monesterium
1064 1074 1206 1160 detruse,

91 1166 154 1251 jam
185 1166 328 1231 Romani
364 1167 427 1232 sibi
461 1169 580 1234 ducem
613 1191 655 1234 ex
688 1191 725 1233 eo
760 1179 908 1254 tempore
941 1172 1002 1256 ipsi
1039 1170 1206 1257 eligerent.

95 1263 186 1328 Brevi
209 1275 285 1350 post
308 1287 397 1350 vero,
422 1289 524 1353 quum
548 1268 666 1332 Petrus
690 1267 760 1332 dux
784 1291 803 1331 a
826 1267 985 1332 Romanis
1008 1268 1132 1334 electus
1155 1291 1206 1334 ae-

96 1371 260 1426 cumretnr
291 1364 380 1450 quod
413 1373 528 1428 contra
558 1364 754 1430 Pontificem
786 1365 980 1450 Imperatori
1014 1367 1205 1452 scripsisset,

95 1460 227 1525 Romani
252 1462 353 1526 etiem
377 1461 466 1526 hunc
490 1462 608 1527 ducem
632 1462 851 1527 exturbarunt
873 1485 891 1526 e
915 1485 1051 1528 munere
1074 1487 1133 1530 suo
1141 1464 1174 1552 ¹).

175 1559 231 1624 20.
256 1559 493 1646 Lnitprsndus,
518 1560 595 1624 inde
619 1560 661 1624 eb
685 1583 714 1624 a.
742 1561 805 1624 712
818 1561 1113 1645 Longobardorum
1136 1585 1206 1647 rex,
1224 1589 1371 1642 noiomo„

95 1660 144 1742 qui
168 1657 346 1722 eonsilium
371 1668 503 1744 ceperat
532 1668 634 1723 totam
656 1658 788 1723 Italiam
819 1658 882 1723 sibi
911 1659 1120 1746 subjiciendi,
1144 1662 1209 1726 illis
1273 1663 1319 1694 ¹¹¹·

95 1755 244 1838 motibus,
269 1758 317 1819 uti
336 1757 408 1843 jam
439 1757 656 1842 praecedente
680 1757 920 1822 Dissertatione
949 1756 1105 1841 diximus,
1130 1781 1209 1823 usus

95 1867 149 1936 est,
172 1865 210 1919 ut
232 1855 449 1919 exarchatum
472 1856 714 1941 aggrederetur,
748 1865 847 1941 etque
870 1878 899 1920 e.
926 1856 988 1919 727
1013 1855 1209 1922 Ravennam

95 1951 220 2038 aliaque
244 1952 368 2038 oppida
392 1955 608 2038 expugnavit.
654 1953 754 2016 Brevi
778 1963 852 2038 post
874 1961 996 2038 tamen,
1020 1977 1123 2041 quum
1146 1955 1209 2019 Ve-

96 2053 158 2114 neti
172 2049 325 2136 Gregorii
343 2051 376 2114 Π
400 2050 532 2116 hortatu
548 2049 775 2136 imperialibus
798 2049 923 2118 auxilio
948 2055 1127 2136 venissent,
1149 2075 1210 2117 rex

97 2148 254 2214 Ravenna
277 2151 402 2234 ejectus
426 2159 483 2214 est
518 2147 564 2212 At
589 2171 691 2234 quum
707 2149 775 2212 Leo
790 2148 924 2214 Isaurus
946 2149 1071 2215 bellum
1095 2159 1209 2216 contra

96 2268 201 2311 sacras
225 2249 388 2332 imagines
412 2249 629 2337 continuaret,
653 2245 857 2332 perturbatio
880 2249 917 2312 in
935 2248 1031 2314 Italia
1054 2271 1121 2314 non
1145 2271 1210 2314 oes-

96 2347 188 2426 savit,
205 2345 264 2410 sed
289 2349 388 2410 etiem
412 2355 510 2409 aucta
533 2355 591 2411 est.
638 2345 741 2432 Ipitnr
759 2345 954 2410 dissensione
968 2347 1065 2433 foeta
1088 2349 1124 2412 in
1133 2371 1210 2434 par·

97 2443 176 2508 abne
199 2447 384 2524 Ravennae,
418 2446 464 2508 ita
488 2445 522 2508 ἰιι
546 2443 625 2507 Vita
649 2440 800 2528 Gregorii
834 2443 878 2523 II,
903 2442 965 2508 alii
986 2446 1212 2509 consentientea

96 2543 251 2628 impietati
280 2544 496 2628 Imperatoris,
530 2541 591 2604 alii
622 2563 690 2605 cum
713 2540 862 2624 Pontifice
895 2551 925 2604 et
938 2541 1091 2625 fidelibus
1114 2563 1146 2606 se
1170 2552 1210 2606 n-

97 2650 207 2722 mas,
231 2641 322 2703 intra
351 2661 403 2704 eos
433 2641 629 2703 contentione
658 2649 756 2717 mota,
781 2638 916 2702 Paulum
936 2639 1112 2726 patricium
1135 2640 1211 2704 occi·

97 2737 252 2824 deunt‘).
300 2737 512 2824 Longobardi
530 2758 660 2824 quoque
675 2738 953 2801 continuaverrmt
976 2737 1133 2802 infestare
1156 2758 1212 2800 va-

97 2837 288 2902 riasItaliae
312 2837 472 2922 regiones,
497 2837 608 2922 etjam
624 2834 780 2917 vidimus,
805 2857 842 2899 eo
867 2845 1012 2920 tempore
1036 2837 1135 2899 etiem
1153 2835 1211 2901 Su·

98 2936 190 2999 nium
221 2934 266 3000 ab
298 2937 346 2999 eis
374 2945 522 3021 ceptum,
557 2934 615 2999 sed
646 2943 720 3019 post
752 2932 878 3020 aliquot
911 2952 1040 2996 menses
1063 2932 1211 2996 Romano

97 3031 246 3098 Pontifici
270 3033 314 3098 sb
337 3035 418 3118 ipsis
442 3053 635 3098 conoessum
659 3030 806 3116 fuisse³).
852 3031 931 3095 Post
953 3039 1092 3096 mortem
1115 3029 1211 3094 Pauli

168 3283 191 3354 Ι)
209 3283 244 3338 V.
264 3284 404 3340 Anatesii
422 3285 515 3340 Vitam
535 3283 661 3354 Gregorii
678 3283 715 3340 11.

167 3363 188 3434 ¹)
206 3365 342 3420 Auctores
361 3365 444 3434 aliqui
461 3366 504 3420 uti
522 3365 642 3431 Kellner,
670 3362 853 3427 (Rohrbacher
872 3363 905 3418 K.
926 3363 958 3418 G.
978 3362 1008 3416 B.
1028 3362 1076 3416 XI.
1097 3361 1122 3416 S
1144 3361 1212 3426 141),

99 3449 211 3510 meent,
239 3453 302 3514 post
328 3451 441 3500 mortem
467 3445 547 3500 Pauli
567 3444 675 3499 exarchi
703 3443 861 3498 Ravennam
885 3459 903 3496 e
920 3441 1089 3509 Luitprsndo
1107 3445 1214 3508 captam

99 3537 162 3587 ⁰¹0.
185 3526 233 3579 sed
258 3525 380 3594 plerique
398 3531 521 3582 suctores
544 3527 666 3590 tradunt
690 3524 832 3580 civitatem
856 3522 925 3577 hanc
949 3527 1055 3589 captam
1074 3537 1090 3575 s
1109 3521 1214 3590 Longo-

100 3605 192 3672 tuus,
211 3605 314 3675 bosque
331 3623 392 3662 ιιιοι
411 3607 510 3676 eJ'ectos
528 3621 593 3672 esse,
605 3605 690 3660 Paulo
709 3605 795 3660 adhuc
813 3603 933 3659 exmcbo
960 3601 993 3656 V.
1011 3601 1107 3668 Balen,
1125 3601 1215 3655 Storia

100 3685 203 3742 d'ltalia
220 3687 298 3743 Τοιιι,
316 3687 353 3742 Π.
372 3685 404 3744 Ιι.
423 3687 501 3742 XIII.
521 3703 548 3742 n.
567 3687 601 3741 X.

166 3770 189 3836 ¹)
207 3767 291 3823 Hand
309 3784 327 3821 e
344 3765 512 3837 Luitprando
532 3783 597 3836 rege
615 3783 646 3821 ac
664 3763 849 3834 longobardis
873 3764 972 3818 Italiae
997 3762 1150 3832 superioris,
1168 3760 1215 3814 sed

101 3848 318 3918 elongabardis
344 3846 498 3915 spoletanis
525 3847 639 3914 (medies
661 3845 770 3910 Italiae)
798 3845 920 3900 Sutrium
938 3849 1047 3912 captum
1074 3849 1102 3897 et
1119 3846 1215 3908 postea

101 3929 230 4000 Gregorio
248 3929 275 3983 Π
293 3943 446 3983 ιοιιοοιιιιιιι
465 3943 536 3994 esse,
556 3925 750 3982 animadvertit
768 3923 879 3980 Kellner
901 3924 919 3980 L
938 3939 959 3979 c.
979 3923 1029 3978 Sed
1047 3921 1215 3990 Luitprsndo

101 4009 126 4064 il
142 4009 301 4066 macrinus
318 4008 474 4078 gravissimi
493 4013 623 4074 suctores,
642 4005 685 4061 nti
702 4005 790 4060 Balan
809 4006 839 4074 (ι
858 4021 879 4058 c
898 4021 925 4061 n.
944 4003 1009 4072 VII)
1027 4002 1215 4070 etBrunengo

102 4090 215 4161 (Origini
243 4105 270 4158 p.
298 4090 353 4154 tol,
372 4095 454 4157 atque
481 4090 510 4143 in
534 4087 598 4142 Vite
615 4086 740 4154 erepere
758 4085 797 4138 II
810 4083 923 4138 dicitnr:
962 4084 1078 4152 „Eodem
1096 4088 1216 4151 tempore

102 4187 145 4240 per
161 4173 201 4227 xl
220 4169 401 4226 Indictionem
421 4169 496 4238 (inde
514 4185 531 4222 a
548 4164 702 4236 Septembre
729 4181 754 4220 e.
784 4164 835 4218 727
854 4165 888 4218 ed
906 4163 1088 4233 Septembrem
1107 4177 1131 4216 a
1150 4161 1215 4228 ⁷28)

103 4253 157 4308 tolo
184 4269 201 4306 a
226 4250 414 4321 Longobardis
440 4264 583 4318 pervasum
610 4254 652 4302 eet
669 4246 808 4301 Sutriense
835 4244 989 4308 entellum,
1009 4245 1080 4310 quod
1098 4257 1146 4310 per
1164 4244 1216 4295 140

103 4331 146 4398 (ct
162 4335 208 4398 40)
228 4331 287 4386 dies
305 4331 340 4384 ab
358 4329 457 4386 eisdem
477 4327 662 4398 Langobardis
679 4341 830 4394 possessum
849 4330 898 4380 eet
921 4323 972 4379 Sed
990 4321 1130 4379 Pontificio
1147 4320 1215 4376 mul·

145 4443 273 4496 ιιι-ιι,
288 4443 462 4486 numum
478 4441 536 4484 Tom-
549 4439 585 4483 m.
1093 4411 1110 4465 7
