2922 4832
338 497 530 554 Controversia
547 497 581 553 de
599 496 852 554 reordinationibus.
1110 495 1157 550 rat

57 639 127 706 liano
149 639 328 726 aliquando
351 661 389 704 eo
414 659 522 704 errore
545 632 756 720 tenebantur,
788 639 1029 706 haereticorum
1051 661 1156 704 sacra·

57 748 149 803 nenta
172 736 321 802 invalida
344 759 432 819 esse,
449 738 498 802 uti
522 735 697 822 baptisma,
723 738 769 802 ita
792 738 891 802 etiam
915 736 1156 802 ordinationem

56 835 211 902 bmretiois
233 836 402 900 conversis
425 834 661 900 conferendam
684 834 766 900 falso
782 833 1014 922 opinabantur.
1045 835 1156 900 Etiam

57 937 83 998 iu
100 935 274 1020 suppositis
308 933 492 998 canonibus
515 931 750 1018 Apostolorum
783 954 919 999 erronea
949 934 1011 998 ista
1045 935 1157 1018 opinio

54 1053 192 1116 expressa
216 1030 349 1096 videtur
372 1052 445 1096 ean.
469 1030 543 1096 67⁰:
580 1029 618 1096 st
640 1031 709 1116 qais
732 1031 896 1117 epiecopus
920 1041 976 1096 aat
993 1031 1159 1118 presbyter

55 1141 99 1194 not
121 1129 275 1194 dianonus
305 1127 474 1192 secandam
504 1127 544 1194 ab
575 1125 683 1214 aliquo
713 1127 947 1192 ordinationem
977 1132 1157 1214 naceperit,

53 1227 205 1312 deponitor
228 1237 293 1290 tam
315 1227 400 1312 ipae,
434 1249 527 1311 paam
550 1227 605 1312 qai
635 1227 740 1312 aarum
766 1225 945 1304 ordinarit,
979 1227 1046 1290 nisi
1069 1226 1158 1312 forte

52 1335 152 1390 comtet
184 1325 417 1390 ordinationem
448 1345 516 1387 enm
544 1323 656 1388 babere
690 1322 729 1387 ab
759 1324 932 1388 haereticis.
983 1322 1046 1397 Qui
1077 1325 1158 1388 enim

52 1423 199 1488 atalibns
223 1421 378 1508 baptizati
401 1433 457 1486 aot
481 1421 625 1486 ordinati
648 1431 730 1498 sant,
753 1422 905 1506 binaque
918 1421 1034 1505 fideles
1062 1445 1157 1507 nepae

51 1519 143 1586 cleriei
174 1543 239 1586 esee
267 1517 466 1606 poseant.¹).
493 1517 727 1584 Controversia
757 1520 821 1582 ieta
849 1518 890 1582 de
919 1518 1031 1585 valore
1054 1541 1158 1584 sacra-

51 1629 234 1700 mentorum,
258 1639 344 1703 quae
366 1616 409 1682 ab
434 1616 609 1682 haereticis
633 1616 857 1700 conteruntur,
889 1618 936 1680 uti
961 1627 1075 1682 notum
1099 1630 1157 1700 est,

50 1715 207 1802 aliquanto
229 1724 377 1800 tompore
401 1716 488 1780 inter
516 1715 606 1779 viros
629 1713 799 1780 Ecclesiae
823 1715 944 1799 viguit,
975 1715 1034 1780 sed
1057 1725 1156 1801 patet,

50 1813 115 1879 inde
137 1822 371 1900 argumentum
395 1813 462 1899 peti
487 1833 554 1878 non
577 1833 671 1898 posse
695 1819 810 1877 contra
833 1811 979 1878 valorem
1002 1813 1157 1880 ordinati-

50 1913 111 1978 onis
132 1912 387 1978 haereticorum.
424 1909 576 1976 Ecclesia
599 1912 688 1974 enim
707 1909 853 1974 valorem
877 1921 1158 1978 sacramentorum

48 2008 83 2074 ab
105 2009 282 2075 haereticis
306 2007 498 2074 collatorum
523 2006 718 2104 vindicavit.
1140 1999 1144 2007 ’

125 2143 181 2208 26.
220 2143 275 2207 Ex
297 2143 428 2229 scriptis
450 2142 597 2224 Petrum,
628 2144 684 2228 qui
708 2151 856 2229 tempore
879 2141 1079 2207 Arianorum
1103 2142 1159 2208 flo-
1194 2141 1304 2243 affigi

50 2241 167 2324 rebant,
193 2242 242 2305 uti
266 2263 291 2306 s.
315 2238 492 2305 Athanasii
516 2248 596 2304 ets.
620 2238 746 2324 Basilii,
771 2239 951 2325 colligitur,
983 2239 1159 2306 ordinatio·

48 2360 97 2402 nes
118 2339 322 2404 Arianorum
346 2339 475 2423 agnitas
498 2337 599 2402 iuuisse
623 2346 659 2401 nt
682 2336 821 2420 validas,
847 2352 879 2402 et
901 2337 1061 2402 exsectis
1085 2358 1159 2403 con·

48 2445 112 2520 stat,
136 2437 313 2524 episcopos
339 2457 382 2500 ex
395 2434 597 2499 Arienorum
612 2434 740 2500 haeresi
760 2435 935 2500 redeuntes
950 2457 1016 2500 non
1041 2437 1159 2500 iterum

47 2535 207 2600 ordinatos
230 2534 342 2598 fnisse.
365 2571 410 2580 -
432 2533 473 2597 In
490 2531 638 2598 Concilio
653 2533 800 2600 Nicaeno
825 2532 920 2598 aliter
942 2535 1096 2598 statuitur
1119 2535 1159 2599 de

45 2631 254 2698 Paulinnistis
286 2632 343 2718 qui
373 2629 522 2717 regulam
555 2629 711 2717 baptismi
744 2653 811 2696 non
841 2631 1012 2715 tenebant,
1044 2653 1083 2696 ac
1118 2632 1159 2696 de

45 2727 236 2795 Novatianis
268 2730 324 2815 qui
355 2731 416 2794 rite
448 2727 675 2814 baptizabant.
729 2729 850 2809 Quoad
882 2731 1006 2815 priores
1037 2729 1160 2795 dicitur

45 2849 111 2894 can.
136 2829 197 2893 19:
230 2829 280 2892 De
304 2825 516 2892 Paulianistie
539 2825 594 2912 qni
615 2827 729 2891 deinde
753 2827 797 2890 ad
821 2827 993 2892 &aleriam
1016 2827 1158 2913 confirpe-

44 2939 111 2990 rant
132 2936 286 2992 statrotam
309 2935 371 3004 eet,
402 2937 437 2990 nt
460 2927 487 2989 ii
509 2927 634 2990 omnino
662 2925 904 3013 rebaptizentur.
953 2925 990 2990 si
1011 2927 1066 3012 pai
1087 2948 1158 2989 aero

43 3035 175 3111 tempore
193 3025 370 3112 praeterito
401 3025 436 3087 in
459 3022 642 3088 clericorum
671 3045 799 3088 numero
822 3035 930 3100 erant,
963 3023 1115 3110 mquidem
1138 3049 1158 3088 a

42 3121 132 3208 calpa
154 3133 186 3186 et
215 3121 453 3208 reprehensione
477 3121 577 3186 alieni
605 3123 771 3199 vinciat,
800 3120 991 3207 rebaptizati
1014 3122 1158 3186 ordinen-

41 3229 88 3282 tur
117 3245 139 3284 a
170 3217 344 3284 catholicae
366 3218 525 3284 Ecclesiam
558 3219 713 3305 episeopo.
738 3257 781 3266 -
806 3218 926 3300 Quoad
954 3219 1159 3284 Novatianos

39 3320 193 3382 statuitur
217 3339 291 3381 can.
315 3317 352 3380 8:
382 3317 432 3380 De
455 3317 572 3402 hirqui
595 3340 626 3381 ae
645 3315 798 3382 Catboroa
821 3317 857 3382 id
872 3328 919 3382 ero
935 3339 1039 3402 puros
1061 3340 1158 3403 qaan-

39 3415 134 3502 dopoe
168 3415 351 3498 nominant,
384 3413 429 3478 ad
458 3413 643 3479 catholicam
678 3425 781 3480 autem
815 3426 845 3481 et
871 3414 1079 3502 apostolicam
1101 3416 1158 3480 Eo-

39 3511 166 3580 deriam
197 3513 363 3594 eamdam,
396 3522 525 3577 sanatae
556 3535 688 3599 maprnae
718 3510 840 3600 synodo
863 3514 963 3578 wan
986 3521 1048 3592 eat,
1076 3509 1159 3576 ὥστε

37 3607 340 3696 χειροθετουμένους
362 3607 477 3686 adroic
498 3607 605 3693 μένειν
628 3607 729 3688 ariade
751 3608 786 3676 dr
808 3615 855 3696 τῷ
878 3608 981 3696 κλήρῳ
1005 3621 1066 3676 eto.
1090 3610 1159 3674 Du-

37 3707 112 3793 plex
149 3719 200 3774 est
240 3707 359 3772 horum
397 3705 575 3772 verborum
609 3707 798 3795 explicatio.
857 3709 962 3776 Juxta
999 3707 1158 3794 quosdam

38 3809 233 3894 interpretes
256 3802 558 3891 χειροθετουμὲνους
580 3806 715 3893 respicit
738 3806 888 3875 ordinem
915 3809 948 3872 in
973 3809 1045 3893 ipso
1070 3815 1158 3872 secta

36 3916 225 3993 receptum,
256 3905 303 3984 ita
334 3912 372 3968 ut
402 3925 517 3968 sensus
547 3904 604 3969 sit:
638 3926 689 3970 eoo
717 3907 772 3991 poi
793 3929 906 3972 manne
927 3905 1159 3993 impositionem

109 4109 129 4176 ¹)
151 4107 271 4164 Censent
289 4113 380 4162 tamen
392 4106 490 4174 plures,
503 4105 548 4162 hic
559 4105 607 4175 agi
624 4105 657 4162 de
670 4105 814 4162 hmanas
831 4109 878 4176 qni
896 4124 951 4164 non
967 4108 1021 4164 rite
1038 4107 1159 4175 baptiza-

38 4187 118 4256 bant;
144 4189 189 4244 ita
212 4187 269 4256 ime
287 4187 408 4242 Monam
433 4185 450 4242 l.
470 4203 491 4243 r.
517 4201 574 4255 nep.
593 4183 662 4252 VH,
687 4187 830 4257 Toumely,
854 4188 1002 4244 Holtaklau
1020 4194 1071 4244 etc.
1107 4187 1159 4243 Sed

39 4269 148 4324 videtur
168 4267 276 4323 obstare
295 4266 381 4321 iorrne
399 4263 509 4320 mnonis
527 4265 697 4325 universalis.
