2932 4836
307 492 348 546 De
366 491 553 548 Decretelibns
571 492 854 550 Pseudo-isidorianis.
1092 496 1148 551 319

48 647 232 700 consecratus
256 645 306 702 est
328 636 383 700 die
409 637 449 700 14
464 634 660 701 Decembris
684 660 714 702 a.
730 637 805 716 867,
830 638 979 702 nondum
1002 637 1147 704 redierat

47 757 138 798 osus
167 734 208 798 ad
234 733 395 818 Bulgaros
427 735 598 812 missione,
635 736 682 797 uti
715 747 829 803 auctor
859 736 949 800 Vitae
981 736 1150 802 Hadriani

49 832 132 896 elX.
154 832 263 896 refert
309 831 409 896 Brevi
433 841 507 916 post
530 843 640 896 tomen
664 853 817 896 reversus
841 843 905 912 est3
930 835 1051 898 etenim
1075 836 1147 920 ipse

47 951 104 993 cum
135 928 197 994 alio
232 929 384 1016 praesule
419 931 626 994 consecravit
665 932 700 994 in
735 933 907 1016 episcopos
941 930 1068 1018 aliquos
1103 953 1147 996 ex

47 1027 194 1114 discipulis
227 1051 269 1092 ss.
293 1026 455 1094 Methodii
485 1037 518 1092 et
549 1025 665 1112 Cyrilli
696 1029 754 1114 qui
785 1037 865 1093 tunc
888 1029 1011 1093 Romae
1042 1039 1145 1111 orant,

45 1149 162 1212 eamque
192 1128 474 1192 consecrationem
508 1126 624 1189 merito
649 1125 713 1188 viri
738 1126 858 1190 eruditi
889 1127 1012 1192 laetum
1036 1129 1147 1192 existi-

46 1238 116 1288 nsnt
144 1224 198 1290 die
229 1226 250 1290 5
281 1224 435 1290 Januarii
467 1247 496 1288 a.
531 1223 638 1304 868³)
686 1221 779 1302 Ques
812 1225 913 1308 igitur
942 1225 1146 1304 acciderunt,

45 1345 126 1406 quum
155 1323 252 1387 initio
283 1321 382 1407 hujus
413 1323 491 1386 anni
521 1318 710 1406 Teutberga
739 1320 877 1386 Romam
911 1326 1070 1405 venisset,
1106 1347 1146 1388 ac

44 1418 243 1506 subsequente
277 1431 443 1506 tempore,
479 1427 589 1483 orator
620 1427 657 1482 ut
688 1419 780 1482 testis
813 1418 853 1484 de
886 1421 960 1484 visu
992 1433 1147 1486 accurate

44 1518 139 1595 refert,
175 1517 216 1582 de
248 1519 481 1582 communione
512 1538 590 1581 vero
621 1516 803 1581 Zachariae
833 1529 905 1582 ante
938 1519 1146 1599 astensem,

43 1613 167 1700 loquitur
189 1626 350 1702 tanquam
375 1615 416 1680 de
439 1637 475 1678 re
499 1615 562 1700 ipsi
588 1615 697 1680 minus
721 1602 904 1700 comporta,
937 1619 985 1681 cti
1007 1642 1147 1682 murmur

44 1713 169 1778 eureus
199 1714 300 1778 labet.
348 1711 523 1778 Caeterum
554 1733 632 1777 vero
664 1713 793 1796 integra
817 1712 872 1778 illa
902 1717 1005 1779 oratio
1031 1715 1145 1797 indoli,

43 1810 220 1892 eruditioni,
256 1811 435 1876 tendentiis
469 1811 618 1874 Formosi
653 1811 799 1896 episcopi
834 1810 1025 1878 Portuensis
1060 1811 1146 1878 berre

43 1909 207 1994 respondet.
248 1908 346 1974 Unde
360 1919 393 1973 et
413 1909 685 1994 suppositionem,
705 1909 768 1993 ipsi
785 1907 872 1973 hanc
887 1911 1069 1974 orationem
1092 1913 1145 1973 tri-

44 2005 192 2072 buendum
217 2030 298 2090 esse,
323 2007 539 2072 fundamento
563 2004 727 2091 probabili
748 2026 816 2070 non
832 2027 944 2070 carere
962 2029 1145 2074 censemus.

115 2115 186 2178 116.
222 2113 512 2194 Quemadmodum
546 2115 646 2196 igitur
667 2111 844 2194 Nicolaus,
881 2115 926 2177 ite
955 2116 1054 2178 etiam
1078 2113 1144 2178 Ha·

41 2209 158 2276 drisnm
188 2211 222 2277 11
264 2214 457 2298 neutiquam
495 2211 622 2276 studuit
658 2209 754 2276 Sedis
788 2209 999 2298 Apostolicae
1036 2223 1146 2277 auoto-

42 2309 153 2374 ritetem
186 2321 220 2374 et
250 2319 443 2396 potestatem
475 2331 516 2374 ex
540 2307 772 2373 Decretulibus
795 2309 1146 2375 Pseudo-Isidorianis

42 2407 194 2472 vindicare
219 2409 272 2473 vel
295 2408 507 2494 amplificare,
533 2408 686 2492 quamvis
712 2415 798 2470 certe
819 2405 965 2494 tempore
981 2408 1145 2473 Hadriani

42 2502 216 2571 Decretales
250 2505 325 2571 illue
360 2506 484 2569 Romae
520 2515 616 2568 notec
652 2515 769 2569 essent.
820 2505 890 2569 Nec
925 2505 1146 2592 subsequente

40 2613 129 2668 setste
161 2627 265 2691 usqne
296 2604 339 2668 sd
368 2603 514 2667 Leonem
540 2602 590 2667 IX
621 2601 688 2668 RR.
720 2602 898 2668 Pontifices
931 2627 972 2668 ex
1002 2604 1145 2669 Pseudo-

41 2697 255 2766 Decretalibus
278 2703 506 2766 auctoritatem
531 2722 623 2764 suem
648 2702 721 2764 tuiti
746 2711 832 2766 sunt.
870 2702 998 2766 Tamen
1020 2703 1146 2766 interea

40 2801 128 2882 magis
166 2801 339 2886 magisque
375 2797 517 2863 invaluit
556 2797 732 2884 discipline
766 2797 823 2862 illa
861 2802 1043 2886 antiquitus
1079 2823 1144 2864 uon

41 2893 153 2978 ignoto,
190 2897 248 2962 sed
279 2919 346 2962 non
383 2917 512 2982 semper
546 2895 716 2980 adhibite,
753 2919 818 2982 qua
849 2898 883 2959 in
915 2899 1144 2983 episcoporum

36 2991 155 3072 judiciis
178 2995 281 3060 Sedes
304 2994 496 3081 Apostolics
527 2994 651 3058 directe
675 2993 935 3074 interveniebat,
967 3017 1069 3080 quum
1094 3017 1145 3058 ea-

40 3085 102 3152 dem
129 3102 313 3178 opportuna
343 3101 428 3157 esset
457 3101 490 3156 et
517 3101 702 3177 temporum
734 3091 900 3175 adjunctis
931 3094 1145 3157 conveniens.

40 3183 212 3254 Generatim
237 3199 348 3255 autem
372 3189 454 3254 illud
478 3189 682 3254 auctoritatis
706 3191 901 3253 exercitium
934 3199 967 3253 et
989 3211 1028 3254 ea
1046 3191 1143 3275 juris-

40 3282 176 3352 dictionis
200 3287 388 3374 applicatio,
414 3308 500 3376 quae
524 3289 558 3351 in
574 3286 951 3352 Pseudo-Decretelibus
976 3289 1144 3351 continen-

38 3392 96 3455 tur,
125 3384 284 3470 ejusmodi
309 3395 401 3468 sunt,
435 3395 471 3449 ut
495 3384 591 3471 plone
614 3383 837 3469 respondeant
860 3387 947 3450 veris
970 3385 1146 3471 principiis

39 3477 72 3542 de
93 3485 230 3566 primatu
247 3485 390 3549 Romani
406 3481 586 3566 Pontificis,
611 3504 789 3568 eorumque
812 3484 1051 3568 principiorum
1076 3481 1145 3546 diei

39 3580 151 3657 possint
172 3582 316 3646 evolutio
348 3591 381 3645 et
404 3580 582 3667 applicatio
606 3579 776 3646 naturalis.
823 3581 933 3644 Etiam
966 3581 1036 3645 sine
1061 3580 1143 3665 ejus·

40 3674 117 3739 modi
138 3678 366 3744 Decretelibus
390 3679 492 3744 Sedes
516 3677 707 3764 Apostolica
738 3676 794 3742 illa
825 3701 982 3765 peragere
1005 3689 1144 3764 poterat,

39 3787 64 3832 et
86 3773 217 3841 decursu
248 3789 451 3863 temporum,
483 3799 523 3842 ac
546 3774 721 3861 multiplici
747 3774 945 3842 obveniente
970 3797 1143 3842 causarum

39 3882 64 3930 et
85 3877 308 3939 necessitatum
334 3877 512 3956 varietate,
544 3874 660 3939 eodem
684 3874 737 3938 vel
770 3874 869 3939 simili
893 3876 1019 3938 ratione
1044 3873 1143 3938 eccle·

101 4123 119 4159 ²*
138 4123 193 4176 Post
219 4124 284 4178 haec
305 4123 390 4192 jussit
413 4139 483 4190 papa
507 4123 573 4176 duos
598 4121 736 4190 episcopos
766 4123 916 4176 Firmosum
938 4127 971 4175 'et
990 4121 1145 4175 Goidricum

36 4201 184 4258 unctitiosre
210 4205 365 4259 solemniter
396 4203 540 4271 discipulos
568 4203 720 4257 Slovenicos
765 4209 832 4258 etc.“
876 4202 943 4256 Vite
971 4199 1145 4255 Constantini

38 4281 140 4344 s‘sritti,
157 4301 176 4337 e
196 4287 234 4339 17.
273 4285 342 4338 Vide
361 4283 478 4351 Leptitre
498 4283 514 4336 l.
536 4299 558 4339 o.
577 4299 602 4350 p.
623 4285 683 4348 413,
704 4289 769 4336 note
786 4285 812 4336 4.
