3054 4834
316 469 370 522 386
604 469 694 522 xxa.
715 469 906 524 Controversia
924 469 956 522 de
976 468 1159 522 Investituris.

315 612 532 676 dimittendis
580 612 627 675 Re
652 614 739 676 enim
766 634 841 676 cum
867 612 1003 676 consilio
1028 613 1283 680 communicata.
1308 633 1443 696 respon-

314 709 372 792 dir,
398 733 431 774 se
456 710 507 774 bis
531 711 753 796 acquiescere,
785 710 876 774 modo
896 707 991 793 fidem
1016 719 1045 772 et
1061 710 1224 796 justiliam
1248 708 1339 794 apral
1362 732 1443 770 aern-

312 831 395 871 mam.
411 809 589 892 Pontificem
614 809 779 886 inveniret,
804 817 835 872 et
859 829 973 872 veram
998 827 1113 893 pacem
1139 809 1208 892 ipse
1233 815 1265 870 et
1284 807 1346 870 sui.
1372 827 1444 894 pes·

312 908 540 992 sessionesque
570 905 670 992 hujus
703 907 832 971 dissidii
867 909 1039 970 occasione
1070 908 1209 970 amissae
1241 907 1444 990 reprerenr.

311 1003 479 1067 Henricus
504 1003 582 1070 dela
606 1003 773 1090 profectus
799 1015 847 1068 cst
862 1003 1049 1080 Triburem,
1075 1003 1131 1068 ubi
1150 1004 1285 1067 comitia
1302 1002 1443 1088 Imperii

311 1121 386 1164 eum
423 1101 628 1186 prIncipibus
661 1101 778 1166 habuit
808 1117 934 1188 (mense
958 1101 1086 1188 Junio).
1135 1099 1287 1165 calixtus
1318 1099 1352 1163 II
1395 1099 1443 1162 ibi

310 1201 442 1284 agnitus
466 1199 530 1262 fuit
544 1209 580 1263 ut
595 1199 749 1263 Pontifex
767 1223 785 1263 a
803 1199 1003 1264 Germaniae
1019 1197 1237 1285 praesulibus,
1263 1200 1320 1284 qui
1337 1199 1443 1262 etiam

309 1297 488 1360 libamensi
511 1297 638 1381 synodo
663 1319 697 1361 ee
714 1296 887 1362 adfuturos
911 1300 1141 1383 promiserunt.
1167 1335 1209 1344 -
1233 1296 1347 1360 Rebus
1365 1319 1445 1360 een·

309 1395 414 1474 fectis,
455 1395 620 1458 Henricus
646 1395 677 1457 V
711 1395 744 1458 ln
777 1395 921 1460 Galliam
952 1417 1104 1460 reversus
1136 1405 1194 1470 est,
1233 1405 1269 1457 ut
1299 1407 1333 1458 et
1367 1397 1445 1480 ipse

308 1493 435 1576 synodo
460 1493 638 1558 Rhemensi
663 1495 844 1558 interesset.

397 1637 450 1699 39.
473 1661 475 1668 ’
498 1637 685 1720 Deputavit
718 1637 847 1698 interim
881 1633 1032 1698 Oalixtus
1057 1635 1088 1697 Il
1125 1634 1207 1698 duos
1239 1633 1446 1698 (lardinales

306 1733 349 1796 ad
383 1733 630 1818 Imperatorem,
674 1743 710 1796 ut
743 1736 930 1797 accuratius
961 1735 1180 1796 convenirent
1212 1753 1285 1794 cum
1320 1755 1359 1795 co
1399 1733 1444 1796 de

307 1831 536 1896 concludenda
561 1831 748 1897 eoncordia.
780 1831 824 1894 Hi
849 1839 1063 1895 occurrerunt
1079 1831 1224 1895 Henrico
1241 1830 1442 1896 Virdunum

306 1930 392 1992 inter
415 1939 447 1991 ct
470 1929 585 2001 llletas,
611 1941 643 1992 et
663 1929 733 2012 jam
759 1928 883 2014 duplex
908 1931 1084 1992 conventio
1110 1931 1294 2013 conscripta
1322 1939 1355 1991 et
1380 1931 1440 1992 ad-

305 2028 405 2090 missa
430 2027 501 2106 fuit,
526 2027 628 2090 altera
654 2029 687 2090 in
712 2049 776 2112 qua
794 2027 978 2113 Imperator
1002 2027 1237 2112 promittebat:
1263 2028 1330 2112 Epo
1349 2029 1438 2090 Hen-

303 2126 389 2188 rt'aas
420 2175 426 2188 .
455 2181 459 2190 .
486 2174 492 2188 .
524 2126 647 2188 diraitto
672 2147 791 2188 enarrem
815 2127 1034 2189 investituram
1059 2127 1192 2188 omniurn
1219 2125 1437 2192 ecclesianam

304 2233 333 2284 et
363 2222 403 2285 do
438 2246 542 2285 veram
568 2247 681 2308 pacem
712 2223 870 2302 arn-nibus,
913 2226 966 2310 qai
1008 2247 1048 2287 ea
1079 2247 1137 2308 qao
1172 2224 1336 2287 discordia
1369 2227 1437 2287 ista

302 2322 413 2406 coepit,
435 2343 495 2405 pro
521 2320 662 2384 Ecclesia
686 2323 720 2384 ia
742 2343 857 2406 pererra
873 2322 1019 2408 fueruat.
1050 2361 1090 2368 —
1121 2322 1329 2385 Promittitur
1353 2321 1434 2384 (lein

302 2418 464 2481 restitutio
489 2421 730 2502 possessionum
757 2422 962 2483 amissarum.
981 2458 1023 2466 -·-
1040 2419 1078 2482 ln
1103 2419 1204 2483 altero
1230 2419 1435 2482 documento

301 2515 467 2580 statuebat
491 2516 664 2580 Pontifex:
702 2519 767 2602 Epo
795 2517 941 2582 Cale'atas
965 2519 1002 2581 II
1029 2568 1035 2581 .
1063 2567 1069 2580 .
1096 2569 1102 2581 .
1133 2519 1294 2580 doveram
1319 2541 1431 2600 pacem

301 2615 439 2677 Hearieo
474 2617 689 2678 Romanorum
721 2616 912 2701 Imperatori
936 2615 1077 2700 Aapaslo
1112 2627 1140 2678 et
1176 2613 1335 2688 orrraibus,
1375 2617 1435 2698 qui

296 2735 358 2796 pro
392 2735 426 2774 eo
457 2723 567 2774 contra
602 2712 774 2776 Ecclesiam
797 2713 935 2798 filerunt
972 2713 1022 2776 ael
1049 2725 1131 2777 suat.
1181 2713 1268 2776 Delu
1302 2713 1435 2796 pariter

299 2808 442 2873 redditio
458 2809 619 2872 bonorum
636 2833 720 2896 quae
737 2811 779 2874 ab
796 2810 860 2875 illis
878 2814 998 2874 amissa
1014 2812 1145 2875 fuerant
1161 2809 1432 2896 promittebatur.

300 2907 467 2971 Statutum
505 2927 601 2991 porro
643 2920 700 2988 cst,
743 2921 777 2971 ut
814 2909 867 2972 die
897 2911 957 2973 ‘24⁰
990 2909 1144 2974 Octobris
1181 2909 1224 2972 ad
1249 2909 1431 2972 Masonem

299 3005 467 3090 (Ilouzonl
491 3005 645 3068 Pontifex
670 3019 702 3069 et
716 3006 901 3092 Imperator
923 3008 965 3071 ad
982 3007 1182 3094 colloquium
1208 3009 1431 3070 convenirent

298 3113 331 3164 et
353 3114 433 3166 tunc
460 3117 552 3188 praeta
579 3103 798 3168 firmarentur.

158 3288 255 3340 snm,
388 3257 441 3318 40.
471 3254 614 3318 lllremas
631 3254 758 3318 rediere
773 3255 883 3339 legati,
908 3256 965 3320 ubi
983 3255 1134 3320 Calixtus
1149 3257 1182 3322 ll
1207 3257 1261 3321 die
1286 3259 1347 3322 :20⁰
1364 3267 1429 3326 Oc·

141 3357 273 3402 anmmn.
299 3353 410 3432 tobris,
444 3351 673 3438 praesentibus
704 3353 877 3418 Ludovieo
904 3355 951 3418 VI
984 3353 1114 3418 Galliae
1145 3378 1221 3440 rege
1245 3356 1427 3444 multisque

297 3473 340 3514 ex
364 3451 471 3530 Italia,
509 3450 630 3528 Gallia,
667 3449 858 3534 Germania,
896 3451 1019 3536 Anglia
1043 3455 1208 3540 episcopis
1242 3455 1424 3520 concilium

296 3551 435 3633 aperuit.
483 3548 670 3612 Luculenta
702 3551 850 3614 oratione
886 3573 1022 3613 exorsus
1057 3567 1114 3634 est,
1153 3553 1187 3614 in
1221 3575 1287 3636 qua
1320 3553 1422 3618 multa

297 3645 338 3710 de
372 3669 452 3731 pace
482 3645 648 3730 praeclare
679 3647 775 3720 dixit,
809 3669 909 3732 seque
937 3647 980 3712 ad
1005 3669 1078 3710 eam
1103 3648 1273 3714 Ecclesiae
1304 3665 1336 3714 et
1361 3651 1423 3716 lm-

296 3745 387 3828 perio
422 3744 664 3828 procurandam
690 3745 844 3808 omnibus
872 3747 950 3808 eniti
978 3746 1095 3810 studiis
1119 3748 1332 3828 significavit.
1380 3749 1421 3814 Se

296 3863 427 3926 quoque
452 3839 533 3904 nibil
560 3864 625 3904 non
650 3855 799 3906 acturum
827 3841 1018 3923 declaravit,
1053 3843 1097 3906 ad
1121 3847 1325 3908 simo-uiarum
1350 3849 1419 3912 leue·

293 3942 389 4002 restra
422 3962 502 4025 qaae
530 3942 666 4002 araar'rae
692 3964 752 4024 per
784 3941 987 4004 investituras
1018 3952 1128 4005 contra
1160 3943 1332 4007 Ecclesiam
1357 3947 1421 4010 Dei

295 4040 448 4099 tarso-rata
463 4049 542 4112 erat,
568 4036 703 4100 consilio
720 4048 751 4098 et
766 4037 890 4102 auxilio
908 4048 1039 4122 patrum
1055 4039 1305 4106 eliminandam.
1331 4043 1416 4108 Tum

294 4133 456 4198 Ostiensis
488 4146 520 4196 ct
545 4134 798 4198 Catalauneusis
828 4137 989 4221 episcopi,
1026 4139 1081 4222 qui
1115 4137 1157 4202 ad
1182 4139 1415 4224 Imperatorem

294 4253 353 4316 pro
385 4233 514 4314 negotio
547 4234 638 4317 pacis
670 4233 759 4296 missi
792 4233 932 4315 fuerant,
969 4233 1104 4312 iubente
1129 4236 1219 4322 Papa
1242 4237 1415 4322 legationis
