2922 4832
364 492 555 548 Controversia
573 493 606 546 de
626 493 799 562 tetragamia.
827 489 834 502 '
1095 495 1143 548 137

47 649 128 716 cerat,
151 637 342 723 postulavit,
373 645 410 700 ut
433 635 549 700 saltem
581 655 615 700 se
638 645 805 722 separaret
828 659 847 700 a
872 637 947 719 Ζοδ,
972 637 1078 702 donec
1102 638 1143 702 le·

46 738 101 819 goti
121 736 220 800 Roma
242 745 341 821 atque
365 755 407 798 ex
430 733 504 798 aliis
527 732 662 798 sedibus
685 734 962 822 patriarchalibus
991 737 1143 800 accersiti

45 855 107 897 oum
128 831 251 918 synodo
275 853 344 897 rem
368 832 607 896 examinarent.
654 831 871 918 supponebat
892 831 1050 898 Nicolans
1072 833 1144 900 siue

45 931 139 1012 dubio,
161 953 256 996 suam
279 930 475 995 seutentiam
499 929 730 994 confirmatum
754 932 805 995 iri.
841 931 985 1016 Negavit
1006 931 1085 1013 Leo,
1110 953 1145 997 se

45 1028 87 1092 rel
107 1051 161 1115 per
181 1031 319 1094 unicum
343 1027 432 1092 diem
456 1025 670 1092 dimissurum
694 1025 895 1113 Angustam,
927 1039 1093 1094 caeterum
1117 1033 1144 1094 si

43 1149 113 1211 qnae
134 1127 282 1211 synodus
305 1135 561 1210 congregaretur
584 1147 618 1189 se
642 1136 769 1190 certum
794 1147 880 1206 esse,
913 1147 981 1190 non
1008 1125 1144 1211 rejectu-

43 1247 99 1288 ram
121 1228 225 1310 ipram
257 1247 354 1290 suum
386 1222 507 1308 agendi
543 1223 688 1288 modum.
733 1221 870 1288 Interim
902 1223 1059 1288 Nicolaus
1082 1223 1145 1288 Im·

44 1333 209 1404 peratorem
233 1322 277 1387 ab
301 1325 450 1406 ingressu
474 1319 642 1407 (solemni)
667 1323 701 1384 in
725 1320 900 1385 ecclesiam
924 1320 1073 1402 exclusit,
1099 1323 1143 1386 itn

42 1431 71 1481 nt
100 1432 226 1485 tantum
256 1443 316 1506 per
345 1421 515 1484 introitum
547 1418 725 1505 quemdam
757 1419 991 1484 secundarium
1022 1421 1144 1484 intrare

41 1531 143 1604 posset.
168 1557 213 1568 -
237 1519 305 1582 Leo
323 1518 369 1581 vl
394 1526 505 1580 autem
522 1537 637 1600 reapse
662 1519 733 1580 sine
758 1538 921 1581 concursu
938 1516 1145 1602 patriarchae
1163 1527 1267 1568 aaran
1281 1526 1308 1568 *d

39 1617 162 1682 Romam
187 1639 223 1680 se
240 1617 340 1680 vertit
362 1615 404 1679 ad
421 1613 573 1698 Sergium
598 1613 648 1678 Ill
674 1635 854 1698 recurrens,
880 1623 1001 1701 etpost
1025 1637 1144 1680 novem
1167 1589 1192 1630 κ’
1206 1587 1297 1690 ἔξω

40 1737 153 1780 menses
171 1715 251 1780 inde
267 1739 287 1780 a
302 1713 427 1798 nuptiis
443 1713 535 1776 initis
550 1711 650 1796 legati
668 1712 807 1776 Romani
825 1711 1143 1798 Constantinopolim

38 1822 258 1898 pervenerunt.
305 1812 383 1878 lam
414 1819 491 1874 ante
523 1831 636 1874 eorum
668 1809 851 1875 adrentum
884 1832 1031 1875 rumores
1062 1812 1146 1878 Con·

37 1909 239 1997 stantinopoli
263 1911 367 1996 sparsi
400 1917 486 1988 sunt,
520 1908 624 1972 Rome
655 1907 779 1993 legatos
810 1919 966 1974 venturos
994 1931 1064 1974 esse
1088 1917 1145 1996 qui

37 2009 144 2072 Leonis
169 2017 306 2095 quartas
328 2009 462 2092 nuptias
494 2006 748 2091 comprobarent
775 2017 875 2093 atque
907 2011 1143 2093 permitterent.

36 2105 126 2170 Haud
143 2106 247 2171 dubie
270 2105 454 2191 Imperator
476 2105 596 2184 certior
624 2103 731 2168 faetus
755 2115 834 2186 erat,
858 2105 982 2170 Romae
1006 2127 1080 2170 euru
1106 2110 1146 2170 ri·

33 2225 134 2286 gorem
159 2213 278 2268 contra
302 2211 436 2289 quartas
466 2203 598 2286 nuptias
621 2223 687 2266 non
721 2204 847 2288 vigere,
880 2225 920 2268 ac
943 2203 1059 2268 saltem
1083 2204 1146 2268 dis-

32 2303 222 2385 pensatione
254 2323 323 2366 rem
354 2321 449 2385 posse
473 2301 626 2384 componi
660 2313 693 2362 et
723 2293 971 2366 matrimonium
995 2301 1144 2367 validum

31 2401 101 2465 tieri.
142 2400 257 2481 Quum
275 2420 354 2463 vero
369 2393 524 2462 Nicolaus
549 2397 744 2462 inhaesisset
773 2400 988 2484 persuasioni,
1012 2409 1146 2484 quartas

30 2499 154 2582 nuptias
181 2499 230 2562 ita
252 2494 489 2576 abhorrendas,
522 2495 645 2576 laedas,
680 2495 743 2580 legi
769 2495 1011 2562 ecclesiasticae
1035 2519 1075 2560 ac
1099 2497 1149 2561 dia

30 2595 119 2658 rinae
145 2596 316 2682 oppositas
340 2615 427 2672 csse,
461 2592 610 2657 utnulla
643 2593 888 2679 dispensatione
912 2605 1042 2678 possent
1075 2615 1146 2680 pro-

31 2691 104 2771 lrari,
130 2693 430 2777 auctoritatemque
454 2712 546 2754 suam
571 2703 719 2754 censeret
740 2691 827 2755 laedi
852 2701 884 2755 et
908 2713 1050 2756 canones
1072 2714 1146 2756 con·

27 2793 160 2876 temptui
177 2789 305 2870 haberi,
331 2811 368 2854 eo
384 2787 472 2875 quod
486 2788 669 2874 Imperator
688 2789 775 2853 solus
789 2789 927 2854 Romam
944 2791 1144 2870 recurrisset,

26 2905 53 2947 et
70 2887 142 2972 jam
169 2889 385 2952 annuntiaret
408 2886 484 2951 inde
500 2897 657 2950 ventrrros
679 2886 814 2971 legatos,
839 2889 896 2974 qui
921 2888 1147 2972 permitterent

24 2985 107 3069 qnod
135 2985 329 3074 patriarcha
353 2983 580 3070 prohibuerat:
614 2983 844 3050 vehementius
875 2996 1056 3050 commotus
1087 2997 1145 3054 est.

24 3105 58 3146 ac
84 3083 157 3148 aelo
184 3082 330 3170 quodam
355 3093 565 3170 praepostero
589 3085 795 3147 auctoritatis
818 3105 898 3148 snae
917 3082 1059 3148 tuendae
1083 3106 1146 3146 ser-

23 3181 224 3267 vandaeque
239 3179 437 3266 disciplinae
452 3202 525 3244 enm
545 3181 620 3244 iniit
630 3181 750 3266 agendi
777 3183 876 3255 riam,
900 3203 966 3266 qna
981 3203 1032 3246 res
1050 3180 1147 3246 valde

23 3279 180 3344 turbavit.
207 3278 320 3359 Quum
344 3299 378 3342 se
403 3279 510 3362 ipsum
534 3278 690 3342 videlicet
714 3277 850 3342 liaberet
871 3280 904 3341 in
930 3278 1072 3342 dioecesi
1088 3301 1148 3343 sua

21 3377 128 3460 quoad
154 3399 211 3442 res
244 3375 502 3441 matrimoniales
529 3387 570 3439 ut
595 3376 745 3461 judicem
771 3387 1023 3462 competentem,
1054 3387 1086 3440 et
1109 3400 1147 3441 eo

22 3496 123 3562 usque
149 3474 211 3539 tali
237 3475 271 3538 in
295 3475 427 3558 negotio
451 3472 628 3559 appellatio
653 3475 791 3539 Romam
821 3472 967 3538 nondum
993 3485 1078 3537 esset
1102 3475 1147 3538 di-

21 3583 122 3654 recta,
160 3595 204 3638 uc
223 3572 375 3657 jacturae
399 3572 603 3635 auctoritatis
627 3583 857 3657 exponeretur,
885 3571 1011 3656 legatos
1034 3571 1146 3636 solem·

20 3671 102 3734 niter
136 3671 320 3734 convenire
355 3668 477 3748 noluit,
511 3681 547 3733 ut
579 3691 721 3734 examen
755 3671 878 3754 negotii
912 3671 1147 3734 institueretur.

21 3768 221 3834 Declaravit
237 3770 346 3850 etiam,
371 3766 538 3852 praesules
563 3769 624 3853 ipsi
632 3768 768 3853 junctos
784 3768 980 3832 discussioni
993 3766 1148 3852 publicae

19 3887 81 3932 non
106 3867 235 3948 favere,
260 3888 361 3952 quum
386 3867 489 3929 territi
515 3876 623 3930 esseut
646 3867 825 3931 assertione
849 3867 987 3950 repetita
1005 3865 1147 3950 lmpera·

18 3969 104 4044 toris,
131 3965 303 4029 Romanos
318 3985 531 4028 concessuros
547 3985 617 4027 esee
641 3962 806 4050 postulata
822 3963 951 4028 etiamsi
976 3961 1032 4027 alii
1057 3983 1146 4026 recu·

17 4073 159 4128 sassent.
211 4061 299 4126 Hinc
332 4063 463 4125 nonnisi
497 4061 540 4126 ad
574 4061 773 4148 colloquium
807 4063 975 4146 privatum
1006 4081 1082 4124 cum
1105 4060 1147 4124 le-

16 4163 100 4240 gatis
127 4163 164 4224 in
191 4159 312 4245 palatio
337 4157 529 4223 habendum
553 4183 587 4223 se
611 4169 763 4245 paratum
787 4181 858 4224 esse
883 4160 1060 4223 nuntiarit.

105 4269 164 4332 nn.
200 4267 318 4350 Legati
343 4267 514 4330 Pontificio
538 4268 654 4330 merito
679 4287 776 4350 aegre
800 4264 956 4332 tulerunt.
980 4264 1069 4350 quod
1094 4287 1149 4350 pa·
