2952 4832
303 477 355 529 286
554 475 620 528 XXI
648 475 686 528 ln
706 475 730 528 S.
751 474 883 542 (negorio
902 474 956 527 VII
976 474 1051 528 Boni.
1071 474 1213 528 Pontifiee.

303 622 513 684 anathematis
535 621 600 682 eice
625 630 678 682 tua
704 618 812 703 stiipe,
844 628 878 680 at
901 620 1033 681 scicrrtrr
1057 617 1124 704 (vel
1150 619 1303 697 scientes)
1326 621 1409 680 sciam

301 728 406 802 pentes
430 729 460 780 et
483 716 691 803 comprobent,
715 719 792 802 qnae
807 728 841 778 ta
855 741 888 778 es
903 717 1014 780 Petras
1038 725 1068 779 et
1092 717 1283 802 superbene
1302 727 1408 801 petrau

304 813 407 877 attia
432 817 495 878 Dei
520 816 581 878 aiei
604 815 783 896 aedificavit
808 813 982 877 Ecclesiam
1006 837 1105 892 atam,
1138 823 1167 876 et
1185 825 1302 899 portae
1328 815 1410 898 inferi

302 934 366 974 non
384 912 616 998 praevalebant
640 914 791 976 aduersus
815 937 883 975 eant
896 913 931 995 ¹).

130 1062 292 1114 tintinna,
395 1057 445 1121 78.
495 1056 607 1136 Quum
638 1057 749 1140 magni
782 1059 939 1119 momenti
972 1058 1013 1119 sit
1043 1065 1196 1118 scelerate
1230 1056 1409 1118 discernere.

162 1133 261 1184 annale.

304 1176 369 1238 qua
404 1156 531 1218 ratione
567 1151 747 1238 Gregorius
783 1156 979 1218 senteutiam
1025 1154 1210 1240 punitionis
1247 1154 1281 1215 iu
1317 1173 1409 1236 regem

303 1251 578 1337 pronuntiaverit,
604 1265 635 1316 et
651 1274 715 1338 quo
730 1253 826 1315 modo
840 1273 879 1315 eu
892 1251 991 1315 fuerit
1007 1251 1217 1315 considerate
1242 1274 1261 1313 n
1287 1252 1411 1314 coneris

303 1359 525 1435 opportunum
558 1348 690 1413 videtur
720 1347 915 1413 subnectere
947 1349 1001 1413 hie
1033 1349 1174 1434 Agnetis
1203 1348 1411 1433 Impenitrieis

304 1447 346 1510 ad
379 1445 596 1511 ditmannum
640 1450 832 1533 episcopum
858 1447 1109 1510 Passaviensem
1141 1447 1326 1529 epistotam.
1362 1468 1411 1530 que

304 1567 379 1608 oum
405 1547 576 1609 certiorem
602 1545 710 1609 reddit
744 1545 784 1608 de
821 1547 860 1608 iis
884 1568 969 1631 quae
993 1547 1027 1608 in
1052 1545 1179 1628 synodo
1203 1545 1351 1608 Romana
1373 1567 1412 1605 ae-

304 1643 465 1707 siderant.
511 1645 616 1731 Apnes
640 1645 703 1707 Da·
733 1645 839 1728 pratia
869 1643 1023 1728 quidquid
1047 1655 1102 1720 est,
1135 1643 1309 1706 Altinanno
1334 1643 1414 1704 Pae-

303 1743 405 1804 oiensi
434 1743 579 1828 episeopo
612 1741 745 1806 sadotem
779 1753 808 1804 et
831 1743 1028 1805 carissimam
1051 1741 1258 1805 dilectionem.
1307 1741 1358 1803 Me
1379 1763 1405 1800 ro

303 1841 415 1924 spitem
428 1840 496 1902 Deo
521 1841 694 1928 adjurante
704 1840 899 1926 paternitati
915 1849 986 1902 tace
1002 1841 1197 1918 tritioreseaa
1221 1839 1277 1902 sed
1293 1840 1415 1900 maaian

305 1938 432 2025 afficior
461 1960 612 2017 moerore,
649 1937 732 2024 qaod
761 1941 931 2002 monimum
961 1938 1051 2001 cidco
1075 1935 1236 2000 dioninsiae
1270 1938 1414 1999 imminere

300 2036 490 2121 periculam,
515 2037 589 2119 filio
622 2059 686 2100 tneo
718 2038 848 2100 nimiam
878 2035 980 2098 verbis
1005 2033 1171 2098 stultorum
1193 2033 1333 2096 credulo.
1377 2033 1415 2094 Eu

304 2155 384 2220 qnae
416 2135 507 2198 modo
541 2146 628 2221 peste
652 2146 725 2198 sant
748 2136 782 2198 ia
807 2136 954 2198 Romana
978 2133 1108 2220 synodo,
1142 2133 1292 2218 qnoniam
1314 2143 1349 2194 nt
1371 2129 1416 2192 tibi

303 2232 456 2318 referrent
479 2234 650 2310 artandostt',
674 2232 821 2318 referam.
872 2233 984 2315 Lepati
998 2230 1069 2314 fibi
1090 2233 1151 2294 rnei
1174 2232 1255 2314 repis
1283 2239 1417 2294 renerent

302 2333 340 2395 ia
364 2331 526 2416 synodum,
551 2341 580 2394 et
604 2354 709 2394 cerain
733 2329 876 2393 omnibns
900 2329 1051 2392 discernat
1066 2329 1248 2414 Apostolira
1274 2350 1317 2390 ee
1336 2337 1416 2412 parte

293 2427 365 2513 fita·
387 2431 457 2505 vait,
480 2441 516 2492 at
539 2440 678 2514 carperet
702 2439 732 2491 et
755 2429 925 2492 dimitteret
948 2426 1060 2490 Sedent
1084 2426 1314 2512 riprostob'eara,
1338 2445 1416 2510 quan

304 2549 369 2589 aon
392 2529 554 2604 sarranice,
585 2528 640 2590 sed
665 2529 783 2614 rapina
808 2527 942 2612 adeptas
965 2536 1052 2590 esset.
1105 2525 1169 2598 Qut
1191 2525 1302 2587 statim
1325 2548 1345 2585 a
1369 2524 1419 2584 so-

305 2627 409 2689 manis
432 2627 519 2712 eapti
543 2637 623 2689 sant.
672 2625 828 2689 Similiter
857 2625 1110 2710 erreiriepisoopns
1135 2623 1340 2706 Mopantina«
1370 2645 1422 2680 orn

305 2745 418 2808 aesque
454 2724 594 2810 episcopi
630 2723 719 2788 iliius
752 2725 870 2810 partis,
904 2726 1053 2786 miserant
1075 2746 1138 2807 per
1165 2721 1288 2784 eosdem
1314 2721 1421 2800 tenitas

305 2822 440 2899 litteras,
470 2845 501 2884 se
526 2822 673 2908 deinceps
696 2821 818 2885 nnllam
843 2821 1053 2884 obedientiam
1078 2819 1272 2882 exhibitores
1296 2819 1421 2904 Apao-

304 2919 386 2998 iieo;
409 2921 463 2983 boc
486 2921 569 2984 idem
594 2921 871 3006 Lonpoburdorum
895 2921 1037 3006 episcopi
1052 2916 1267 3008 jurejarando
1292 2917 1421 2979 decien-

305 3029 380 3082 runt
441 3018 546 3092 Qaare
570 3019 715 3082 dontinus
740 3019 831 3104 Papa
862 3040 967 3081 emitas
998 3023 1052 3102 qai
1075 3026 1182 3101 sponte
1206 3025 1423 3078 eortsenserrmt

305 3117 410 3202 efficio
435 3127 465 3180 et
491 3119 703 3181 communione
727 3118 882 3203 privarit,
917 3118 1019 3201 eisque
1052 3117 1107 3199 qai
1136 3115 1237 3176 renai
1269 3136 1420 3176 essersene

299 3215 516 3301 praebuerant
532 3237 627 3300 usqae
644 3216 687 3278 ad
702 3214 913 3300 festivitatem
937 3214 1040 3276 sancti
1056 3212 1144 3276 Petri
1157 3211 1306 3274 inducitis
1323 3209 1422 3274 dedit:

293 3313 404 3396 filiam
434 3336 505 3376 cero
542 3337 641 3376 meam
676 3335 777 3397 repam
812 3311 849 3375 ob
884 3313 958 3374 baec
990 3323 1018 3374 et
1048 3312 1124 3396 qaia
1152 3310 1421 3372 caconem-reiectis

305 3413 511 3475 eommttnicat
535 3422 563 3474 et
586 3411 660 3496 qaia
684 3409 852 3474 sceleribus
866 3411 932 3473 sais
943 3409 1172 3495 poenitentiam
1188 3429 1280 3493 apere
1296 3418 1421 3470 recinat.

303 3509 393 3595 sepia
417 3509 571 3594 dipnitate
591 3509 743 3594 privavit,
777 3529 939 3592 omnesque
963 3508 1017 3593 qai
1039 3506 1102 3569 sibi
1116 3510 1321 3593 juraverant,
1339 3509 1421 3592 jura

305 3617 407 3670 mento
432 3605 615 3690 absolu-ist),
662 3606 800 3670 Modum
824 3604 943 3690 agendi
965 3604 1119 3688 Gregorii
1144 3603 1282 3666 inferius
1308 3603 1421 3664 exarui·

306 3704 480 3787 nubimus;
512 3705 546 3769 id
570 3703 678 3769 obiter
700 3714 861 3786 notem,
894 3725 991 3767 sensu
1017 3700 1194 3766 verborum
1228 3699 1330 3765 obvio
1360 3712 1419 3762 tum

305 3804 339 3866 in
358 3803 521 3866 sententia
537 3803 707 3867 Pontifieis
731 3813 801 3866 tum
826 3804 860 3865 in
885 3799 1024 3888 epistola
1040 3799 1180 3884 Agnetis
1203 3801 1419 3886 privationem

305 3902 400 3984 regni
432 3899 582 3965 exhiberi
616 3912 652 3964 ut
682 3901 889 3988 punitionem
914 3900 1010 3982 regie,
1044 3899 1192 3983 praecisa
1218 3919 1352 3984 quoque
1374 3917 1420 3958 ex-

305 4083 519 4092 ffl——-—-

384 4180 402 4241 ¹)
421 4177 497 4231 Petr.
517 4177 619 4242 Pisani,
639 4177 706 4230 Vite
725 4175 807 4243 Greg.
827 4173 890 4231 VII.
910 4173 1071 4228 Wetten'eh.
1091 4173 1112 4225 1.
1133 4173 1194 4226 296.

383 4267 404 4330 ¹)
420 4266 506 4334 Hugo
519 4265 686 4320 Flsriecens
706 4264 802 4318 Chron.
822 4295 855 4303 -
875 4263 1037 4318 Wntterieh.
1055 4261 1077 4316 1.
1097 4263 1158 4316 381.
