2932 4836
153 2836 157 2850 ι
269 2761 400 2846 judicia
428 2763 526 2847 juxta
561 2783 725 2826 canonum
760 2762 862 2825 verba
886 2764 996 2847 potius
1019 2763 1163 2846 primunr
1199 2763 1242 2826 ad
1266 2763 1394 2848 provin·

280 470 331 522 294
439 467 511 522 XVI.
551 467 654 520 Causae
674 465 789 521 celebres
807 471 836 519 et
854 465 1009 521 Decretales
1027 465 1250 520 Pseudo-Isidori.

278 611 355 696 quia
387 612 421 673 io
452 631 550 674 caasa
581 632 660 694 quoe
693 633 714 672 o
737 609 865 672 Joanaa
893 607 1078 694 presbytero
1111 619 1221 672 contra
1244 611 1398 674 Joonaaa
1452 639 1453 670 l

282 707 439 794 Cptaoum
454 707 598 792 fratrem
621 717 651 770 et
671 708 886 792 coepiscopum
904 717 1045 770 nostram
1066 718 1138 770 orto
1155 719 1210 786 eat,
1235 710 1395 772 secundum
1452 751 1453 772 r

277 827 414 869 ccaooaes
437 804 482 868 ad
505 803 616 868 Sedena
640 804 857 891 Apostolioom
884 806 1034 885 recurrit,
1067 815 1096 867 et
1125 817 1236 869 nostra
1267 817 1314 870 est
1335 829 1394 868 aaa·
1452 797 1453 820 ³

279 904 379 966 tentia
403 902 555 986 delinito?
578 903 607 966 si
631 925 701 988 erpo
726 901 764 965 de
788 901 849 966 illa
872 903 999 966 civitate
1022 901 1077 965 ubi
1093 905 1245 991 princeps
1270 916 1335 984 ast,
1358 905 1396 968 ad
1452 885 1453 974 l

277 1011 419 1064 nostram
442 1024 540 1064 caasa
563 1002 769 1086 copoitiouem
797 1001 932 1064 deducto
956 1009 1017 1077 aa,
1047 1011 1164 1086 quanto
1188 1004 1290 1087 mapis
1313 1023 1395 1087 mpo-

278 1099 355 1161 tiam
378 1098 462 1184 qaod
484 1109 594 1163 contro
616 1121 670 1162 oos
695 1111 756 1178 est,
787 1099 836 1162 bic
860 1108 905 1162 eat
927 1099 1059 1162 veritate
1083 1101 1209 1184 capuita
1233 1102 1396 1164 tundnau

277 1195 403 1282 dumffl)
442 1196 583 1260 Videtur
607 1221 630 1261 s.
656 1195 836 1281 Gregorius
859 1195 915 1258 hic
940 1193 1140 1260 intellexisse
1165 1219 1309 1261 canones
1330 1197 1395 1262 Sar·
1452 1237 1453 1306 p

277 1293 443 1376 dicenses,
478 1297 534 1380 qui
568 1315 627 1380 per
650 1295 837 1379 analogiam
870 1293 912 1358 ab
937 1295 1100 1379 episeopis
1133 1295 1168 1358 in
1191 1295 1395 1381 presbyteros
1452 1311 1453 1356 l

277 1394 393 1456 merito
419 1392 693 1458 extendebantur.
731 1393 832 1457 Porro
850 1391 1107 1478 appellationem
1126 1389 1258 1455 abbatis
1273 1393 1396 1456 Raven-

276 1492 424 1554 natensis
454 1513 603 1555 summus
632 1491 789 1555 Pontifex
820 1492 919 1555 etiam
947 1491 1023 1576 jure
1054 1489 1276 1575 patriarchico
1308 1489 1395 1556 Occi·

275 1587 401 1667 dentis,
437 1600 471 1652 at
504 1611 577 1652 cam
610 1611 708 1674 quam
743 1590 890 1653 Joaunes
923 1587 1096 1674 presbyter
1120 1585 1397 1652 Chalcedonensis

277 1695 388 1748 contra
414 1686 579 1750 Joannem
609 1686 830 1773 patriarcham
857 1683 1028 1749 CPtanum
1061 1687 1301 1770 interposuerat
1335 1685 1395 1750 solo

274 1781 371 1846 titulo
396 1785 514 1868 capitis
537 1783 708 1848 Ecclesiae
732 1783 905 1848 admittere
929 1792 1066 1869 poterat.
1312 1847 1319 1868 .

366 1880 419 1944 86.
451 1882 587 1968 lllajoris
612 1884 710 1945 etiam
731 1883 935 1945 auctoritatis
957 1882 1092 1945 fuerunt
1113 1903 1162 1963 ea,
1187 1903 1272 1967 quae
1287 1905 1307 1946 a
1322 1883 1395 1947 Gre-

274 1979 367 2062 gorio
400 1989 492 2062 gesta
526 1989 602 2044 sunt
636 1990 750 2044 contra
783 1980 865 2043 duos
898 1978 990 2042 urbis
1018 1977 1230 2043 Solonitanae
1264 1981 1298 2044 in
1323 1981 1395 2044 Dal-

274 2077 377 2140 matia
409 2077 680 2163 metropolitanos
713 2077 774 2141 sibi
800 2078 945 2140 invicem
979 2076 1211 2158 succedentes,
1245 2077 1394 2142 Natalem

274 2184 307 2235 et
321 2174 518 2239 Maximum.
567 2176 686 2240 Natali
708 2176 887 2260 praecepit,
912 2185 949 2240 ut
964 2174 1172 2238 Honoratum
1197 2174 1394 2240 archidiaco-

273 2281 353 2336 natu
378 2274 546 2357 privatum
566 2274 726 2356 restituat,
752 2281 853 2358 utque
869 2274 939 2358 ipse
962 2295 1021 2356 per
1045 2293 1078 2335 se
1102 2271 1156 2335 vel
1171 2293 1231 2358 per
1245 2295 1394 2359 procura-

275 2381 381 2432 torem
396 2369 520 2434 Romae
545 2381 743 2456 compareat,
769 2370 881 2456 ibique
902 2393 1001 2434 causa
1026 2372 1059 2432 in
1081 2380 1255 2456 utramque
1271 2381 1393 2456 partem

273 2468 466 2532 examinata
483 2471 678 2532 sententiam
698 2469 906 2554 exspectet.²)
933 2469 1077 2532 Maaimo
1094 2468 1135 2531 de
1148 2469 1289 2533 simonia
1304 2491 1394 2532 aecu-

274 2579 343 2628 sato
370 2566 522 2646 mandat,
557 2569 628 2652 ipse
652 2589 686 2630 se
711 2569 803 2631 sistat
825 2567 967 2646 Romae3
1001 2577 1193 2630 renuentem
1228 2589 1267 2630 ac
1292 2589 1394 2630 moras

274 2662 460 2727 trahentem
484 2665 691 2748 gravissimis
715 2666 863 2728 censuris
887 2663 1033 2749 afficit.³)
1070 2663 1270 2750 Hujusmodi
1287 2675 1392 2727 autem

275 2857 374 2922 ciales
398 2860 542 2942 synodos
574 2859 785 2946 specta-bant3
821 2869 916 2922 erant
937 2867 1049 2923 tamen
1074 2859 1232 2944 adjuncta
1256 2859 1393 2945 peculia·

273 2958 332 3038 ria,
359 2966 394 3020 ut
414 2957 456 3020 ad
482 2981 515 3021 sc
534 2969 688 3022 evocaret
702 2957 857 3021 Pontifex
877 2959 939 3020 ista
958 2958 1091 3041 negotia
1114 2958 1248 3043 majora.
1288 2957 1393 3041 Atque

274 3051 454 3138 Gregorius
479 3079 545 3119 non
571 3055 671 3120 semel
696 3066 910 3136 contestatur,
936 3055 1023 3140 quod
1049 3057 1227 3142 sicutipse
1252 3078 1326 3135 sua,
1350 3057 1392 3118 sic

273 3151 413 3216 aliorum
450 3175 580 3238 quoque
605 3155 804 3219 confratrum
834 3155 912 3240 jura
935 3176 1069 3239 prorsus
1094 3154 1186 3217 salva
1218 3165 1251 3216 et
1274 3155 1393 3217 intarta

273 3249 364 3314 vclit.
412 3251 477 3316 Scd
505 3253 739 3338 plenitudinem
755 3253 1011 3341 jurisdictionis,
1046 3251 1229 3316 observatis
1262 3251 1391 3337 quidem

273 3347 384 3433 quoad
409 3349 552 3412 indolem
578 3349 777 3431 canonibus,
810 3349 905 3413 simul
931 3359 1042 3414 tamen
1066 3351 1295 3414 necessitatem
1320 3359 1391 3412 tem·

273 3467 390 3530 porum
422 3447 613 3532 bonumque
637 3446 850 3512 ecclesiarum
882 3447 1078 3532 respiciens,
1113 3445 1331 3532 exercebat.⁴)
1352 3481 1392 3491 -

272 3544 394 3608 Notare
425 3547 522 3609 ctiam
556 3548 730 3624 convenit,
771 3546 936 3610 Romanos
965 3543 1144 3609 Pontifices
1174 3547 1209 3608 in
1240 3545 1391 3608 exercitio
1452 3547 1453 3630 l

267 3640 512 3726 jurisdictionis
536 3665 614 3707 suae
647 3645 680 3708 in
706 3643 888 3708 Occidente
919 3645 1035 3707 merito
1066 3645 1212 3728 potuisse
1235 3644 1391 3728 respicere
1452 3631 1453 3648 ¹

273 3761 326 3821 ea,
361 3763 445 3826 quae
471 3743 503 3804 in
529 3741 664 3806 Oriente
689 3741 797 3827 quoad
822 3740 1044 3826 patriarcham
1068 3739 1242 3804 OPtanum
1276 3748 1390 3804 statuta

425 3896 485 3902 --
1452 3885 1453 3916 l

349 3999 369 4065 ¹)
387 3996 417 4049 L.
437 3997 469 4050 V.
490 4012 530 4064 ep.
551 3999 585 4052 24
1452 4007 1453 4064 l

346 4077 370 4146 ²)
387 4077 419 4131 V.
439 4077 469 4131 L.
489 4077 525 4131 II.
545 4093 585 4145 ep.
607 4079 641 4132 14
660 4084 689 4132 et
708 4080 741 4132 15
761 4079 866 4138 (Iudict
890 4079 936 4146 Χ.)
1452 4073 1453 4118 l

347 4157 368 4223 ³)
387 4157 419 4211 V.
435 4157 465 4210 L.
479 4157 530 4212 ΙΙΙ.
545 4173 585 4225 ep.
604 4161 633 4212 lo
647 4165 675 4212 et
687 4159 736 4225 2⁰3
755 4157 785 4210 L.
801 4158 833 4212 V.
847 4173 887 4226 ep.
901 4161 932 4225 33
953 4157 981 4212 L.
996 4156 1058 4210 VII.
1072 4171 1105 4225 ep
1127 4157 1176 4227 81;
1197 4159 1282 4214 [ΑΗ
1303 4175 1340 4229 ep.
1351 4159 1386 4212 13.
1452 4153 1453 4178 l

346 4239 368 4306 ⁴)
388 4237 443 4294 (¹fr.
463 4237 574 4302 Becker,
594 4237 666 4293 Hist.
686 4238 748 4292 eccl.
767 4239 797 4292 L.
818 4239 865 4294 IV.
885 4253 953 4294 saec.
973 4238 1019 4291 VI.
1041 4237 1065 4309 5.
1086 4239 1120 4292 14
1452 4259 1453 4268 ’
