2898 4836
299 477 334 530 26
477 474 580 528 xvnl.
618 475 658 528 De
675 473 804 528 Romanis
823 472 1000 528 Pontificibus
1018 473 1118 527 unoculi
1138 473 1243 528 decimi.

128 617 472 690 memmerunuondi
488 638 599 703 papae
622 617 660 678 de
684 616 848 702 sepultura
870 615 992 680 uiolata
1012 638 1071 702 per
1095 627 1213 680 terram
1237 626 1362 680 uacmm
1382 625 1405 674 st
1444 677 1445 680 ,

138 700 160 742 ‘¹¹
176 699 390 800 nommqm·
412 714 456 778 ad
470 715 629 802 pudicium
652 714 837 790 deductum,
862 713 1062 802 judicarint
1084 713 1239 778 damnari
1255 735 1404 798 praesum

293 823 384 898 ptum
414 823 474 890 est,
508 812 591 898 quod
622 835 782 896 nunquam
812 812 1007 876 decessorum
1029 822 1209 876 nostrorum
1233 810 1407 896 temporibus
1444 817 1445 852 ¹

289 911 416 996 faetsem
448 931 513 974 esse
547 910 700 974 traditum
731 921 793 988 est,
821 911 953 996 penitus
984 910 1177 974 abdicamus.
1204 959 1212 972 .
1238 959 1246 972 .
1271 958 1278 970 .
1309 909 1349 970 lu
1377 932 1406 970 ne

296 1007 430 1072 ulterius
447 1017 676 1094 praesumatur
694 1007 777 1092 fieri,
796 1029 859 1093 per
880 1005 1040 1092 quodlibet
1058 1005 1199 1093 Spiritus
1223 1005 1406 1094 sanctijudi·

297 1108 377 1170 cium
410 1105 643 1170 interdicimur:
678 1107 754 1192 quia
787 1105 831 1169 ad
855 1105 1016 1195 judicium
1047 1105 1156 1168 uocari
1187 1113 1326 1168 mortuus
1356 1128 1406 1166 non

293 1213 408 1288 potest,
433 1226 501 1268 cum
517 1225 661 1290 persona
683 1226 763 1289 quae
786 1202 1005 1289 adjudicium
1027 1213 1168 1280 uocatur,
1192 1201 1266 1266 ideo
1286 1213 1407 1282 consur,

296 1312 331 1365 ut
354 1312 410 1365 aut
425 1302 575 1387 fateatur
598 1302 728 1390 objecta,
753 1311 809 1365 aut
832 1302 1035 1366 convincatur
1050 1299 1188 1390 objectis.
1221 1300 1263 1364 Et
1279 1299 1409 1362 omnibns

293 1409 393 1484 patet,
418 1401 494 1484 quia
516 1401 632 1464 mortui
655 1399 792 1463 cadaver
808 1422 872 1484 pro
897 1420 928 1462 se
950 1420 1006 1462 nec
1029 1399 1230 1484 respondere,
1256 1420 1309 1462 nec
1329 1401 1408 1460 satis·

288 1497 401 1582 faoere
418 1507 535 1582 potest.
553 1533 593 1544 -
621 1495 702 1562 Can.
721 1497 778 1560 2⁰¹:
803 1497 956 1582 spiscopi
979 1496 1207 1582 etpresbyteri
1230 1507 1260 1558 et
1281 1495 1411 1580 reliquus

296 1592 410 1672 clerus,
441 1596 496 1680 qui
524 1595 624 1658 eidem
647 1595 766 1681 synodo
789 1593 1007 1679 interfuerint,
1038 1595 1114 1679 quia
1137 1595 1203 1679 ipsi
1225 1594 1349 1656 ueniam
1364 1615 1409 1677 pe-

297 1701 404 1770 tentes,
428 1703 552 1756 coactos
575 1715 606 1756 se
631 1693 761 1756 terroris
783 1702 866 1754 metu
889 1715 927 1756 ac
935 1691 1114 1776 formidine
1133 1689 1329 1775 interfuisse,
1352 1713 1408 1752 con·

287 1790 375 1875 fessi
397 1801 478 1872 sunt,
496 1812 593 1876 prece
617 1800 744 1854 sanctae
768 1790 882 1876 synod
904 1792 950 1854 eis
972 1789 1172 1866 indulsimus,
1196 1799 1367 1852 statuentes
1386 1799 1409 1850 et

296 1888 504 1966 decernentes,
527 1899 563 1952 ut
585 1886 692 1952 nullus
706 1887 835 1971 futuris
851 1887 1040 1974 temporibus
1055 1889 1212 1972 episcopis
1225 1888 1289 1951 vim
1302 1887 1409 1972 inferre

295 1983 344 2046 vel
367 2006 418 2048 eos
441 1982 584 2049 lacerare
605 1996 807 2072 praesumat,
838 1997 992 2070 quatenus
1015 2008 1083 2050 cum
1106 1984 1149 2048 ad
1172 1985 1329 2070 synodum
1350 2007 1407 2047 oon·

295 2083 445 2159 venerint,
470 2081 566 2146 libere
590 2085 636 2146 cis
660 2093 797 2147 tractare
820 2095 850 2147 et
864 2093 1002 2147 statuere
1018 2083 1121 2160 liceat,
1146 2105 1226 2167 quae
1241 2094 1409 2146 sarictornn

295 2180 425 2244 Patruus
441 2183 595 2244 santonica
610 2203 742 2245 eumuna
759 2181 904 2246 decrevit.
938 2180 1116 2266 Nullusque
1132 2202 1183 2242 eos
1198 2180 1353 2249 litterari,
1370 2177 1410 2242 rel

294 2278 395 2342 saeris
417 2279 589 2344 conouibus
612 2281 767 2366 conceptis
793 2279 889 2362 (forte
905 2277 1102 2366 contemptis)
1120 2277 1234 2363 absque
1253 2279 1408 2342 uidimus

294 2385 324 2438 et
347 2379 439 2463 justa
469 2377 703 2442 examinatione
732 2378 922 2462 inquietare,
948 2376 1165 2462 facultatibus
1188 2377 1332 2444 nudare.
1364 2387 1409 2438 aut

294 2495 414 2558 quoqsso
443 2475 534 2538 modo
558 2477 593 2538 in
617 2474 792 2539 custodiam
815 2477 975 2539 retmdere
1000 2476 1114 2562 absque
1138 2485 1241 2538 status
1264 2475 1318 2538 sesi
1338 2473 1408 2558 peri·

293 2571 362 2634 culo
380 2583 550 2658 pertentet,
575 2573 696 2637 dicente
711 2573 867 2638 Domino:
891 2573 1002 2637 Nolite
1027 2583 1152 2659 tenpere
1176 2574 1312 2636 cbristus
1329 2593 1408 2634 nuos.

294 2680 324 2732 et
359 2671 391 2732 in
422 2671 587 2756 prophetis
621 2671 697 2733 meis
725 2670 823 2734 nolite
860 2669 1041 2757 malignari.
1099 2671 1266 2756 Indipnum
1304 2671 1407 2755 quippe

294 2777 349 2845 est,
373 2778 408 2830 ut
429 2767 640 2831 sacerdotium
663 2779 791 2831 senat-us
809 2769 1020 2858 praejudicet,
1045 2792 1112 2832 cum
1126 2779 1251 2856 pateat,
1265 2767 1408 2855 populun

292 2865 480 2950 sequendum
512 2889 574 2929 non
606 2889 687 2944 esse,
721 2867 776 2930 sed
806 2865 988 2931 docendum.
1014 2905 1056 2913 -
1088 2863 1259 2930 (lunonem
1285 2867 1407 2929 tertium

294 2965 444 3047 superius
457 2963 503 3047 (n.
512 2961 570 3049 23)
577 2964 649 3048 jum
663 2965 850 3029 citavimus.
869 3000 902 3009 --
914 2963 996 3028 Can.
1010 2967 1069 3028 4²¹:
1081 2965 1236 3050 Episcopi
1251 2965 1353 3050 ipitur
1364 2985 1406 3025 seu

287 3060 469 3147 presbyteri
491 3073 584 3147 atquc
609 3062 740 3126 diaconi
761 3087 816 3126 nec
839 3085 903 3127 non
923 3063 1119 3140 subdiaconi,
1144 3064 1323 3148 caeterique
1342 3061 1407 3124 alte-

292 3159 361 3221 rius
390 3159 514 3223 ordinis
537 3169 665 3223 sanetae
690 3158 783 3223 Sedis
806 3160 1026 3247 Apostolieae,
1058 3161 1112 3246 qui
1135 3160 1175 3224 ab
1199 3159 1307 3223 eodem
1332 3181 1407 3221 suu·

292 3255 395 3320 rando
414 3257 508 3344 Papa
523 3257 671 3321 Formoso
695 3261 843 3322 canonice
868 3261 1051 3337 consecrati,
1077 3269 1106 3322 ct
1122 3281 1185 3345 pro
1210 3255 1406 3343 quorumdam

292 3350 385 3418 libitu
417 3365 528 3418 temere
560 3355 675 3443 dejecti
706 3366 794 3420 sunt:
830 3358 865 3420 in
892 3359 1045 3443 proprios
1077 3356 1205 3420 ordines
1237 3366 1269 3418 et
1298 3353 1408 3440 padus

291 3451 445 3514 communi
468 3463 597 3516 sanctae
620 3453 734 3538 synodi
756 3455 900 3519 consultu
922 3453 1108 3534 reducimus,
1128 3465 1345 3540 perpetuoque
1365 3474 1406 3514 ro

292 3546 363 3610 bore
387 3569 424 3610 oe
441 3549 592 3613 canonica
607 3573 740 3615 censura
755 3551 914 3616 stabilitos
926 3553 995 3616 Deo
1012 3562 1138 3616 auctore
1154 3553 1359 3616 deeeuumru.
1370 3587 1406 3598 -

291 3643 491 3709 Oonfercndi
517 3657 593 3711 sunt
616 3648 725 3712 adhuc
744 3647 825 3714 Can.
841 3651 897 3713 7¹³¹:
922 3651 973 3714 Ea
997 3649 1151 3738 siquidem
1173 3673 1252 3736 quae
1270 3651 1310 3714 de
1318 3671 1404 3737 prae-

290 3744 455 3808 nominata
486 3745 604 3831 synodo
638 3748 759 3832 scripta
782 3769 846 3814 esse
869 3759 1057 3828 noscuntur,
1092 3751 1241 3834 quoniam
1264 3751 1361 3812 irrita
1381 3759 1405 3810 ct

289 3849 399 3904 contra
422 3842 607 3906 eunoniccm
630 3845 850 3910 auctoritatem
866 3857 1076 3932 praemempta
1100 3848 1274 3912 sonuistis:
1311 3849 1403 3911 deser

288 3939 392 4000 nimios
421 3961 486 4004 uno
516 3963 584 4003 cum
614 3941 758 4006 consultu
788 3945 925 4007 munium
951 3954 1103 4021 ceruum,
1135 3945 1165 4006 si
1183 3945 1310 4031 placet,
1343 3947 1403 4030 iane

288 4045 470 4114 crementur,
494 4039 575 4101 sicut
590 4038 628 4102 de
645 4037 831 4105 latrocinali
842 4041 1038 4104 Ariminensi
1053 4053 1082 4104 et
1099 4043 1259 4128 preeina
1275 4041 1401 4107 secumdo

360 4248 540 4318 blm&
629 4305 638 4324 ‚
