2904 4834
301 531 342 586 De
360 529 481 586 fontibus
500 530 629 586 historice
647 528 726 598 hujus
744 529 853 608 soeculi.
1121 529 1139 584 9

41 697 207 755 censemus,
238 674 268 737 ei
299 675 431 738 nonnisi
463 673 663 738 mediocrem
688 681 873 758 competere
897 673 1137 754 auctoritatem,

41 783 181 858 mutoque
209 794 296 858 quse
326 781 437 840 namet
466 793 537 836 esse
567 769 782 857 excipienda,
816 768 919 854 plurso
938 769 1021 834 fclsn
1043 791 1139 856 posse

39 871 167 952 ostendi,
197 869 301 936 dubio
331 889 502 936 remanere
532 891 598 934 non
625 890 743 954 pauca.
789 867 938 932 Nimium
961 868 1045 932 forte
1067 890 1139 953 pro·

37 970 122 1053 gressi
151 977 228 1034 sunt
258 967 394 1054 quidum
425 977 593 1048 auctores,
622 969 672 1032 uti
700 965 915 1030 Rohrbccher
928 964 954 1052 ¹)
983 975 1017 1029 et
1038 965 1140 1030 Dum·

39 1065 182 1152 benger‘),
197 1067 255 1153 qui
271 1064 471 1150 Luitprnndi
488 1067 619 1150 scriptis
635 1086 767 1128 omnem
780 1066 1011 1128 auctoritatem
1027 1063 1139 1128 fidem

37 1187 89 1250 qne
116 1162 245 1230 elevare
268 1165 378 1230 conati
402 1172 489 1228 sunt.
536 1163 602 1228 Sed
626 1185 665 1228 ea
689 1183 774 1248 quse
797 1160 944 1226 diximus
967 1183 1140 1226 censemus

36 1262 134 1330 solidis
163 1263 225 1328 nin·
258 1259 460 1344 rationibus,
492 1270 709 1346 auctoresque
738 1281 858 1344 graves
889 1259 981 1324 hisce
1005 1279 1139 1324 consen·

35 1361 132 1424 tinnt³

109 1359 160 1524 ld.
198 1456 293 1522 Alter
324 1455 423 1542 hujus
456 1457 574 1522 notetis
606 1456 745 1542 scriptor
776 1454 954 1520 historicus
987 1465 1037 1518 est
1065 1455 1138 1520 Flo-
1166 1475 1297 1517 numus·

34 1557 170 1622 dourdus.
215 1555 322 1620 Natus
352 1556 423 1640 ipse
454 1576 541 1620 anno
566 1555 631 1620 894
655 1552 827 1638 Sparmaci
857 1575 959 1640 prope
982 1553 1138 1637 Rhcmes,
1165 1536 1296 1580 mm·

34 1655 106 1718 visit
132 1652 194 1718 snb
217 1651 477 1739 archiepiscopis
499 1651 742 1717 Rhemensibus
765 1651 950 1734 Herivneo,
982 1651 1139 1738 Seulpho,

34 1751 157 1816 Artnldo
173 1762 206 1816 et
220 1749 388 1832 Odslrioo,
403 1751 465 1816 sub
479 1750 614 1837 regibus
630 1751 836 1815 Francorum
847 1747 964 1814 Ourolo
978 1749 1139 1837 Simplici,

34 1849 192 1914 Ludorico
217 1849 452 1914 Transmarino
477 1859 509 1913 et
523 1847 682 1914 Lothnrio
707 1846 857 1934 ejusdem
870 1846 1037 1912 Ludovici
1061 1848 1139 1914 filio.

34 1947 197 2032 Presbyter
220 1947 284 2012 fuit
307 1956 339 2011 et
363 1947 542 2011 canonicus
566 1945 725 2010 ecclesiae
741 1945 947 2027 Rhcmensis,
971 1954 1071 2031 etque
1085 1947 1140 2011 vel

33 2044 67 2108 ab
87 2044 319 2126 adulescentia,
345 2043 398 2110 vel
421 2045 457 2109 in
472 2053 630 2131 provectu
646 2052 753 2108 aetate
768 2043 834 2130 (res
847 2065 914 2107 non
930 2046 1009 2108 sotis
1022 2043 1141 2131 liquet)

33 2141 201 2208 monachus
234 2141 359 2207 ordinis
392 2165 417 2208 s.
445 2142 636 2225 Benedicti,
672 2163 712 2204 ao
745 2141 822 2206 dein
852 2140 956 2205 abbas
987 2143 1139 2208 coenobii

31 2239 215 2304 Rhemsnsis
245 2261 270 2303 s.
293 2239 447 2325 Remigii.
494 2241 574 2306 Fuit
596 2262 693 2326 porro
718 2238 925 2304 Flodoardus
949 2241 1001 2304 vir
1023 2239 1142 2304 litteris

32 2347 57 2400 st
76 2337 222 2404 moribus
245 2339 377 2422 egregie
400 2348 593 2423 exornatus,
622 2348 668 2420 et,
699 2338 788 2423 quod
811 2337 847 2401 in
869 2336 1026 2404 historico
1049 2359 1140 2423 prac-

31 2437 154 2521 cipuum
171 2445 230 2517 est,
255 2438 369 2501 varice
383 2435 546 2518 lectionis,
563 2457 704 2522 magnae
720 2435 921 2520 diligentiae,
938 2445 970 2499 et
983 2435 1140 2501 indefessi

31 2533 150 2602 laboris.
182 2535 321 2620 Scripsit
344 2533 445 2599 libros
460 2544 601 2620 quatuor
614 2535 780 2598 Historias
796 2534 977 2598 succensu
994 2533 1141 2598 ecclesiae

30 2633 90 2696 sive
118 2633 160 2698 de
191 2633 292 2717 gestis
315 2631 552 2698 Rhemensium
576 2631 792 2712 Pontificum,
828 2629 1001 2696 Chronicoc
1024 2633 1142 2696 aetatis

29 2751 97 2794 sune
113 2731 402 2796 accuratissimum
416 2729 459 2796 ab
475 2751 562 2794 enno
578 2730 644 2794 919
658 2729 701 2794 ad
717 2751 842 2796 annum
857 2729 932 2811 966,
953 2750 997 2794 ec
1011 2738 1143 2815 praeter

28 2825 84 2890 alia
107 2829 257 2894 carmine
280 2830 380 2892 etium
404 2830 540 2893 metrice
563 2850 646 2914 opus
669 2826 919 2914 quatuordecim
941 2825 1035 2891 libris
1055 2847 1140 2892 oom-

28 2925 235 3009 prehensum,
266 2927 305 2990 de
332 2925 453 2991 Christi
484 2927 649 3014 triumphis
673 2927 761 3013 apud
784 2923 931 3004 Italiam,
962 2947 1020 2989 seu
1049 2925 1142 2990 Vitae

30 3021 236 3090 uenenorum
247 3025 441 3108 Poutsfieom,
453 3025 532 3090 inde
548 3048 567 3090 a
583 3049 610 3089 s.
621 3025 719 3088 Petro
736 3045 842 3108 usque
858 3023 901 3088 ud
913 3023 1061 3087 Leonem
1073 3022 1141 3087 VII

27 3123 76 3204 qui
100 3144 187 3186 anno
211 3121 277 3187 939
301 3121 393 3188 obiit.
439 3123 622 3209 Legatione
646 3144 777 3209 quoque
800 3122 933 3185 functus
956 3131 1007 3185 est
1028 3145 1058 3187 a.
1074 3121 1141 3188 936

93 3345 113 3416 ¹)
131 3343 204 3400 Hist.
224 3343 285 3398 eccl.
305 3345 335 3398 L.
355 3345 397 3399 59.
561 3343 585 3414 ²)
604 3343 699 3400 Gesoh.
717 3344 748 3397 Β.
768 3343 816 3398 IV.
836 3343 946 3398 ΚΒΜ
978 3345 1033 3400 108.

92 3425 190 3494 ³)Cfr.
211 3425 322 3480 Wetzer
344 3425 515 3480 Kirchenlsm
539 3425 572 3481 B.
591 3425 639 3478 VI.
659 3425 702 3479 tit.
723 3423 877 3493 Luitprsnd
902 3423 1043 3492 (Schrodlu
1072 3423 1142 3480 Dom

26 3503 135 3572 Ceillier,
165 3513 229 3562 tom.
248 3505 328 3574 x1x3
353 3505 543 3570 Wcttenbsch,
561 3505 758 3560 Deutschlunds
777 3504 1048 3572 Geschichtsquellen,
1066 3507 1098 3559 B.
1116 3507 1139 3562 1.

25 3587 47 3638 S.
59 3589 111 3642 340
129 3587 172 3654 n;
191 3586 333 3652 Mentori,
352 3587 451 3641 Annnli
470 3585 494 3640 d’
507 3585 590 3640 Itulic
608 3591 629 3639 t,
643 3587 676 3640 V.
688 3602 712 3654 p.
728 3585 762 3642 11.
776 3585 861 3640 variis
879 3585 951 3640 locis.
965 3615 999 3625 —
1017 3585 1140 3654 Hergeti-

26 3667 111 3720 sother
128 3669 161 3722 de
179 3667 348 3737 Luitprendo
367 3667 475 3722 scribit:
497 3667 572 3734 „Von
591 3667 642 3722 den
656 3667 867 3722 Sohrittstellern
886 3666 973 3730 dieser
985 3665 1047 3720 Zeit
1063 3667 1142 3736 zeigt

25 3744 172 3815 Lnitprsnd
197 3764 250 3802 von
270 3747 369 3812 Pavie,
396 3747 509 3802 Bischof
532 3763 584 3801 von
604 3745 748 3812 Cremona,
778 3747 857 3800 einen
881 3762 953 3816 ganz
977 3746 1140 3812 weltlichen,

25 3825 137 3882 lescivsn
146 3827 213 3882 Sinn
225 3827 280 3881 und
292 3843 386 3896 grosse
395 3827 702 3882 Leidenscheftlichkeit
713 3825 756 3881 bei
766 3827 914 3882 vielfscher
922 3826 1142 3894 diplomatischer

25 3907 213 3961 tiewsndtheit
231 3907 285 3962 nnd
303 3907 457 3963 niemlicher
473 3907 646 3963 Belesenheit
664 3907 693 3961 in
711 3909 763 3962 den
775 3907 956 3962 Olsssiksrn.“
985 3907 1019 3962 Κ,
1031 3906 1063 3960 G.
1074 3907 1105 3961 B.
1118 3907 1138 3961 Ι.

24 3987 47 4040 S.
65 3989 127 4042 648.
154 3986 510 4044 cn.B.11LS.214.-·
529 3989 560 4044 s
580 3988 717 4042 Renmont
742 3989 846 4056 pariter
870 3988 925 4042 eit:
955 3987 1021 4055 ,Die
1040 3986 1140 4042 Gleuo

25 4065 187 4135 wdrdigkcit
210 4067 379 4134 Lindprends
404 4063 626 4134 son‘Cremone,
652 4069 748 4122 dessen
766 4068 901 4123 Schriften
926 4068 969 4123 die
994 4067 1063 4122 noch
1086 4082 1140 4120 von

24 4147 154 4200 Beronins
180 4147 255 4200 nicht
283 4147 490 4216 engezweifelte
515 4147 697 4217 Huuptquelle
724 4147 769 4202 fur
796 4149 840 4203 die
866 4147 997 4202 romische
1023 4146 1141 4202 Sohund-

23 4225 174 4292 geschichte
192 4227 238 4281 des
255 4227 371 4282 zehnten
390 4228 590 4284 Jshrhnnderts
608 4229 676 4294 sind,
703 4229 740 4284 ist
758 4229 841 4284 durch
860 4228 904 4282 die
922 4243 1023 4282 uenem
1041 4227 1139 4284 Untcr·

22 4306 177 4375 sochungen
190 4307 285 4362 immet
296 4307 488 4378 verdsehtiger
499 4309 670 4378 geworden.“
692 4309 787 4366 Gesch.
797 4309 823 4365 d.
833 4309 914 4364 Studt
923 4307 999 4364 Rom
1012 4307 1049 4362 11.
1061 4309 1140 4375 1183ΙΙ
