3032 4844
155 1511 529 1634 Dissertatio
564 1512 806 1635 decima
842 1515 1049 1637 tertia.

257 1759 326 1842 Do
353 1757 532 1842 haeresi
558 1757 954 1844 loonoclnstarum.

529 1995 689 2003 —--——-—

130 2215 156 2276 1.
180 2194 294 2296 Quum
325 2212 361 2274 in
390 2209 571 2275 Occidente
599 2220 750 2274 currente
778 2208 908 2274 saeculo
931 2209 997 2274 VII
1025 2221 1058 2274 et
1085 2211 1169 2276 VIII
1186 2245 1271 2288 hal„
1286 2245 1330 2288 ω,

52 2305 219 2374 christiana
244 2308 369 2391 religio
393 2306 583 2372 felicissimo
608 2329 762 2372 successu
785 2317 1024 2393 propagaretur
1046 2308 1089 2373 ad
1113 2331 1168 2374 va·
1195 2306 1328 2350 ΜΨ·

53 2404 106 2465 rias
137 2405 390 2492 septentrionis
422 2405 586 2488 nationes,
620 2425 789 2490 quumque
821 2406 922 2469 etiam
954 2407 989 2471 in
1017 2405 1114 2470 Italia
1137 2416 1171 2470 et

53 2501 148 2568 [tallia
163 2505 330 2590 quamvis
352 2512 500 2587 tempora
522 2513 631 2568 essent
653 2502 819 2586 infausta,
842 2525 881 2566 ea
896 2506 1045 2568 eveniret
1059 2525 1169 2569 rerum

52 2599 253 2682 politicarum
280 2601 476 2680 conversio,
508 2621 593 2685 quae
625 2599 719 2664 brevi
751 2611 826 2685 post
848 2599 1018 2666 Ecclesiae
1042 2623 1170 2666 summo

52 2696 105 2760 luit
119 2699 302 2764 commodo
316 2706 417 2784 atque
442 2697 593 2762 utilitati:
618 2699 652 2761 in
668 2697 804 2762 Oriente
827 2719 879 2762 res
897 2698 996 2785 plane
1011 2699 1170 2764 adversae

52 2795 246 2862 ecciderunt.
299 2795 435 2860 Etenim
458 2815 524 2860 non
549 2795 654 2860 solum
678 2793 800 2860 multae
824 2797 1015 2881 provinciae
1033 2795 1169 2882 Imperii

53 2893 209 2958 orientalis
243 2895 282 2960 in
309 2893 550 2960 Saracenorum
580 2892 764 2958 infidelium
797 2894 950 2958 redactae
983 2903 1060 2958 sunt
1082 2903 1170 2979 pote·

53 3001 176 3074 statem,
210 2992 413 3077 ibidemque
437 2991 617 3056 christiana
646 2989 761 3074 religio
785 3012 907 3077 magns
934 3013 976 3056 ex
998 3001 1092 3076 parte
1116 2991 1169 3056 de·

54 3099 166 3154 structa
189 3101 261 3173 est,
299 3089 357 3154 sed
389 3090 488 3154 etiam
517 3090 682 3154 intestinis
715 3087 861 3154 dissidiis
881 3088 1063 3174 Imperium
1086 3087 1169 3154 illud

53 3183 223 3252 admodum
249 3188 318 3254 fuit
342 3209 550 3253 concussum.
596 3187 637 3252 Id
659 3188 853 3273 praesertim
876 3187 999 3251 accidit
1021 3207 1081 3272 per
1103 3188 1168 3250 Ico-

53 3281 258 3350 oorlostoram
283 3285 453 3364 haeresim,
477 3306 542 3370 qua
564 3285 690 3369 integro
715 3282 782 3347 fere
806 3284 936 3348 saeculo
951 3283 1096 3348 Orientis
1119 3305 1169 3347 ec·

53 3375 141 3444 clesia
165 3383 388 3448 vehementer
420 3381 484 3448 fuit
514 3379 658 3446 trubata.
701 3380 754 3444 De
786 3381 884 3446 rebus
908 3380 1100 3447 Occidentis
1122 3403 1169 3444 se·

53 3482 155 3558 quemi
185 3481 435 3548 Dissertatione
476 3477 708 3559 tractabimus,
742 3478 839 3544 modo
872 3480 914 3544 de
946 3479 1009 3543 ista
1041 3477 1168 3542 haeresi

53 3571 211 3659 aliquanto
235 3579 347 3644 fusius
369 3597 516 3661 agemus.

132 3677 162 3740 2.
186 3676 280 3744 Illud
317 3697 397 3740 vero
430 3674 596 3760 singulare
635 3671 753 3736 babuit
787 3670 1066 3737 iconoclastarum
1098 3693 1167 3757 per-

56 3791 159 3838 versus
181 3797 295 3856 error,
321 3773 429 3860 quod,
454 3794 556 3858 quum
580 3770 726 3856 reliquae
741 3769 893 3836 haereses
915 3780 1022 3834 ortum
1046 3769 1167 3834 babue-

56 3869 113 3932 rint
140 3895 162 3935 a
191 3875 276 3938 viris
310 3870 560 3952 ecclesiasticis,
592 3870 648 3955 qui
679 3867 821 3954 superba
854 3877 965 3932 mente
987 3866 1168 3932 christiana

57 3972 200 4049 mysteria
214 3969 382 4036 audacius
404 3971 543 4034 scrutari
567 3979 599 4032 et
614 3966 792 4050 explanare
815 3963 1083 4050 praesumebant:
1098 3964 1167 4028 Ico-

58 4065 268 4134 ooclaetarum
292 4067 435 4132 vesania
457 4075 626 4131 auctorem
649 4063 766 4128 babuit
779 4063 1014 4149 Imperatorem
1038 4064 1085 4127 rei
1109 4065 1167 4127 mi·

58 4159 150 4230 literis
177 4167 317 4254 quidem
350 4164 513 4251 peritum,
547 4163 662 4230 sedin
694 4161 792 4225 rebus
817 4161 1046 4238 ecclesiasticis
1069 4159 1167 4246 plane

60 4261 275 4348 insipientem,
302 4264 361 4350 qui
382 4261 507 4328 crudeli
523 4263 622 4326 etiam
639 4257 796 4324 violentia
812 4276 953 4323 errorem
975 4279 1073 4322 suum
1097 4258 1166 4321 vin-

102 4381 218 4436 ιιψω,
232 4381 413 4427 Dnoermtloues.
444 4379 502 4422 Toni.
518 4377 555 4420 m.
1044 4365 1059 4418 l
