2904 4834
311 487 434 542 Eventus
452 491 514 555 post
532 484 681 540 Concilium
699 499 753 542 osc.
772 485 847 541 VIII.
1085 489 1140 544 409

39 630 112 694 litem
123 631 196 693 lone
208 631 368 716 lprsatiam
381 629 485 693 aaiow
490 629 598 715 fuisse
614 632 649 694 ia
660 628 877 717 Apostoliccm
890 629 1001 694 Sedeas
1012 631 1138 716 infenso

38 729 174 792 mama
202 725 252 792 rel
273 730 417 814 inprato,
450 749 519 790 cum
548 751 627 814 qseac
652 730 740 816 juris
763 737 865 792 esseut
893 747 969 790 sane
992 727 1139 794 ecclesiia

37 823 204 908 defendere,
233 829 417 914 juramento
453 835 609 890 teneretca
642 827 824 903 obstrictas,
863 827 958 889 etium
992 837 1139 890 aeternae

38 925 104 985 ritae
126 923 310 1009 dispondio:
332 943 396 986 nou
419 925 502 986 saia
525 921 634 986 alicua
656 924 799 1000 retinere,
822 923 879 986 scd
901 945 960 986 aaa
974 925 1139 1008 possidere

36 1023 274 1106 apostaticae
292 1020 571 1106 praedecessorum
593 1022 661 1107 ipse
677 1025 799 1109 justum
817 1023 956 1106 putauit,
981 1023 1032 1085 cai
1052 1023 1141 1086 lond

35 1119 145 1182 dolium
166 1129 278 1205 sponte
301 1119 450 1200 maces,
474 1120 504 1181 si
525 1119 562 1182 id
576 1118 690 1205 facere
712 1118 774 1182 aba·
797 1118 920 1182 licuisse
943 1119 1137 1184 credidisset.

34 1215 187 1280 Probcusm
209 1239 266 1280 cae
289 1217 359 1300 ipae
383 1226 452 1279 erat
470 1217 549 1302 ipse,
573 1227 788 1301 excoctumque
802 1215 941 1300 fornace
955 1219 1040 1280 omni
1054 1217 1137 1281 mbi-

33 1317 90 1397 p'ae
117 1337 240 1378 carens.
287 1313 332 1376 At
361 1333 433 1377 vero
463 1312 585 1378 nullam
615 1316 746 1400 punitum
776 1316 972 1380 coatratcs'sse
1001 1337 1139 1400 cupream

34 1411 71 1472 rel
91 1411 184 1474 levem
201 1411 363 1496 puluerem
386 1412 489 1496 ipsam
512 1434 535 1474 s.
550 1411 708 1494 Ipnats'ava
730 1434 769 1474 eu
792 1411 850 1474 tae
872 1411 921 1476 eet
944 1412 1012 1476 alio
1030 1433 1138 1490 camo,

33 1507 86 1572 tte'
110 1531 175 1574 uon
199 1509 328 1595 petitur
350 1509 488 1572 hamana
517 1509 673 1586 conditio,
704 1530 762 1593 qao
787 1519 964 1572 cauctorem
986 1511 1140 1574 aconiaca

32 1610 165 1684 curuare,
190 1607 255 1670 Dei
281 1605 441 1670 Genitrt‘ce
466 1616 606 1690 excepta,
622 1607 774 1691 fateatur
795 1628 909 1670 omnes.
917 1605 941 1692 ¹)

538 1963 616 2030 tv.

5 2157 7 2172 .
31 2085 88 2148 De
109 2065 354 2151 eireatttas
370 2091 479 2166 post
500 2085 765 2152 Gonctttam
787 2087 1140 2152 oecumenicam

445 2206 691 2322 0θῧΐαῖἳθιὶηο

107 2377 181 2442 100.
215 2375 328 2440 Mense
351 2375 470 2440 Martio
494 2377 573 2440 anni
598 2377 663 2440 870
690 2376 789 2459 legati
814 2375 954 2441 Romani
980 2376 1136 2444 Constau·
1166 2391 1295 2443 matorum

26 2475 153 2561 linopoli
192 2475 330 2560 profecti
369 2484 455 2538 sunt.
508 2473 619 2554 Quum
656 2476 886 2538 auctoritatem
923 2475 1019 2540 Sedis
1051 2475 1138 2562 Apo·
1182 2453 1271 2495 '‘mu''

25 2573 150 2637 stelione
174 2582 266 2636 tanto
290 2573 404 2656 vigore
428 2571 671 2652 vindicassent,
705 2571 890 2657 Imperator
913 2573 1046 2659 quidem
1071 2597 1138 2640 non

26 2691 132 2751 parum
163 2673 199 2736 in
223 2691 277 2734 cos
308 2679 491 2734 commotus
514 2679 601 2751 erat3
637 2691 713 2734 cum
745 2668 995 2736 benevolentiae
1029 2683 1139 2737 tamen

24 2769 117 2852 signis
131 2781 233 2854 atque
249 2766 442 2832 muneribus
457 2789 512 2831 sos
529 2767 664 2832 dimisit.
702 2766 817 2832 Basilii
833 2768 1020 2854 spatharius
1036 2770 1139 2834 Theo·

24 2865 129 2930 ‹losins
153 2887 257 2951 usque
290 2866 334 2930 ad
358 2863 606 2949 Dyrrhachium
631 2887 685 2928 eos
709 2868 884 2930 comitatus
908 2877 972 2950 est,
1006 2867 1064 2931 sed
1088 2891 1139 2932 eo-

23 2989 85 3029 rum
117 2965 287 3028 securitati
320 2984 378 3047 pro
412 2962 557 3028 ulteriori
590 2965 707 3028 itinere
742 2963 832 3028 haud
866 2965 930 3028 fuit
957 2967 1138 3051 provisum.

24 3065 127 3148 Atque
158 3063 206 3126 ita
232 3060 373 3142 accidit,
409 3071 447 3124 ut
476 3062 510 3124 in
534 3081 652 3126 manus
681 3063 862 3146 piratarum
887 3061 1137 3128 Slavonicorum

21 3161 220 3240 inciderent,
245 3157 409 3244 aquibus
433 3159 558 3224 detenti
582 3173 615 3224 et
637 3159 791 3224 omnibus
815 3183 900 3245 qnae
924 3161 1140 3245 possidebant

21 3261 136 3342 privati
168 3267 255 3321 sunt.
302 3256 440 3342 Aliquot
470 3279 513 3320 ex
536 3255 714 3321 comitibus
743 3258 822 3342 fuga
853 3257 954 3343 elapsi
983 3260 1137 3324 nuntium

20 3354 56 3420 de
79 3357 268 3420 tristissimo
292 3365 414 3418 eventu
438 3354 576 3418 Romam
601 3354 806 3436 detulerunt,
831 3365 863 3419 et
887 3377 953 3422 non
977 3359 1040 3420 nisi
1065 3367 1139 3442 post

20 3454 214 3540 multiplices
238 3463 376 3517 conatus
398 3451 563 3517 Hadriani
587 3453 769 3534 Pontificis,
794 3475 858 3540 quo
883 3463 1013 3539 petente
1037 3457 1138 3520 etiam

20 3549 208 3616 Ludovicus
231 3550 266 3615 11
288 3549 471 3635 Imperator
500 3571 634 3635 operam
659 3573 717 3614 suo
748 3553 937 3616 interventu
965 3553 1136 3638 praestitit,

21 3671 129 3714 versus
160 3649 261 3714 finem
285 3649 364 3712 anni
390 3647 455 3712 870
485 3647 584 3733 legati
616 3650 810 3734 captivitate
833 3649 930 3714 soluti
961 3651 996 3714 in
1020 3649 1136 3716 urbem

19 3755 247 3830 pervenerunt.
284 3745 362 3811 Jsm
379 3745 534 3826 diximus,
560 3746 708 3812 codicem
729 3768 860 3833 quoque
876 3749 1036 3813 Actorum
1054 3747 1137 3814 Ocn-

20 3845 82 3910 cilii
108 3867 185 3909 cnm
207 3843 334 3930 reliquo
359 3843 577 3929 suppellectili
602 3845 643 3909 iis
665 3845 766 3909 fuisse
790 3855 951 3931 ereptum,
976 3847 1034 3910 sed
1048 3845 1136 3910 Ana·

19 3945 151 4008 stasium
163 3941 459 4008 Bibliothecarinm
476 3963 519 4006 ex
533 3963 571 4006 eo
588 3964 686 4028 quem
701 3944 771 4028 ipse
784 3943 939 4008 attulerat
950 3946 1136 4009 versionem

18 4039 150 4105 latinam
173 4041 335 4106 Actorum
359 4037 486 4123 Synodi
517 4042 750 4105 oecumenicae
774 4050 911 4107 octovas
944 4041 1136 4106 confecisse.

88 4263 109 4332 ²)
128 4261 223 4318 Boron.
243 4260 277 4313 sel
297 4275 321 4314 a.
339 4261 400 4316 878.
421 4273 447 4315 n.
466 4262 510 4314 42.
