2922 4832
277 490 316 542 Dc
336 489 410 542 Rom.
430 488 605 542 Pontificibus
625 487 704 554 hujus
722 487 831 542 astutis.
1089 489 1141 542 209

43 635 200 718 Gregorius
215 632 264 696 VI
288 631 517 717 pontificatum
541 630 677 712 dimisit,
702 630 808 695 valeo
833 630 950 694 cedere
975 630 1141 695 moraliter

43 741 155 796 coactus
178 739 237 794 est.

113 847 163 911 bd.
200 844 356 929 Synodus
380 843 435 908 illa
451 842 585 908 Sutrino
601 843 715 907 habita
737 853 786 906 est
808 842 863 906 die
886 843 929 906 20
946 841 1141 906 Decembris

41 945 223 1025 anni10463
249 942 327 1007 dein
344 942 508 1006 Henrious
532 941 670 1006 Romam
693 962 885 1027 progressus
909 951 941 1003 et
964 942 997 1004 iu
1016 939 1139 1005 Urbem

41 1043 210 1106 solemniter
232 1050 393 1126 receptus,
418 1039 535 1124 vigilia
548 1039 741 1104 Nativitatis
757 1039 894 1102 Domini
910 1039 953 1102 ad
968 1039 1140 1104 s.Petr11m

41 1140 198 1204 concilium
211 1137 402 1218 celebravit,
427 1147 464 1200 ut
486 1159 592 1201 novus
607 1136 761 1201 Pontifex
778 1137 1040 1203 constitueretur.
1065 1136 1141 1218 Qua

39 1240 147 1301 ratione
170 1237 286 1301 electio
310 1243 445 1320 peracta
469 1236 519 1314 sit,
545 1234 800 1298 exauctoribus
824 1235 956 1297 coaevis
979 1246 1140 1320 quantum

39 1335 71 1398 ad
102 1337 209 1399 omnia
241 1333 401 1418 adjuncta
434 1354 500 1397 non
533 1331 647 1418 liquet.
694 1333 907 1396 Manifestum
941 1343 1052 1397 tamen
1082 1346 1140 1414 est,

40 1435 157 1498 llenrici
201 1433 397 1496 airctoritate
433 1431 559 1494 factum
599 1451 684 1511 esse,
721 1441 758 1493 ut
786 1429 940 1493 Pontifex
976 1442 1142 1495 crearetur

39 1531 202 1614 suidgerus
226 1530 401 1614 episcopus
424 1527 693 1610 Bambergensis,
719 1529 776 1613 qui
804 1525 943 1592 Clemens
966 1531 1004 1592 II
1031 1530 1140 1616 appel·
1163 1531 1258 1573 ⁰¹⁰¹¹¹⁰⁰⁸
1274 1532 1300 1576 ¹¹·

38 1628 108 1690 latus
139 1639 195 1692 est.
244 1624 535 1691 consentientibus
577 1625 662 1688 clero
695 1637 727 1688 et
757 1627 921 1710 episcopis
957 1627 991 1689 id
1014 1628 1140 1691 factum

38 1749 103 1792 esse.
132 1726 247 1789 scribit
270 1723 463 1788 Desiderius
487 1721 640 1804 abbas²l3
677 1724 802 1786 Bonizo
835 1723 943 1804 refert,
975 1745 1017 1786 ex
1046 1725 1141 1789 laicis

38 1847 143 1907 pomos
170 1833 300 1887 tantum
333 1821 550 1902 acclamasse,
591 1844 629 1884 co
661 1822 752 1907 quod
777 1822 936 1905 Gregorio
961 1821 1010 1886 VI
1040 1822 1140 1887 fidem

32 1921 220 2004 juraverant.
234 1920 261 2006 2)
306 1920 402 1983 Ratio
452 1941 511 1982 cur
543 1941 609 1982 non
641 1919 799 2004 clegerint
836 1921 944 1982 virum
977 1942 1018 1982 ex
1054 1921 1139 1985 clero

36 2019 167 2084 llomano
191 2041 231 2082 ea
254 2017 441 2097 adducitur,
479 2017 567 2102 quod
592 2017 809 2102 languescente
833 2019 938 2102 capite
962 2019 995 2080 io
1020 2029 1141 2084 tri-ntum

34 2117 174 2202 longuida
205 2127 297 2180 eruut
329 2125 454 2180 caetero
488 2115 634 2191 membro,
671 2125 705 2178 ut
739 2117 774 2178 ia
809 2126 900 2178 tantu
932 2116 1062 2180 ecclesio
1084 2120 1140 2182 uico

34 2240 101 2280 irrisae
119 2227 226 2302 posset
248 2215 394 2299 reperiri,
419 2215 495 2296 quic
518 2213 567 2276 ccl
590 2213 773 2292 illiteratus,
798 2213 847 2276 uel
870 2215 1069 2294 simoniacus,
1092 2214 1142 2283 uel

33 2327 100 2378 isset
127 2310 395 2392 concubi-notas.³l
442 2310 507 2374 sed
531 2309 613 2374 haec
645 2321 846 2394 exaggerata
869 2320 960 2392 sunt,
993 2322 1026 2375 et
1047 2335 1139 2398 prae·

34 2429 111 2476 terea
142 2411 220 2474 dum
254 2410 329 2473 cleri
356 2409 496 2472 Romani
520 2418 639 2492 urgent
670 2409 838 2493 ineptiam,
872 2407 954 2472 haec
984 2409 1066 2474 forte
1097 2413 1140 2476 ad

34 2509 159 2573 clericos
181 2507 324 2586 nobiles,
357 2529 399 2570 ex
423 2505 545 2591 quibus
568 2505 803 2590 praecedentes
826 2505 1006 2570 Pontifices
1030 2519 1138 2572 ortum

34 2605 200 2688 habebant,
224 2606 420 2669 refenmtur.
452 2605 585 2667 Etenim
607 2604 722 2667 aderat
751 2625 778 2666 e.
794 2625 824 2687 g.
845 2604 916 2689 jam
934 2615 1012 2669 tunc
1027 2606 1140 2670 Hilde-

34 2702 169 2768 brandus
188 2703 339 2787 Gregorii
357 2701 405 2764 VI
430 2701 628 2785 capellanus,
654 2703 707 2764 vir
722 2709 883 2786 quantum
900 2702 1032 2766 videtur
1055 2703 1140 2768 ultra

31 2805 157 2887 triginta
180 2823 353 2865 annorum.
385 2801 548 2862 Auctores
571 2799 659 2862 illius
682 2800 798 2862 aetatis
821 2797 891 2861 zelo
910 2800 1140 2866 reformandae

32 2899 217 2986 disciplinae
231 2900 406 2976 ferventes,
431 2898 553 2982 passim
571 2907 690 2960 statum
707 2919 817 2960 rerum
835 2919 910 2960 curn
924 2900 980 2983 pia
995 2899 1139 2985 quadam

30 3000 275 3084 exaggeratione
299 2997 497 3081 depingunt.
511 2995 538 3080 ⁴)

97 3259 115 3312 ¹l
138 3257 206 3312 Dial.
226 3255 257 3309 L.
277 3253 327 3307 llI.

108 3315 111 3323 s

94 3355 115 3424 ¹²)
137 3357 165 3410 L.
185 3372 205 3406 c.
226 3369 268 3420 ep.
289 3350 443 3404 Watterich
465 3350 484 3404 l.
506 3351 546 3402 77.
622 3349 644 3414 3)
664 3349 764 3403 Bonizo
784 3350 801 3402 l.
821 3365 842 3404 c.
862 3366 887 3416 p.
910 3349 950 3405 Π.

93 3453 113 3514 ⁴>
134 3451 207 3503 Bene
225 3449 346 3504 advertit
364 3449 396 3502 cl.
409 3448 504 3512 Balari,
524 3447 614 3514 plures
628 3447 712 3501 fuisse
724 3449 861 3514 praesules
875 3449 959 3502 Italos
980 3450 1140 3516 pontificatu

29 3543 95 3584 verte
120 3527 305 3596 dignissimos,
337 3529 384 3582 sed
409 3527 526 3582 voluisse
550 3526 696 3581 Henricum
720 3527 764 3581 III
793 3527 949 3582 Pontificem
969 3529 1138 3584 Gennanum.

28 3610 111 3670 ,Viro
134 3625 148 3663 e
168 3609 197 3662 in
213 3609 299 3662 Roma
320 3615 407 3662 stesso
426 3611 534 3662 eraSau
549 3607 611 3662 Pier
623 3607 749 3661 Damieni
768 3608 848 3662 abate
866 3609 893 3663 di
900 3610 986 3663 Fonte
1000 3611 1140 3677 Avellana,

29 3690 71 3743 che
90 3705 178 3743 aveva
196 3689 281 3743 allora
306 3689 377 3742 circa
400 3686 523 3754 quarant’
548 3687 613 3741 anni
640 3688 672 3741 etl
691 3701 737 3740 era
754 3695 819 3742 uoto
845 3688 965 3742 oRoma
984 3706 1031 3756 per
1049 3691 1073 3744 le
1092 3706 1139 3744 sue

25 3771 104 3826 virtu.
132 3769 167 3822 ad
186 3769 284 3822 Euricu
309 3783 357 3836 per
385 3767 411 3821 le
437 3768 537 3821 lettere
564 3767 701 3835 scrittegli
720 3768 792 3822 nella
809 3785 890 3823 causa
908 3769 951 3822 del
970 3770 1140 3824 arcivescovo

24 3850 48 3901 di
60 3851 206 3915 Raveuua3
225 3849 288 3902 vivo
307 3863 354 3902 era
372 3847 434 3914 quel
447 3847 539 3901 Pietro
558 3846 704 3900 Cardinale
723 3849 765 3902 del
784 3848 862 3914 quale
880 3849 946 3902 ebbe
964 3849 1017 3903 cosi
1036 3851 1140 3918 grande

24 3931 101 3983 <tima
119 3929 139 3984 il
150 3928 290 3993 Damiaui3
310 3927 381 3992 vivo,
400 3927 471 3995 epol
489 3943 537 3980 suo
555 3928 702 3996 passaggio
720 3943 768 3995 per
779 3929 868 3982 Lucca
885 3930 971 3982 (lovea
989 3930 1079 3983 averlo
1098 3945 1140 3983 co·

24 4011 143 4064 nuscinto
168 4008 187 4062 il
212 4023 249 4072 re,
274 4007 410 4062 Giovanni
429 4007 458 4061 II
477 4021 590 4061 vescovo
615 4006 642 4060 di
661 4007 749 4061 Lucea
772 4008 879 4063 zelante
899 4009 954 4078 egli
979 4025 1045 4077 pure
1069 4009 1140 4064 della

23 4089 203 4144 ecclesiastica
220 4087 370 4156 disciplina
398 4103 413 4140 e
437 4089 495 4154 pio;
526 4086 591 4140 vivo
609 4086 744 4142 Giovauni
763 4088 792 4142 11
816 4089 964 4144 dicessus
988 4090 1036 4144 che
1061 4095 1140 4144 tanto

22 4185 106 4224 creua
125 4169 242 4223 faticato
260 4185 277 4221 a
295 4168 451 4236 migliorare
470 4168 479 4221 i
499 4160 613 4222 costumi
631 4166 674 4222 del
693 4183 740 4221 sno
760 4170 838 4222 clero.
875 4171 948 4224 Altri
967 4187 1066 4225 ancora
1085 4187 1139 4226 cer-

23 4259 141 4304 tanente
161 4250 188 4302 si
207 4265 289 4302 erano
307 4252 375 4304 etc.“
414 4248 506 4303 Storia
523 4245 631 4302 d’ltalia
648 4245 679 4301 L.
700 4248 760 4304 XX.
779 4265 806 4302 u.
826 4251 858 4304 X.

71 4352 215 4400 Jnngmaun,
229 4350 415 4389 Dissertatiuneu.
429 4349 495 4388 Turn.
511 4348 551 4389 1v.
962 4340 996 4394 14
