3002 4836
405 503 490 558 mus
508 503 627 558 meaa
646 465 879 560 noeumane
1165 507 1199 558 ai

164 649 219 712 23.
245 647 328 712 Inde
364 669 383 710 e
409 645 610 733 temporibus
635 645 859 728 Constantini,
893 669 994 732 quum
1020 646 1199 712 Christiani
1211 669 1369 712 conscensu„-

83 769 157 830 pace
180 745 314 810 reddita
346 745 541 830 magnificas
572 755 780 810 exstruerent
812 744 989 826 basilicas,
1013 744 1056 809 ad
1080 765 1199 830 casque
1253 731 1329 773 tim·

81 843 288 908 exornandas
303 865 371 908 non
385 843 585 908 mediocrem
600 843 829 928 impenderent
842 864 974 926 curam,
999 843 1099 906 etiam
1121 863 1199 906 usus

79 959 108 1004 ot
130 940 241 1006 cultus
265 942 450 1024 imaginum
475 939 598 1006 Christi
631 951 730 1027 atque
753 939 949 1006 Sanctorum
981 939 1120 1004 multum
1151 951 1200 1004 est

78 1053 202 1104 auctus.
252 1038 390 1104 Nullum
422 1041 510 1104 enim
540 1038 744 1104 idololatn‘ae
776 1037 829 1101 vei
853 1038 1091 1123 profanationis
1115 1039 1197 1123 peri·

77 1137 188 1202 culum
211 1149 302 1216 erat,
326 1147 359 1200 et
381 1137 426 1204 ad
441 1137 690 1222 propagandam
706 1134 828 1200 Christi
843 1159 883 1202 ac
899 1136 1084 1221 Martyrum
1099 1134 1198 1200 Sanc-

79 1247 253 1320 torumqne
276 1236 469 1300 memoriam
493 1245 526 1298 et
548 1237 805 1315 venerationem,
834 1243 933 1320 atque
956 1244 993 1298 ut
1015 1235 1199 1298 animaren-

79 1349 128 1396 tur
149 1332 196 1396 ad
220 1334 355 1417 pietatis
388 1334 607 1398 constentiam
640 1332 769 1416 fideles,
799 1332 832 1398 id
857 1334 1001 1397 maxime
1024 1330 1104 1396 utile
1128 1353 1199 1396 csse

78 1429 267 1494 videbatur.
313 1431 389 1494 Hoc
413 1453 491 1496 vero
519 1433 712 1516 neutiquam
744 1430 897 1496 omnibus
921 1431 954 1494 in
978 1429 1059 1494 locis
1083 1429 1199 1493 eodem

78 1529 228 1592 instituto
252 1551 292 1592 ac
324 1541 470 1614 tempore
500 1539 627 1594 constat
650 1552 721 1594 esse
744 1529 886 1612 factum,
916 1527 974 1592 scd
997 1526 1078 1592 alibi
1102 1529 1199 1592 citius

77 1625 155 1690 aiibi
181 1625 330 1708 tardius,
363 1637 461 1712 prout
490 1630 662 1692 nationum
687 1637 803 1712 captus
826 1637 859 1690 et
882 1625 1009 1692 indoles
1032 1637 1111 1690 erat.
1158 1625 1198 1690 ln

76 1723 214 1788 Oriente
238 1723 372 1790 saeculo
389 1725 455 1788 VH
479 1727 613 1790 ineunte
638 1727 821 1809 imaginum
845 1747 923 1790 usus
947 1736 979 1789 et
1002 1720 1110 1788 cultus
1133 1745 1197 1788 ma·

78 1823 165 1886 xime
190 1821 341 1887 florebat.

163 1919 220 1984 24.
245 1919 312 1984 Sed
335 1920 399 1986 hoc
422 1921 551 1986 sacculo
583 1920 728 1986 haeresis
760 1932 792 1985 et
819 1919 943 1986 bellum
966 1931 1061 1984 atrox
1085 1931 1196 1984 contra
1212 1946 1252 1988 uss
1268 1945 1360 1987 murs.

75 2039 187 2082 sacras
219 2018 385 2101 imagines
417 2021 451 2084 in
475 2019 617 2104 Irnperio
642 2019 807 2102 Romano,
839 2030 972 2084 auctore
1002 2018 1113 2084 Leone
1146 2015 1199 2082 ΙΙΙ

78 2113 191 2180 lsanro
217 2115 420 2200 Imperatore
452 2117 495 2204 (a
529 2115 736 2202 tle-741),
769 2127 919 2182 exortum
953 2128 1011 2181 est.
1057 2116 1200 2182 Videtur

76 2235 112 2278 eo
146 2227 299 2300 tempore
330 2217 514 2299 persecutio
549 2225 662 2282 contra
700 2237 810 2280 meras
842 2216 1003 2297 imagines
1035 2217 1198 2302 incepisse

74 2311 164 2396 apud
190 2311 464 2378 Mnhamedancs.
499 2313 634 2378 Etenim
650 2337 679 2378 a.
705 2315 768 2378 722
792 2311 889 2380 Jcaid
912 2311 946 2376 ΙΙ
971 2311 1091 2396 Calisa,
1115 2313 1198 2376 t'orte

73 2433 91 2472 a
115 2409 260 2474 Judaeis
283 2411 456 2488 incitatus,
491 2434 508 2474 e
533 2409 796 2476 Christianorum
828 2409 959 2495 templis
982 2413 1081 2476 totius
1104 2412 1197 2495 regni

74 2509 124 2570 sni
149 2507 277 2572 tinibus
301 2507 470 2574 deturbari
482 2510 583 2594 jussit
597 2531 707 2574 sacras
724 2509 900 2593 imagines,
924 2509 1197 2593 persecutionem-

74 2627 137 2690 que
162 2607 228 2668 ista
252 2607 288 2670 in
303 2629 402 2672 causa
424 2617 539 2672 contm
555 2606 761 2672 Christianos
784 2608 898 2671 movit.
944 2605 1102 2672 Attamen
1125 2617 1198 2691 post

74 2703 157 2769 dnos
190 2725 297 2768 annos
330 2705 399 2790 ipse
432 2715 464 2768 et
495 2725 634 2789 regnum
665 2715 697 2770 ct
727 2707 831 2770 vitam
853 2705 974 2770 amisit.
1020 2703 1087 2769 Sed
1110 2727 1197 2770 anno

77 2801 138 2864 ῖ26
162 2801 234 2864 Leo
258 2800 411 2886 haurne,
436 2804 493 2888 qui
518 2825 555 2868 eo
572 2825 677 2890 usque
698 2825 732 2868 se
756 2802 976 2868 orthodoxum
1000 2803 1197 2883 ostenderat,

76 2899 107 2962 in
123 2921 236 2963 sacras
260 2900 424 2984 imagines
447 2903 556 2987 coepit
578 2901 717 2968 saevire.
765 2899 896 2982 Quibus
919 2922 998 2966 vero
1013 2899 1198 2964 rationibus

77 2994 261 3081 imperator
283 2997 383 3062 fuerit
406 3009 533 3082 motus,
566 3009 603 3064 ut
632 3010 723 3066 tanto
754 2999 862 3064 surore
886 2999 922 3062 in
945 2997 1070 3064 cultum
1093 3020 1197 3063 sacra-

77 3115 147 3158 ram
172 3097 357 3179 imaginum
391 3108 599 3182 exsurgeret,
632 3097 723 3162 haud
747 3098 880 3162 omnino
904 3097 1115 3181 perspicuum
1139 3107 1197 3160 est.

76 3191 95 3252 J
101 3191 225 3256 udaeos
260 3194 422 3279 quosdam
453 3197 648 3280 impostores
672 3216 827 3279 magnam
860 3193 922 3258 hac
947 3195 1040 3258 inre
1064 3216 1197 3259 exercu-

79 3289 138 3352 isse
163 3289 331 3356 influxum
355 3294 390 3358 in
413 3293 577 3374 Leonem,
601 3296 685 3358 varii
716 3301 867 3358 auctores
890 3292 1088 3374 retulerunt3
1113 3313 1196 3377 quae

79 3407 154 3450 vero
178 3389 242 3452 ista
265 3388 307 3454 de
330 3411 366 3453 re
390 3393 541 3456 minutim
568 3402 741 3472 enarrant,
770 3392 911 3459 nimium
934 3388 1083 3454 redolent
1105 3389 1197 3454 sabu-

78 3480 157 3570 lum,
182 3507 284 3572 quam
308 3499 345 3553 ut
366 3511 425 3573 pro
451 3499 538 3554 certo
567 3491 692 3575 possint
720 3489 847 3555 baberi.
894 3488 984 3552 Fieri
1008 3499 1119 3552 tamen
1142 3511 1197 3574 po·

78 3585 156 3664 tuit,
182 3595 219 3648 ut
242 3585 328 3666 Leo,
352 3585 411 3652 vili
434 3607 555 3671 genere
579 3599 675 3653 natus
687 3639 696 3672 ,
720 3609 823 3674 quum
847 3586 1038 3653 adolescens
1062 3607 1200 3674 consue·-

78 3680 226 3746 tudinem
250 3681 387 3748 haberet
410 3707 486 3748 cum
511 3684 765 3750 Muhamedanis
789 3697 821 3750 et
843 3684 1002 3768 Judaeis,
1027 3685 1084 3769 qui
1108 3705 1196 3768 mag·

79 3799 153 3842 nam
177 3781 212 3844 in
236 3783 397 3867 imagines
420 3805 500 3869 prae
517 3806 551 3848 se
567 3784 719 3850 forebant
735 3786 963 3862 aversionem,
988 3793 1020 3846 et
1043 3783 1113 3867 ipse
1139 3783 1196 3846 im·

79 3875 139 3958 piis
171 3879 385 3966 praejudiciis
418 3881 616 3947 inficeretur.
665 3881 777 3963 Quum
809 3882 853 3946 ad
884 3882 1058 3966 imperium
1083 3902 1196 3964 perve-

79 3973 195 4058 nisset,
229 3979 425 4064 perspexit„
445 3981 629 4044 maximum
662 4002 704 4044 ex
737 3978 991 4044 Muhamedanis
1023 3979 1196 4044 imminere

80 4073 280 4158 pericnlum,
304 4087 336 4142 et
358 4076 441 4140 forte
466 4077 529 4142 sibi
545 4077 643 4145 tinxit
657 4077 728 4144 fieri
745 4099 858 4163 posse,
879 4087 915 4141 ut
938 4076 1057 4141 mediis
1081 4097 1195 4162 oppor-

80 4173 166 4235 tunis
196 4173 357 4240 adhibitis
389 4173 569 4240 christiana
592 4174 706 4260 religio
737 4175 778 4240 iis
800 4175 994 4241 redderetur
1017 4176 1122 4260 magis
1145 4197 1195 4238 ac·

79 4279 181 4356 cepta.
228 4271 381 4346 Dixeris.
406 4271 573 4337 hominem
598 4271 715 4337 rudem
743 4274 963 4353 existimasse,
988 4274 1197 4338 aversionem
