2904 4834
310 453 364 506 438
626 451 714 506 XVII.
751 451 792 506 De
810 450 953 506 schismate
972 452 1114 509 Photiano.

311 593 481 658 dinatione
498 614 642 658 canones
657 593 766 678 quoad
789 603 930 658 aetatem
954 597 1075 660 servati
1098 617 1166 660 non
1190 607 1304 680 essent,
1325 609 1405 684 atque
1436 591 1437 648 l

311 692 411 755 etiam
435 691 598 755 ordinatio
622 692 657 756 in
681 689 857 754 diaconum
871 712 931 776 per
946 690 1102 756 Photium
1118 702 1152 756 et
1167 699 1358 760 consecratio
1378 699 1403 760 in
1436 727 1437 768 3

311 788 533 874 patriarcham
563 811 622 874 per
650 789 842 874 episcopum
866 787 1065 854 Photienum
1097 790 1201 857 dubia
1224 796 1407 874 suscitarent,
1436 829 1437 834 κ

312 910 390 952 mox
420 887 463 951 ad
493 887 604 951 omnia
634 887 845 952 resarcienda
876 889 1074 954 interventio
1099 887 1195 954 Sedis
1219 890 1405 976 Apostolicae
1436 879 1437 964 l

311 988 461 1072 quaesita
484 995 541 1050 est.
574 983 713 1070 Scripsit
731 985 832 1068 igitur
846 984 914 1048 Leo
929 986 1101 1071 Augustus
1119 987 1161 1051 ad
1179 985 1407 1075 Stephanumll

248 1106 260 1129 ·
311 1083 524 1166 Pontificem,
558 1085 688 1168 soriprit
711 1092 744 1145 et
767 1080 936 1166 Stylianus
959 1093 1027 1148 tam
1052 1107 1127 1165 suo,
1157 1107 1257 1172 quam
1281 1088 1408 1152 omnium

148 1583 256 1625 Buram
264 1582 291 1623 ad

148 1648 213 1690 Peli.
228 1645 291 1686 Rom.

311 1183 516 1249 sacerdotum
531 1180 676 1247 Orientis
689 1179 870 1244 catholicae
882 1182 1125 1246 communionis
1137 1184 1310 1264 nomine,¹)
1322 1183 1408 1250 illum-

311 1304 375 1369 que
399 1288 565 1366 rogarunt,
591 1287 626 1343 ut
649 1277 846 1342 violatorum
870 1279 904 1342 in
928 1278 1136 1344 ordinatione
1153 1277 1311 1365 Stephani
1332 1303 1408 1346 cano·

312 1401 391 1443 num
416 1379 549 1442 veniam
574 1375 782 1456 concederet,
808 1385 840 1438 et
862 1374 983 1461 populo
1009 1377 1209 1460 ignosceret,
1234 1380 1290 1464 qui
1312 1377 1409 1442 frande

311 1477 419 1541 Photii
445 1475 612 1560 deceptus,
636 1484 711 1559 post
733 1474 859 1538 obitum
884 1473 917 1540 S.
941 1475 1063 1559 Ignatii
1093 1475 1140 1539 illi
1168 1497 1282 1540 rursus
1310 1475 1408 1540 adhae-

311 1584 408 1639 serat.
453 1573 528 1637 Non
564 1581 672 1636 exstat
706 1571 839 1657 quidem
874 1571 996 1637 Leonis
1031 1571 1243 1658 Imperatoris
1283 1573 1409 1659 epistola,

311 1672 369 1737 sed
386 1670 523 1758 epistola
539 1669 680 1753 Styliani
703 1668 849 1733 breviter
871 1670 992 1754 repetit
1013 1669 1056 1733 ab
1080 1671 1174 1734 initio
1194 1673 1306 1736 omnia
1318 1671 1408 1736 Photii

312 1768 444 1852 scelera,
470 1767 624 1852 declarat,
649 1765 812 1853 quomodo
837 1767 905 1831 Leo
930 1787 1005 1832 eum
1029 1768 1177 1852 ejecerit,
1201 1779 1363 1854 rogatque,
1383 1779 1410 1830 ut

310 1867 476 1949 Pontifex,
501 1865 665 1931 damnans
688 1885 773 1945 eum,
798 1863 942 1948 benigne
961 1864 1129 1950 dispenset
1152 1887 1228 1930 cum
1253 1865 1325 1931 aliis
1345 1867 1409 1950 spis

311 1967 419 2052 copis,
452 1965 510 2051 qni
540 1963 582 2028 ab
614 1984 651 2026 eo
677 1961 805 2047 decepti
829 1961 986 2044 fuissent,
1020 1973 1058 2026 ut
1079 1964 1126 2027 ita
1148 1986 1217 2049 pax
1240 1963 1410 2028 omnimoda

311 2066 503 2128 restituatur
527 2059 680 2124 CPtanae
704 2058 873 2124 ccclesiae.
910 2057 1014 2144 Cujus
1037 2061 1172 2146 quidem
1196 2061 1349 2146 epistolae
1368 2083 1409 2124 no·

311 2161 413 2226 tanda
436 2169 513 2224 aunt
537 2160 681 2222 maxime
706 2157 818 2238 verba,
843 2157 964 2244 quibus
988 2156 1050 2222 hoc
1074 2160 1239 2243 petitura
1263 2159 1410 2245 Stephano

311 2260 411 2344 Papa.
453 2256 610 2331 Quoniam
625 2279 696 2320 vero
712 2257 835 2334 scimus,
860 2255 969 2341 inquit
983 2253 1161 2340 Stylianus,
1186 2257 1269 2343 quod
1286 2282 1307 2321 a
1324 2267 1411 2322 vestm

310 2355 496 2444 Apostolico
527 2353 606 2419 Sede
637 2355 754 2440 corripi
782 2364 812 2418 et
833 2357 932 2443 jurato
962 2377 1096 2417 canones
1127 2357 1247 2440 corripi
1276 2355 1410 2429 debemus,

309 2457 366 2518 bac
390 2455 428 2518 cle
452 2477 549 2517 causo
572 2451 740 2516 humilibus
769 2453 817 2514 tir
846 2453 964 2515 uostris
987 2449 1101 2516 litteris
1126 2463 1211 2516 tuum
1234 2475 1356 2518 oramus
1375 2473 1409 2514 re·

310 2552 559 2634 murabilitatcm,
594 2562 629 2614 ut
664 2549 907 2614 misericorditer
940 2549 1100 2614 nobiscum
1134 2572 1229 2636 apos,
1270 2562 1303 2615 et
1334 2549 1412 2636 plura

311 2649 512 2736 hujusmodi.

402 2749 475 2812 132.
497 2745 685 2832 Stephanus
699 2743 853 2810 Pontifex
869 2765 971 2830 quum
987 2743 1180 2808 nonnullam
1193 2744 1409 2810 dissensionem

312 2851 397 2910 inter
420 2844 563 2930 Styliani
595 2854 627 2907 et
658 2843 870 2928 Imperatoris
902 2840 1027 2906 litteras
1057 2842 1357 2920 animadvertisset,
1383 2841 1410 2900 ti·

311 2946 395 3008 muit
418 2965 459 3007 ne
483 2943 545 3008 sibi
571 2941 792 3026 obreperetur.
831 2939 899 3003 Leo
929 2940 1016 3003 enim
1033 2939 1217 3024 Imperator
1244 2942 1410 3026 scripserat,

312 3039 467 3105 Photium
500 3050 615 3126 sponte
649 3063 682 3103 se
712 3038 923 3102 abdicantem
961 3039 1108 3124 quietam
1141 3039 1245 3102 vitam
1277 3037 1410 3120 elegisse3

311 3137 481 3222 Stylianus
513 3159 591 3202 vero
625 3136 779 3201 Photium
812 3159 832 3198 e
865 3133 1044 3200 Catholicis
1078 3135 1219 3220 ejectum
1253 3133 1409 3200 asserebat

313 3235 536 3316 Quamobrem
560 3233 717 3298 Pontifex
747 3233 1027 3318 dispensationem
1059 3254 1158 3318 quam
1189 3232 1349 3318 rogabant
1372 3249 1410 3290 sn·

310 3333 452 3418 spondit.
498 3331 622 3396 Scribit
644 3331 798 3396 Pontifex
822 3329 959 3417 epistola
986 3353 1015 3394 a.
1041 3331 1105 3396 888
1138 3330 1234 3396 data:
1275 3329 1355 3414 „sed
1379 3325 1410 3389 dc

309 3430 428 3496 Photio
452 3431 587 3516 quidem
618 3432 664 3493 ita
694 3451 753 3493 vos
783 3429 976 3513 scripsistis3
1012 3427 1085 3492 illas
1114 3449 1194 3492 vero
1217 3421 1411 3513 Imperatoris

309 3529 434 3593 litteras
458 3550 560 3614 quum
583 3528 794 3612 legissemus,
828 3525 960 3590 easdem
992 3549 1012 3590 a
1035 3529 1154 3591 vestris
1178 3526 1291 3612 procul
1314 3523 1410 3590 abesse

310 3627 541 3712 comperimus.
587 3626 639 3690 Ita
667 3627 755 3690 enirn
783 3647 819 3688 ao
849 3622 1034 3688 habebant:
1070 3625 1159 3710 quod
1181 3624 1318 3690 Photius
1338 3621 1408 3706 quir·

309 3736 378 3789 tam
412 3725 515 3788 vitam
548 3724 656 3809 elegit.
704 3723 913 3808 Quapropter
944 3723 979 3784 in
1011 3721 1219 3786 dubitatione
1248 3737 1410 3786 romanor.

309 3822 452 3887 Multum
483 3823 572 3886 cuim
602 3824 753 3902 interest,
787 3819 1053 3900 abrenuntiasse,
1087 3829 1120 3883 et
1151 3819 1322 3905 expulsum
1344 3833 1408 3879 esse

309 3921 377 3986 Nos
401 3922 502 4006 igitur
524 3919 649 4008 absque
673 3919 824 4004 diligenti
849 3917 1062 4004 inquisitione
1095 3916 1320 4003 qualecunque
1337 3909 1409 4000 judi·

310 4021 399 4082 cium
421 4019 567 4104 proferre
589 4040 654 4082 non
679 4039 861 4104 possumus.
895 4014 1106 4101 Quapropter
1128 4037 1218 4080 nunc
1232 4011 1406 4078 sententiam

312 4167 343 4173 .-.
353 4165 522 4174 ————-·.

385 4231 403 4292 ¹)
423 4229 457 4284 V.
477 4228 568 4284 Lahbe
586 4229 633 4283 IX.
653 4229 714 4282 368.
