2932 4836
301 495 356 551 308
455 491 528 548 XVI.
566 492 670 547 Causae
689 490 806 546 celebres
824 495 853 544 et
871 489 1027 546 Decretales
1045 489 1267 546 Pseudolsidori.

302 649 450 724 tempore
479 636 712 722 perdurarunt.
758 634 933 698 Praeterea
963 634 1166 698 Nomenoius
1195 658 1256 699 rex
1288 639 1408 724 ejusque
1451 631 1452 636 ¹

302 757 515 816 successores,
540 733 732 817 Haruspeus
756 753 796 794 ac
820 731 897 795 dein
922 731 1095 812 Salomon,
1120 735 1294 819 episcopos
1318 738 1408 799 crini·

302 855 382 898 num
406 840 576 896 accusatos
605 852 664 916 per
682 829 815 914 judices
836 829 939 894 laicos
958 830 1174 915 judicabant,
1208 831 1408 912 damnabant,

302 943 334 996 et
355 953 397 996 ex
412 933 479 994 suis
496 929 630 993 sedibus
647 927 835 1012 ejiciebant.
861 927 883 991 J
886 948 940 991 am
956 927 1226 1013 praedecessores
1241 955 1267 996 s.
1283 931 1408 1001 Nicolai.
1451 983 1452 1032 ,

300 1031 370 1094 Leo
400 1028 449 1092 IV
480 1037 513 1090 et
539 1026 740 1091 Benedictus
764 1024 833 1106 HI,
869 1027 1023 1110 quamvis
1053 1027 1087 1089 in
1118 1029 1288 1113 principes
1318 1031 1409 1092 vine
1451 1065 1452 1128 ,

301 1127 494 1212 paganismo
520 1145 696 1189 conversos
719 1121 874 1208 prudenti
894 1124 1086 1188 oeconomia
1111 1133 1290 1203 uterentur,
1314 1127 1409 1212 plures
1451 1151 1452 1232 p

301 1223 455 1310 epistolas
483 1223 525 1286 ad
550 1220 622 1285 illos
646 1241 739 1303 reges
771 1220 931 1284 dederant
961 1231 994 1284 et
1016 1221 1060 1284 ad
1084 1222 1269 1306 praesides,
1303 1234 1339 1288 ut
1366 1245 1409 1286 eos
1451 1242 1452 1300 l

302 1324 504 1388 deterrerent
534 1321 576 1384 ab
607 1318 780 1382 arbitrario
806 1319 903 1383 modo
934 1319 1073 1403 agendi,
1107 1329 1208 1405 utque
1238 1322 1409 1406 metropoli·

300 1433 377 1485 tano
401 1421 587 1485 Turonensi
612 1439 671 1480 sua
699 1417 776 1501 jura
799 1419 1058 1482 restituerentur.
1105 1417 1160 1482 Ad
1184 1416 1268 1481 haec
1291 1421 1409 1504 negotia

301 1521 400 1582 etiam
425 1517 562 1603 epistola
585 1514 714 1580 Nicolai
738 1516 891 1600 pertinet.

141 1627 223 1672 neoni
239 1630 283 1681 ert·
393 1616 465 1680 104.
498 1615 589 1678 Inter
619 1613 684 1678 alia
717 1613 872 1676 Pontifex
904 1611 1036 1676 scribit:
1072 1613 1144 1694 ,De
1178 1623 1308 1677 caetero
1339 1615 1409 1676 sciat

181 1691 243 1732 “⁰¹''
300 1714 476 1799 prudentia
500 1722 566 1793 tua,
591 1733 651 1775 nos
676 1711 717 1774 de
741 1711 855 1795 ejectis
878 1722 911 1774 et
934 1711 968 1774 in
991 1709 1073 1774 locis
1098 1709 1227 1774 illorum
1252 1710 1326 1774 aliis
1347 1710 1409 1774 suh·

299 1813 421 1896 rogatis
452 1811 616 1895 episcopis
648 1807 822 1892 diligenter
853 1811 887 1872 in
918 1808 1064 1873 archivis
1094 1819 1227 1872 sanctae
1251 1809 1409 1872 Romanae

299 1909 457 1973 ecclesiae
481 1908 703 1993 requisivisse,
729 1916 761 1970 et
784 1906 886 1970 multo
911 1905 1006 1970 aliter
1029 1908 1063 1969 in
1087 1905 1333 1991 exemplaribus
1354 1908 1410 1991 epi-

298 2007 473 2090 stolarum,
499 2027 627 2092 quaes
653 2003 880 2067 decessoribus
905 2005 1002 2080 meis,
1035 2003 1152 2068 beatae
1176 2003 1333 2068 videlicet
1354 2027 1409 2067 me·

298 2106 422 2170 moriae
456 2105 568 2167 Leone
603 2125 642 2165 ac
674 2101 854 2166 Benedicto
890 2100 1127 2182 Pontificibus,
1167 2111 1267 2186 atque
1302 2125 1322 2164 a
1354 2121 1408 2170 me,

297 2203 497 2279 Nomenoio,
532 2209 564 2263 et
587 2198 667 2280 tibi,
701 2221 829 2263 necnon
861 2199 1108 2284 archiepiscopo
1133 2199 1299 2264 Turonico
1323 2199 1409 2263 datae

299 2309 384 2381 sunt,
409 2320 530 2383 papam
545 2298 692 2360 Leonem
711 2297 890 2360 Nomenoio
916 2296 1089 2361 consilium
1113 2296 1168 2360 vel
1189 2299 1407 2361 auctoritatem

299 2396 486 2482 deponendi
512 2395 684 2480 episcopos
706 2395 900 2475 tradidisse3
925 2396 1047 2480 quippe
1072 2415 1171 2481 quem
1196 2405 1323 2460 constat
1338 2393 1409 2458 mul·
1451 2435 1452 2472 ,

297 2495 407 2558 tifarie
439 2492 616 2578 multisque
649 2491 774 2576 modis,
810 2515 851 2556 ne
886 2491 949 2555 hoc
982 2491 1024 2555 ab
1048 2492 1122 2556 aliis
1154 2515 1254 2578 quam
1289 2516 1309 2556 a
1332 2503 1409 2556 certo

298 2595 527 2677 episcopcrum
555 2611 702 2654 numeros
722 2591 830 2670 lieret,
863 2592 1080 2675 praecepisse.
1127 2591 1212 2654 Nam
1237 2591 1410 2655 Nomenoio

298 2688 481 2752 consulenti
505 2687 586 2773 quid
611 2687 652 2750 dc
667 2685 810 2772 Spiritus
834 2687 947 2752 Sancti
972 2689 1112 2772 gratiam
1137 2687 1409 2753 venumdantihus

298 2795 462 2872 oporteret
494 2785 581 2868 lieri,
615 2785 807 2870 respondet,
841 2784 940 2866 nihil,
975 2787 1144 2871 inquiens,
1177 2783 1410 2872 praeterquod

297 2887 402 2948 sancti
427 2905 570 2948 canones
596 2905 694 2968 super
708 2881 760 2946 his
774 2885 993 2968 praecipiunt,
1019 2885 1106 2968 ipsas
1122 2883 1253 2967 regulas
1268 2882 1410 2970 apicibus

298 2983 366 3045 suis
382 2984 633 3046 interserens...
670 2979 766 3062 ,Nam
783 2980 908 3044 nullam
926 2980 1172 3051 damnationem
1189 2984 1409 3068 episcoporum
1451 2987 1452 3054 l

297 3100 367 3144 esse
391 3101 538 3164 unquam
563 3100 745 3160 censemus,
769 3079 831 3142 nisi
857 3087 914 3142 aut
937 3089 1014 3143 ante
1036 3079 1222 3163 legitimum
1244 3099 1409 3144 nunrerum

298 3179 543 3263 episcoporum,
577 3178 633 3261 qui
663 3175 701 3238 fit
730 3197 789 3261 per
812 3176 988 3240 duodecim
1020 3179 1207 3262 episcopos,
1243 3189 1302 3242 aut
1331 3185 1409 3242 certe
1451 3185 1452 3240 l

297 3275 436 3361 probata
459 3276 623 3339 sententia
646 3295 704 3359 per
728 3277 939 3359 septuaginta
962 3275 1044 3339 duos
1068 3276 1203 3340 idoneos
1228 3284 1336 3355 testes,
1358 3273 1408 3359 qui

296 3373 377 3438 tales
401 3375 475 3454 sint,
501 3374 557 3458 qui
582 3382 614 3435 et
636 3393 792 3435 accusare
808 3373 945 3456 possint,
970 3382 1002 3436 et
1016 3374 1107 3458 prius
1127 3373 1171 3438 ad
1186 3395 1281 3438 sacra
1296 3371 1408 3438 Christi
1451 3379 1452 3458 p

297 3482 438 3558 quatuor
460 3468 647 3555 Evangelia
671 3478 877 3534 sacramenta
900 3481 1083 3555 praestent,
1114 3472 1203 3557 quod
1227 3471 1274 3535 nil
1298 3470 1408 3535 falsum
1451 3473 1452 3538 l

297 3571 502 3654 depromant,
527 3569 612 3631 sicut
635 3567 730 3631 nobis
754 3565 869 3630 beatus
893 3567 1053 3633 Silvester
1076 3581 1109 3633 et
1132 3580 1247 3634 sancta
1268 3569 1408 3634 Romana
1451 3583 1452 3600 ³

297 3677 408 3730 tenere
447 3664 580 3728 videtur
608 3663 768 3729 ecclesia!
816 3663 926 3744 Quam
966 3677 1098 3732 secutus
1139 3668 1291 3733 decessor
1325 3688 1409 3731 meus

296 3771 431 3826 sanctae
463 3763 641 3825 memoriae
665 3761 882 3848 Benedictus,
916 3765 994 3849 quia
1017 3774 1131 3829 contra
1161 3766 1339 3830 decessoris
1362 3769 1408 3828 sui
1451 3803 1452 3822 .

297 3860 485 3941 decretum,
521 3883 588 3924 non
620 3859 663 3923 ab
698 3861 860 3945 episcopis
897 3860 956 3924 sed
988 3885 1008 3925 a
1030 3861 1142 3945 laicis,
1178 3865 1346 3950 episcopos
1377 3862 1407 3924 in
1451 3839 1452 3928 i

296 3959 430 4042 regione
462 3967 520 4021 tna
544 3966 745 4042 cognoverat
777 3979 847 4021 esse
871 3957 1031 4044 dejectos,
1065 3960 1169 4026 multa
1191 3962 1351 4026 moestitia
1380 3967 1409 4020 et

297 4056 524 4139 indignatione
557 4054 717 4142 repletus,
755 4057 902 4141 scripsit,
937 4058 1026 4142 quod
1058 4057 1149 4124 nulla
1179 4061 1263 4124 ratio
1295 4060 1408 4122 sineret

297 4155 468 4238 episcopos
491 4176 511 4216 a
535 4155 601 4218 suis
625 4152 759 4218 sedibus
783 4153 876 4238 pelli,
907 4176 990 4241 quos
1013 4155 1237 4222 duodenarius
1259 4178 1408 4222 numerus
1451 4185 1452 4194 ¹

297 4273 362 4314 non
396 4253 555 4337 ejecisset.
604 4251 753 4331 Quorum
786 4255 926 4338 vestigia
964 4265 997 4319 et
1028 4276 1089 4340 ego
1121 4278 1251 4342 quoque
1283 4265 1408 4319 secutus
