3002 4836
138 1206 236 1252 Narratio

110 1264 255 1320 Theophanis.

278 476 316 528 ‘28
632 477 671 531 De
689 475 794 530 haeresi
812 475 1046 530 Iconoelsstsrnm.

281 619 476 683 vertendum
501 621 682 703 igiturest,
707 621 831 684 factum
847 619 930 683 illud
952 621 1065 684 referri
1089 621 1209 686 diserte
1233 624 1275 688 ab
1300 624 1399 688 histo-

279 719 357 782 ricis
380 720 509 801 graecis
538 729 569 780 et
602 717 800 804 quibusdam
830 715 950 783 latinis.
997 717 1106 804 Atque
1129 722 1217 784 inter
1238 721 1298 786 hos
1321 745 1399 786 utro·

278 825 365 880 tores
398 818 614 901 praecipuus,
648 838 689 880 ex
722 837 787 902 quo
815 818 935 879 caeteri
968 837 1027 880 sua
1061 817 1259 899 hauserunt,
1290 832 1339 884 est
1363 820 1397 884 S.

277 913 514 1000 Theophanes,
539 916 595 1000 qui
628 916 713 978 vixit
737 915 814 978 inde
846 937 866 977 a
890 915 998 978 medio
1019 914 1153 989 ,saeculo
1177 917 1262 981 VIII
1285 917 1399 1004 (natus

279 1013 413 1077 videtur
434 1036 463 1078 a.
490 1014 567 1098 stt)
591 1035 695 1098 usque
718 1012 760 1077 ad
784 1035 908 1075 annum
933 1012 1017 1092 8183
1042 1013 1190 1099 adeoque
1214 1005 1398 1080 eventuum

277 1112 369 1174 testis
392 1130 459 1175 non
482 1110 616 1196 quidem
641 1131 783 1176 coaevus
805 1110 864 1174 sed
887 1131 1011 1196 suppar
1032 1121 1090 1175 est.

366 1209 421 1274 31.
447 1209 479 1272 Is
512 1211 545 1272 in
578 1231 638 1273 sua
662 1207 935 1294 Ohronographia
972 1219 1022 1273 ter
1054 1210 1116 1274 ista
1149 1221 1398 1276 commemorat.

277 1307 333 1371 Ad
357 1329 482 1373 annum
506 1307 628 1370 Leonis
651 1306 807 1392 nonum1)
831 1307 965 1372 scribit:
999 1307 1068 1371 Hoc
1091 1329 1175 1371 canc
1199 1307 1399 1395 irs-clipiacus

277 1407 454 1492 Imperator
478 1406 538 1469 Lcc
563 1405 601 1468 de
621 1406 858 1491 proscribendis
880 1418 910 1470 et
937 1407 1131 1492 deponendis
1154 1407 1273 1470 sancus
1296 1417 1327 1468 et
1350 1427 1400 1469 ue-

276 1503 429 1568 neraadis
452 1503 641 1590 imapiaibue
667 1505 809 1589 primum
836 1514 1005 1568 tractatum
1035 1503 1146 1566 hahere
1178 1507 1292 1590 coepit,
1317 1527 1400 1568 cocs-

272 1613 365 1688 perto
382 1606 470 1690 cujus
490 1602 656 1688 proposito
674 1601 844 1686 (drepanius
862 1623 955 1688 papo
969 1603 1146 1679 Romanus,
1170 1604 1291 1688 serapte
1301 1605 1401 1689 prius

276 1701 322 1764 ad
344 1702 448 1786 ipsum
472 1700 603 1762 Leonem
626 1699 779 1763 decretali
805 1699 958 1785 epistola,
986 1723 1049 1784 qua
1077 1699 1115 1762 de
1129 1699 1198 1783 fide
1226 1699 1400 1786 quidquam

276 1810 413 1862 stanure
438 1799 623 1882 etantiqua
646 1796 804 1861 Ecclesiae
828 1799 953 1862 sanata
984 1821 1004 1860 a
1032 1799 1151 1862 samus
1173 1797 1321 1862 Patribus
1336 1799 1399 1881 fir-

276 1905 363 1960 mata
391 1898 542 1960 innovare
575 1907 632 1960 aut
654 1894 823 1960 concellere
846 1917 910 1960 non
942 1896 1049 1960 decem
1072 1897 1296 1982 Imperatorem
1318 1919 1402 1960 com·

275 2004 391 2072 merset,
416 1994 532 2058 Italiae
557 1994 682 2057 tamdem
705 2017 743 2057 ac
757 1995 876 2058 Romae
891 1993 1010 2058 tributa
1029 1993 1198 2079 adipsum
1221 1993 1401 2078 deferenda

271 2092 444 2179 prohibuit.
478 2129 521 2140 -
553 2091 678 2155 Iterum
701 2092 743 2155 ad
767 2111 892 2156 annum
922 2091 1088 2156 decimum
1115 2093 1248 2154 tertium
1273 2090 1401 2156 Leonis

275 2189 406 2254 scribit:
432 2189 529 2254 Socer
551 2188 605 2253 ille
639 2213 675 2253 ac
707 2190 833 2253 diuinus
861 2188 1051 2270 Germanus,
1085 2190 1276 2252 decretorum
1305 2211 1400 2252 cerae

274 2288 439 2372 relipiouis
470 2287 618 2374 defenser
640 2289 790 2373 Bpsamii
812 2288 927 2374 floruit
960 2287 1110 2351 adoneus
1135 2287 1280 2364 Leonem,
1315 2336 1322 2350 .
1356 2338 1363 2352 .
1391 2337 1400 2352 .

274 2386 533 2471 qucrrradmodum
555 2388 590 2449 in
612 2387 709 2448 veteri
732 2387 835 2449 Roma
857 2387 907 2449 cir
929 2385 1133 2470 undequaque
1157 2406 1246 2448 sacer
1268 2395 1298 2447 et
1320 2407 1401 2471 apc-

274 2483 420 2560 stclc'cus,
445 2483 532 2546 Petri
560 2482 783 2569 Apostolorum
815 2483 982 2570 coryphaei
1014 2482 1189 2567 confessor,
1220 2482 1401 2547 eruditione
1496 2471 1497 2486 ¹

269 2581 510 2668 praeclarisque
534 2581 740 2666 facinoribus
775 2581 917 2645 clarebat
951 2581 1139 2664 Greqorises,
1179 2582 1233 2664 qui
1263 2581 1401 2644 Romam

275 2690 367 2765 atque
391 2679 522 2743 Italiam
545 2689 699 2764 totumque
727 2678 924 2742 Occidentem
945 2702 966 2742 a
990 2677 1105 2742 [sonis
1127 2675 1307 2743 obedientia
1331 2689 1401 2741 tem

273 2775 362 2840 ciuili
384 2799 477 2862 quam
508 2775 721 2840 ecclesiastica
744 2787 774 2839 et
806 2775 846 2839 al
870 2781 937 2865 epus
959 2777 1091 2861 imperio
1115 2774 1283 2839 osshtrauit.
1330 2775 1399 2839 Ibi·

274 2873 351 2937 dem
375 2875 474 2938 etiam
499 2882 734 2938 commemorat
756 2873 920 2958 epistolas,
946 2873 1067 2958 quibus
1086 2871 1265 2956 Gregorius
1288 2872 1399 2958 Impe-

276 2982 417 3035 ratorem
432 2971 617 3057 redarguit,
633 2982 669 3035 ut
685 2971 838 3036 omnibus
863 2979 967 3036 notas.
991 3007 1034 3018 -
1058 2971 1109 3035 Ac
1134 2970 1232 3056 paulo
1256 2969 1400 3035 inferius

274 3069 384 3134 denuo
408 3067 489 3133 haec
514 3069 632 3133 habet:
661 3069 823 3134 Caeterum
849 3067 1022 3153 &spor-ius
1047 3091 1137 3133 sacer
1160 3069 1279 3133 Romae
1297 3091 1400 3154 prac-

274 3168 334 3246 sul,
359 3168 617 3253 quemadmodum
632 3172 704 3257 jam
713 3168 886 3253 praemisi,
903 3167 1110 3231 Anastasium
1128 3191 1194 3231 una
1216 3189 1284 3230 uem
1307 3165 1399 3231 libel·

274 3265 316 3346 lis
340 3271 407 3353 ejus
430 3265 638 3356 abjudicavit,
663 3267 853 3350 Leonemque
882 3266 986 3351 ipsum
1013 3276 1163 3352 tamquam
1185 3263 1401 3352 irreliqiosum

269 3389 332 3452 per
359 3364 510 3450 epistolas
540 3364 718 3450 redarpuit,
743 3387 781 3427 ae
805 3365 937 3427 Romam
967 3387 1035 3427 cum
1056 3365 1204 3428 uniuersa
1228 3363 1327 3427 Italia
1352 3366 1401 3428 ad

275 3461 479 3548 defectionem
502 3461 542 3525 ab
566 3468 632 3550 effus
655 3463 787 3548 imperio
811 3463 987 3526 concitauit.
1002 3460 1160 3526 -Plane
1183 3461 1302 3525 similia
1319 3463 1399 3526 sari-

275 3560 360 3624 bunt
382 3584 424 3623 ex
448 3559 585 3624 Graccis
610 3559 793 3640 (leduinus,
818 3561 874 3645 qui
899 3561 986 3624 vixit
1009 3558 1138 3626 saeculo
1160 3559 1221 3642 XI,
1246 3562 1280 3624 in
1308 3558 1398 3626 Com·

270 3659 391 3746 pendia
414 3660 496 3735 hist,
521 3669 553 3721 et
575 3658 729 3737 Zonaras,
763 3659 820 3744 qui
851 3657 962 3722 floruit
995 3657 1124 3722 saeculo
1159 3656 1334 3737 ΧΙ-ΧΙΙ,
1360 3663 1398 3726 in

275 3757 395 3820 Annal.
421 3757 456 3820 L.
482 3758 513 3820 X
519 3753 551 3820 V.
572 3793 615 3804 -
640 3757 693 3820 Ex
715 3754 826 3820 latinis
850 3764 960 3818 autem
984 3754 1201 3840 scriptoribus
1225 3757 1269 3820 ita
1294 3755 1398 3821 habet

353 4020 374 4067 ¹t
392 4011 567 4080 Theophanes
586 4018 725 4080 computet
743 4028 828 4066 annos
846 4012 951 4080 imperii
969 4011 1068 4067 Leonis
1086 4012 1175 4068 Isauri
1193 4013 1228 4068 ah
1245 4015 1303 4082 sJ'as
1322 4031 1398 4070 coro·

274 4093 386 4147 natione
404 4091 639 4160 Constantinopoli
657 4091 700 4146 die
719 4094 753 4145 25
766 4091 860 4146 Martii
870 4108 895 4147 a.
915 4093 967 4146 stt
986 4091 1074 4152 facta.
1094 4093 1213 4160 adeoque
1232 4095 1289 4162 etus
1308 4109 1398 4150 annus

274 4187 361 4228 noane
376 4173 427 4240 ipsi
446 4177 488 4226 est
503 4189 527 4226 a.
547 4172 606 4227 726.
626 4171 770 4227 Caeterum
789 4187 852 4226 vero
863 4172 918 4227 Leo
933 4173 991 4240 J'om
1010 4189 1034 4226 a.
1054 4172 1106 4228 716
1125 4174 1266 4242 imperium
1283 4189 1400 4245 usurpo-

275 4254 325 4312 rit‚
345 4268 454 4320 seseque
473 4252 619 4306 rhenano
639 4251 682 4305 111
702 4251 729 4305 in
749 4251 941 4320 Imperatorem
960 4251 1046 4308 electo
1065 4253 1197 4320 opposuit.
