2952 4832
142 1323 281 1372 Quorumdam

158 1385 262 1433 querelas.

305 470 358 524 274
573 471 646 524 XXI.
668 473 707 525 De
726 475 751 526 S.
771 471 903 540 Gregorio
923 472 986 526 vn.
1006 473 1081 526 Rom.
1101 471 1243 528 Pontifice.

306 615 426 704 quibus
460 617 507 680 eis
532 615 721 696 mandavit,
754 639 795 680 ne
820 615 994 682 obedirent
1016 617 1160 702 amplius
1184 619 1347 704 episcopis
1369 623 1412 704 qui

304 711 540 800 permittebant
563 712 691 778 clericis
714 716 764 778 uti
788 713 947 778 uxoribus
958 713 992 799 ¹).
1020 713 1132 794 Quum
1158 737 1237 778 vero
1261 728 1413 802 praeterea

304 813 458 878 Pontifex
484 813 670 895 statuisset,
707 833 748 876 ne
775 814 1053 876 incontinentium
1085 812 1280 876 clericorum
1309 815 1413 878 Missae

304 910 417 976 fideles
449 909 620 990 adessent,
657 909 710 974 vel
740 921 947 976 sacramenta
978 910 1020 974 ab
1045 913 1126 996 ipsis
1149 914 1364 998 susciperent,
1385 937 1412 976 eo

304 1010 481 1093 pervenit,
522 1018 557 1069 ut
594 1007 823 1073 vehementem
863 1021 978 1072 contra
1015 1008 1088 1072 illos
1126 1008 1263 1073 clericos
1302 1015 1414 1096 opposi-

304 1109 426 1172 tionem
454 1108 489 1168 in
522 1105 642 1190 populo
673 1105 851 1172 christiano
883 1117 1095 1192 provocaret,
1127 1130 1166 1172 ac
1194 1109 1242 1170 sic
1265 1109 1412 1194 paulatim

303 1206 356 1268 isti
381 1203 423 1267 ad
449 1203 672 1268 obedientiam
697 1215 903 1285 cogerentur.
1469 1208 1473 1217 '

392 1305 445 1366 oc.
479 1300 769 1386 (ippuuuavcrunt
805 1302 941 1388 quidem
977 1302 1066 1367 hanc
1103 1303 1224 1382 regendi
1263 1307 1411 1368 rationem

302 1401 453 1482 Gregorii
479 1400 615 1484 quidam
641 1401 704 1463 viri
729 1400 817 1464 illius
841 1403 1015 1486 temporis,
1050 1401 1139 1488 quod
1173 1423 1314 1482 maguam
1347 1403 1413 1466 inde

300 1499 416 1564 turbae
451 1509 482 1560 et
513 1519 679 1560 sacrorum
712 1507 921 1584 contemptus
952 1501 1102 1562 oriretur.
1153 1498 1204 1562 Ita
1233 1498 1412 1582 Sigebertus

301 1597 551 1663 Gemblacensis
586 1595 787 1669 monachus,
831 1589 891 1662 'sed
926 1597 1176 1678 schismaticus,
1224 1598 1294 1660 acri
1338 1597 1412 1682 stylo
1473 1631 1474 1634 ¹

300 1695 414 1760 scribit
434 1697 469 1758 in
493 1715 550 1760 suo
568 1692 733 1758 Chronico
747 1694 831 1760 ada.
855 1695 959 1759 1074:
984 1697 1037 1758 Eu
1061 1719 1123 1780 qua
1145 1717 1180 1758 re
1201 1719 1297 1778 proce
1321 1699 1412 1760 om'tm

299 1792 496 1871 scandalum,
521 1790 613 1856 laicis
636 1792 869 1878 ineurpentibus
892 1803 1003 1856 contro
1026 1817 1135 1858 saeros
1158 1794 1302 1874 ordi-nes,
1334 1807 1364 1856 et
1388 1819 1413 1856 u·

300 1891 340 1954 ab
368 1891 453 1954 caeni
476 1890 686 1954 ecclesiastico
711 1890 899 1980 subjectione
924 1892 1163 1955 caecutientibus.
1213 1891 1305 1954 Laici
1327 1916 1410 1956 saera

297 1989 448 2073 mysterio
472 1998 624 2052 temerant
653 1998 682 2048 et
713 1988 752 2052 de
781 1989 829 2050 lais
860 1988 1045 2074 disputaret·
1078 1989 1220 2074 infantes
1245 1988 1412 2075 baptizant.

297 2085 436 2150 candido
459 2087 584 2148 humore
609 2087 734 2149 aurium
757 2109 820 2172 pro
845 2109 935 2150 sacro
960 2086 1027 2150 oleo
1053 2097 1082 2150 et
1098 2087 1263 2150 chrismate
1287 2099 1414 2164 utentes·

297 2186 333 2248 in
357 2195 493 2247 extremo
518 2185 600 2246 citae
630 2185 780 2247 clausum
803 2185 993 2248 dominicum
1017 2195 1046 2246 et
1068 2185 1219 2248 usitatum
1243 2185 1412 2271 obsequium

297 2280 477 2368 sepeulturae
509 2305 529 2344 a
556 2281 751 2367 presbyteris
782 2284 960 2371 conjugatis
991 2283 1131 2368 occipere
1160 2285 1414 2370 parvipendunt:

298 2380 436 2444 decimas
462 2379 659 2465 presbyteris
693 2379 864 2464 deputatus
898 2381 965 2464 ipni
995 2391 1153 2456 crernant;
1182 2392 1210 2443 et
1243 2392 1278 2444 ut
1302 2383 1333 2444 in
1357 2407 1415 2444 niro

297 2488 422 2542 coetera
438 2477 641 2564 perpendae,
666 2475 743 2542 laici
766 2499 879 2563 corpus
903 2478 1036 2540 Domini
1059 2503 1079 2542 α
1100 2478 1294 2566 presbyteris
1315 2484 1415 2566 eonju-

295 2576 380 2661 potis
403 2585 615 2638 consecratum
639 2598 732 2662 saepe
750 2575 888 2662 pedibus
912 2575 1171 2640 consideraverunt
1193 2588 1223 2640 et
1238 2581 1417 2664 sanquinem

297 2674 429 2738 Domini
460 2673 637 2736 voluntarie
671 2671 895 2759 effuderunffl).
929 2674 1052 2758 Magna
1075 2687 1234 2760 exparte
1259 2675 1341 2739 baec
1365 2699 1416 2738 ex·

296 2781 454 2856 aggerata
485 2793 554 2834 csse
585 2770 788 2835 censendum
821 2781 879 2836 est.
936 2771 1024 2836 Mala
1057 2783 1168 2836 autem
1202 2773 1259 2838 illa
1291 2784 1418 2838 tantum

290 2891 353 2956 per
384 2869 528 2932 accidens
561 2868 712 2948 Gregorii
747 2869 879 2933 decreta
914 2868 1218 2956 consequebant11r3
1253 2880 1417 2935 caeterum

295 2967 442 3032 remedia
473 2989 588 3030 severa
617 2976 649 3029 et
679 2965 826 3035 violenta
859 2969 993 3032 omnino
1018 2971 1203 3032 necessaria
1239 2981 1348 3048 erant,
1386 2980 1419 3030 ut

295 3065 419 3130 abusus
442 3066 602 3128 simoniae
627 3075 659 3127 et
682 3066 943 3130 incontinentiae
968 3067 1239 3152 exstirparentur.

371 3270 390 3338 ¹)
411 3267 512 3322 ibidem
532 3283 572 3335 ep.
594 3269 635 3322 10.
666 3268 832 3336 ..Gregorius
858 3269 1007 3336 Episcopus
1026 3285 1120 3324 servus
1139 3287 1277 3324 serrorum
1298 3271 1343 3323 Dei
1365 3288 1417 3322 am·

294 3347 374 3402 nibus
397 3347 500 3401 clericis
527 3353 555 3400 et
573 3345 648 3400 laicis
668 3347 696 3400 in
722 3363 806 3416 reguo
825 3347 1034 3402 Teutonicorum
1052 3350 1226 3403 constitutis.
1255 3351 1416 3403 salutemet

294 3429 469 3496 apostolicam
496 3426 715 3481 benedictionem.
741 3459 772 3465 -
799 3428 975 3493 Audivimus,
1007 3429 1077 3496 quod
1102 3429 1210 3495 quidum
1236 3433 1417 3498 episcopiorum

293 3509 366 3577 apud
385 3525 432 3562 ros
451 3507 680 3572 commorantium,
700 3513 731 3561 ut
750 3509 903 3562 sacerdotes
922 3517 950 3562 et
968 3509 1073 3563 diaconi
1087 3517 1115 3563 et
1132 3509 1286 3564 subdiaconi
1298 3510 1417 3563 mulieri

295 3587 344 3642 bus
370 3588 606 3653 commisceantur,
632 3593 681 3641 aut
700 3589 875 3644 consentiunt
893 3597 943 3644 aut
960 3590 1116 3658 negligunt.
1153 3589 1212 3655 His,
1231 3591 1417 3659 praecipimus

294 3685 342 3724 ros
367 3668 441 3722 nullo
468 3669 544 3722 ruodo
569 3667 675 3722 obedire
700 3669 744 3722 vel
768 3669 875 3724 illorum
900 3671 1054 3739 praeceptis
1078 3671 1247 3736 consentire.
1275 3671 1343 3724 sicut
1365 3671 1416 3737 ipsi

293 3748 465 3816 Apostolicae
483 3747 559 3801 Sedis
578 3749 729 3818 praeceptis
749 3765 801 3802 non
821 3750 958 3816 obediunt,
978 3765 1064 3818 ireque
1083 3751 1243 3804 auctoritati
1261 3761 1417 3804 saperemus

294 3829 408 3882 Petrum
432 3829 615 3885 consentiunt.
658 3829 790 3884 Testante
815 3830 908 3884 divina
937 3831 1089 3898 Scriptura.
1110 3829 1242 3887 facientes
1261 3841 1288 3884 et
1304 3846 1418 3883 cinsen-

295 3908 395 3964 tieutes
420 3923 469 3976 par
491 3924 578 3976 poena
596 3908 808 3977 complectitur.“

325 4011 330 4017 “
366 4005 388 4074 ¹)
403 4006 627 4062 t1.G.Scr.VssI.
641 4009 702 4062 363.
713 4038 746 4048 -
757 4007 862 4061 Similes
873 4007 998 4074 querelae
1009 4009 1188 4063 inveniuntur
1201 4009 1228 4064 in
1239 4009 1306 4076 epist
1324 4007 1417 4061 'lbet-

291 4087 376 4140 dorici
396 4087 477 4154 episc.
497 4087 679 4142 Varduuensis
699 4087 732 4140 ad
753 4087 943 4155 G1·egor.Vll.
963 4089 1185 4144 nusievnt.
1199 4091 1264 4147 218:
1276 4087 1357 4156 epist
1379 4089 1418 4144 u

293 4167 407 4298 ssltlgoipxri
426 4167 459 4314 ali
479 4167 647 4300 &arraldum
667 4167 917 4232 Corrstarniensera‚
943 4185 986 4236 ap.
1006 4169 1128 4225 Goldest.
1147 4171 1255 4239 apolog.
1272 4183 1316 4236 pro
1338 4169 1417 4224 Hen-
