3002 4836
424 483 549 554 Gregorii
567 484 601 537 11.
622 485 654 540 R.
666 484 703 538 rP.
724 484 862 552 epistolae.
1168 483 1202 536 25

84 651 127 690 res
149 639 221 692 tuna
254 639 285 691 et
308 629 343 692 in
373 638 470 714 caput
501 639 585 692 tunm
608 629 672 692 ieta
699 627 847 693 recident.
895 625 969 708 Quo
994 636 1140 712 tompore
1165 648 1203 690 ea
1224 647 1314 696 remen
1329 647 1365 688 aa

84 725 230 808 Gregorii
265 725 406 811 epistola
430 725 506 790 data
538 726 594 809 sit,
619 724 759 788 multum
784 724 994 812 disputarunt
1017 727 1202 811 scriptores,
1222 709 1358 749 “mm

85 823 243 888 Beronius
267 845 343 886 eam
366 843 455 888 anno
472 823 535 887 726
550 823 712 902 attribuit,
729 834 867 910 uterque
881 823 1004 907 Pagius
1028 843 1105 886 vero
1123 821 1202 908 (An-

82 923 186 986 tonius
220 931 256 985 et
279 919 492 1008 Francisous)
524 943 611 986 anno
644 921 718 986 730.
767 919 898 986 Caeteri
931 922 993 984 viri
1023 919 1143 984 eruditi
1168 922 1201 984 iu

81 1021 186 1083 varias
218 1021 344 1105 pariter
375 1029 486 1104 partes
517 1019 690 1101 abierunt3
724 1019 782 1084 sed
813 1020 1037 1106 quaestionem
1063 1015 1203 1082 multum

79 1115 264 1182 elucidavit
275 1116 327 1182 Ill.
343 1116 461 1182 Helela
484 1116 669 1198 ostendens,
687 1139 801 1182 versus
824 1138 949 1182 annum
975 1117 1036 1180 727
1061 1116 1202 1200 primam

79 1215 254 1300 epistolam
278 1217 435 1300 scriptam
460 1237 539 1280 csse.
574 1215 839 1280 -Praesertim
863 1238 905 1278 ex
929 1215 1023 1279 initio
1047 1212 1203 1298 epistolae

80 1312 201 1398 Pagius
225 1313 351 1399 aliique
374 1311 514 1398 probare
538 1314 648 1378 conati
672 1323 764 1396 aunt,
788 1335 855 1378 non
879 1314 943 1377 nisi
967 1311 1092 1376 ultimis
1116 1333 1203 1376 men-

79 1409 170 1474 sibus
193 1413 277 1476 anni
295 1411 359 1476 730
382 1409 470 1475 hano
493 1410 664 1498 epistolam
684 1431 754 1476 esse
778 1413 921 1480 missam.
968 1410 1091 1495 Incipit
1114 1410 1203 1476 vidc-

79 1507 153 1572 licet
177 1507 299 1572 eadem
323 1507 414 1572 hisce
438 1509 567 1574 verbis:
592 1509 887 1588 „Litteraeocetrac
912 1533 932 1572 a
947 1509 1014 1572 Deo
1029 1509 1203 1574 aristoditos

81 1609 261 1696 majestatie
284 1631 322 1672 oc
337 1608 560 1694 fraternitatis
585 1631 648 1694 per
672 1606 868 1694 aagendam
891 1605 1203 1694 Spatiurocundida-

79 1715 144 1768 tum
156 1707 272 1769 missae
298 1708 472 1792 accepimus
480 1757 490 1786 ,
507 1707 680 1792 imperante
702 1717 730 1770 tc
746 1705 918 1770 indictione
935 1705 1056 1769 decima
1079 1715 1203 1789 quartu,

79 1803 179 1888 ipsias
204 1805 305 1867 etiam
336 1805 425 1868 XIV.
451 1814 480 1866 et
502 1804 573 1867 XV.
608 1805 685 1868 etl.
712 1813 740 1866 ot
766 1804 809 1868 H.
835 1814 864 1866 ct
888 1804 949 1882 III,
974 1813 1003 1868 et
1026 1803 1085 1866 JV.
1110 1814 1140 1866 et
1169 1803 1204 1867 V.

80 1913 107 1964 et
137 1899 189 1964 VI.
216 1912 248 1964 ct
279 1901 347 1966 VH.
373 1913 403 1966 ct
423 1889 518 1966 VIII.
552 1912 582 1966 et
604 1901 660 1966 IX.
693 1901 902 1964 indictionum
925 1911 1069 1986 acceptas
1092 1901 1205 1986 episto·

80 1998 178 2062 dolas
203 2010 288 2079 tuus,
313 2002 347 2062 in
371 2011 483 2064 sanctu
506 1999 637 2064 ecclesia
659 2001 825 2084 repositae,
849 1999 883 2062 in
907 1997 1013 2062 limine
1037 1997 1204 2083 confessio·

81 2098 129 2160 ais
151 2097 259 2160 ruenti
282 2107 313 2161 et
324 2095 458 2182 gloriosi
472 2121 508 2162 aa
516 2098 678 2184 principio
695 2095 908 2183 apostolorum
918 2096 1014 2173 Petri,
1038 2095 1206 2182 diligenter

80 2215 255 2272 emmiu,
288 2195 344 2258 ati
375 2207 405 2258 ct
441 2193 559 2260 Christi
591 2195 764 2258 amantiora
782 2193 1060 2282 praedecessorum
1080 2203 1206 2260 ,morum

82 2292 201 2377 quipie
226 2294 425 2379 imperarunt
447 2303 521 2356 sunt
535 2292 692 2358 litterac.“
739 2290 923 2376 Epistolam
941 2293 1051 2376 itaque
1071 2293 1204 2356 missam

82 2411 99 2450 a
121 2389 238 2454 Leone
263 2389 409 2454 inferunt
433 2388 612 2454 indictione
626 2390 731 2471 XIV·,
756 2410 840 2474 quae
869 2390 994 2474 incepit
1017 2389 1071 2454 die
1100 2387 1205 2472 lSep-

82 2485 219 2552 tembris
244 2509 274 2552 a.
308 2488 389 2572 730,
422 2488 570 2575 adeoque
604 2498 637 2552 et
660 2487 856 2572 Gregorium
888 2487 1013 2550 ultimis
1037 2485 1206 2550 mensibus

83 2583 181 2670 hujus
205 2587 289 2650 anni
313 2585 531 2672 respondisse.
578 2583 644 2650 Sed
667 2585 745 2650 huic
770 2585 1008 2670 computationi
1027 2585 1100 2668 jam
1124 2582 1205 2646 illud

83 2679 190 2766 obest,
215 2681 307 2769 quod
322 2682 501 2768 Gregorius
524 2682 558 2748 II
583 2707 600 2747 e
624 2685 711 2747 vivis
732 2683 871 2748 decessit
894 2683 948 2746 die
974 2684 1012 2746 ll
1032 2681 1205 2746 Februarii

82 2801 111 2844 s.
137 2781 215 2845 731.
261 2781 423 2868 Adeoque
447 2804 627 2868 paucorum
644 2782 933 2866 mensium.spatio
950 2778 1087 2864 epistola
1100 2777 1205 2862 Impe-

83 2880 213 2960 ratoris,
239 2901 437 2966 responsum
454 2879 616 2964 Gregorii,
640 2901 728 2944 nova
752 2877 890 2964 epistola
904 2878 1025 2942 Leonis
1049 2875 1206 2940 etaltera

84 2973 237 3061 Gregorii
262 2989 371 3042 esseut
394 2977 624 3043 adscribenda.
672 2976 791 3058 Quod,
819 2997 920 3062 quum
945 2977 1023 3040 setis
1047 2974 1207 3039 distarent

86 3073 188 3140 Roma
213 3085 247 3138 et
263 3073 576 3162 Constantinopolis,
593 3066 759 3162 quumque
781 3073 941 3160 ejusmodi
965 3072 1093 3136 litterae
1116 3070 1206 3136 haud

85 3172 252 3259 extemplo
288 3173 406 3238 confici
441 3173 584 3254 soleant,
609 3195 707 3258 aegre
730 3171 861 3236 admitti
886 3181 1001 3256 potest.
1039 3169 1205 3234 Anteriori

86 3281 255 3354 praeterea
279 3273 419 3358 tempori
443 3293 528 3359 quae
551 3272 741 3337 scribuntur
763 3271 873 3354 aptius
897 3278 1089 3353 congruunt.
1129 3267 1207 3354 Epi·

87 3367 167 3432 stola
190 3378 303 3432 antem
327 3390 412 3455 quse
436 3371 543 3455 primo
559 3378 834 3434 commemoratur
849 3367 926 3431 dats
949 3365 1130 3430 indictione
1154 3367 1207 3430 de·

88 3467 172 3532 rima
197 3477 326 3552 quarta,
351 3467 441 3532 haud
472 3479 521 3532 est
551 3465 606 3530 illa
630 3466 745 3530 ultima
769 3465 935 3551 adquam
959 3462 1137 3548 Gregorius
1160 3485 1207 3528 re·

89 3563 242 3646 spondet,
268 3563 326 3628 aed
341 3587 381 3630 ea
405 3576 454 3629 est
477 3564 614 3650 epistole
632 3567 739 3650 prims
756 3585 855 3649 quam
866 3563 933 3626 Leo
958 3563 1052 3626 initio
1078 3563 1206 3646 imperii

89 3663 137 3724 sui
162 3685 192 3726 a.
220 3663 298 3744 716,
323 3662 505 3727 indictione
528 3663 634 3746 xlm,
659 3665 770 3726 statim
794 3661 838 3726 ad
861 3661 1058 3745 Gregorium
1082 3659 1207 3723 direxe-

90 3769 156 3844 rat,
191 3769 227 3824 ut
251 3782 353 3847 quum
379 3783 517 3846 regnum
548 3761 753 3846 arripuisset,
778 3758 949 3826 Pontifiois
972 3759 1119 3822 favorem
1144 3756 1206 3822 sibi

91 3857 327 3944 conciliaret.¹)
374 3858 486 3938 Quum
510 3859 625 3923 eidem
640 3857 777 3944 epistola
806 3867 837 3920 ct
860 3855 1136 3942 subseqnentibus
1159 3855 1209 3920 lit·

165 4119 185 4185 ¹)
203 4117 308 4173 Graeca
332 4116 432 4172 verba:
463 4115 674 4178 βασιλευσιινεὸς
698 4117 751 4165 σοῦ
777 4117 815 4172 εἰς
839 4111 888 4177 τὴν
913 4113 1208 4181 εεσσιιρεσιιαιιῖεκάιηιν

96 4197 257 4264 ἐπινέμησιν,
278 4213 397 4266 congrue
416 4195 487 4252 verti
502 4201 622 4264 possunt,
635 4209 732 4262 ,quum
743 4193 883 4262 imperinm
903 4194 1017 4262 adeptus
1035 4209 1106 4248 esses
1125 4193 1208 4247 indic·

98 4275 168 4331 tione
186 4278 286 4334 decimu
305 4281 427 4345 quana.“
