3002 4836
375 475 896 547 usnemun-nnmerum
1164 477 1200 530 ⁸⁵

93 619 192 706 porale
222 633 255 684 et
276 620 485 705 principatus
515 619 623 686 civilis
660 619 728 686 RR.
762 618 981 686 Pontificibus
1003 619 1199 686 firmaretur.

93 716 151 784 Sed
178 739 236 804 per
258 716 391 802 singula
413 715 583 804 aliquanto
613 719 801 784 accuratius
831 717 914 782 baec
936 737 1104 803 exponere
1127 739 1200 782 con·

95 817 185 880 venit.

169 913 198 978 5.
221 912 302 978 Jam
316 911 433 998 primis
455 911 596 976 saeculis
615 911 780 994 ecclesias,
797 923 831 978 at
844 913 991 978 maxime
1006 914 1200 998 Romnum,
1227 939 1357 985 mansu

92 1009 295 1074 exidolium
328 1007 552 1074 oblationibus
583 1009 704 1076 fundos
735 1023 768 1076 et
799 1032 895 1096 agros
928 1032 986 1076 sau
1010 1010 1203 1097 multiplicis
1218 1002 1319 1048 ’Μ’
1333 1001 1360 1044 ¹³

90 1109 208 1192 genens
231 1106 322 1172 bona
345 1104 530 1172 immobilia
552 1107 752 1193 possedisse,
775 1119 1022 1195 proventusque
1045 1106 1201 1173 babuisse

91 1204 312 1290 amplissimos,
336 1205 460 1290 passim
494 1204 756 1275 observavimus.
802 1207 913 1293 Atque
937 1205 1015 1272 inde
1037 1229 1058 1271 a
1080 1215 1202 1292 tempo·

92 1303 173 1368 ribus
196 1302 408 1368 Constantini
442 1302 604 1390 ejusmodi
637 1303 852 1373 ecclesiarum
875 1304 963 1368 bona
985 1318 1026 1368 ac
1049 1303 1202 1389 patrimo·

91 1404 193 1467 monis
216 1400 399 1468 admodum
430 1411 529 1466 aucta
560 1411 647 1468 sunt.
694 1402 740 1468 Ut
771 1403 860 1468 anim
885 1413 1054 1466 taeeanms
1078 1399 1119 1465 de
1142 1400 1202 1466 lar·
1311 1483 1314 1488 Ι

90 1501 183 1584 gitate
203 1522 243 1564 ac
260 1499 355 1564 donis
370 1501 516 1586 ipsorum
530 1499 771 1585 Imperatorum
785 1498 1049 1582 christianorum,
1076 1519 1202 1584 ,nemu

91 1599 132 1660 ait
152 1596 403 1679 Thomaasiuus,
434 1609 503 1662 tam
532 1598 727 1683 peregrinus
755 1599 861 1662 estin
894 1597 1070 1663 annalibus
1091 1596 1203 1662 Eccle-

92 1697 168 1778 siae,
184 1697 239 1759 cui
265 1715 332 1759 non
347 1696 389 1758 ait
404 1704 624 1782 compertum,
641 1717 680 1760 aa
694 1706 801 1761 aetate
825 1693 1084 1762 innumerabiles
1099 1714 1203 1780 paene

92 1795 210 1878 primae
234 1790 418 1858 nobilitatis
450 1793 547 1874 viros,
582 1814 624 1858 ex
646 1815 712 1879 quo
744 1794 889 1879 pomum
912 1792 967 1857 vel
990 1791 1204 1857 ebriationem

93 1890 184 1956 tidem
208 1889 377 1976 baptismo
405 1891 544 1976 professi
575 1903 668 1972 sunt,
693 1889 747 1956 vel
771 1890 963 1956 clericatum
987 1887 1203 1970 ordinatione,

94 1989 139 2054 vel
168 1988 315 2074 denique
345 1988 564 2054 monasticum
595 1990 802 2070 institutum,
837 1989 984 2074 ingentia
1007 1987 1206 2074 patrimonia

92 2085 270 2164 abdicasse,
294 2083 497 2171 pauperibus
520 2085 736 2168 distribuisse,
760 2097 793 2152 et
816 2097 887 2150 tum
910 2085 972 2150 sibi
999 2107 1033 2149 ae
1058 2105 1135 2148 vere
1158 2083 1205 2148 di-

94 2186 172 2250 vites
205 2186 295 2249 visos
323 2205 404 2264 esse,
437 2182 497 2248 has
521 2183 657 2250 divitias
689 2183 817 2264 fucatas
840 2195 874 2248 et
897 2183 1099 2248 umbraticas
1121 2193 1205 2267 post·

92 2305 186 2368 quarn
219 2281 431 2368 abjecissent.
476 2280 580 2366 Atqui
614 2303 717 2348 unum
746 2282 901 2369 idemque
933 2292 1013 2346 tunc
1036 2292 1107 2345 erat
1128 2301 1206 2366 pan·

93 2379 223 2464 peribus
246 2379 341 2459 dare,
366 2378 419 2444 vel
434 2377 603 2444 Ecclesiae
626 2381 775 2446 omnium
798 2400 982 2466 pauperum
1005 2378 1124 2444 altrici.
1164 2377 1207 2442 Ut

92 2481 174 2543 enim
200 2489 270 2542 tota
283 2476 455 2542 Ecclesiae
472 2475 656 2542 substantia
671 2478 907 2564 patrimonium
920 2487 991 2542 erat
1013 2497 1206 2563 pauperum,

93 2577 133 2639 ita
155 2589 190 2640 et
212 2595 299 2662 quas
324 2575 358 2638 in
380 2597 544 2661 pauperes
567 2573 735 2659 eroganda
766 2574 971 2659 legabuntur,
995 2597 1035 2640 ea
1058 2573 1208 2638 solebant

95 2673 261 2738 Ecclesiam
284 2670 513 2758 committi“').
560 2672 635 2738 Hac
659 2673 761 2757 igitur
783 2674 910 2738 ratione
933 2671 1084 2737 Romans
1106 2670 1207 2736 eccle·

94 2773 137 2840 eia
157 2769 404 2857 amplissimum
427 2770 664 2855 patrimonium
687 2780 840 2836 assecuta
861 2780 920 2836 est

174 2871 206 2934 6.
231 2868 405 2956 Nusquam
422 2866 625 2934 mirabiliora
646 2867 835 2953 opulentiae
858 2868 958 2955 hujus
971 2867 1130 2932 ecclesiae
1154 2866 1208 2932 do·
1225 2885 1321 2941 omero
1336 2881 1365 2932 u

94 2979 254 3046 comente,
285 2965 346 3030 sed
375 2975 594 3051 utnusquam
619 2965 795 3030 illustriora
819 2967 1046 3032 unctissimas
1069 2964 1208 3030 adnum-
1257 2949 1336 2993 Μ’

93 3066 255 3130 strationis
279 3063 424 3148 insignia
448 3063 679 3144 inveniuntur,
704 3085 804 3150 quam
828 3065 861 3128 in
886 3063 1033 3150 epistolis
1056 3061 1208 3147 Gregorii

94 3163 133 3228 ll.
157 3163 340 3228 l’ontilicis.
386 3161 590 3228 Patrimonia
613 3159 784 3226 Ecclesiae
807 3161 976 3226 Romanae
1000 3182 1039 3225 eo
1062 3171 1209 3246 tempore

94 3261 151 3324 sita
181 3271 278 3326 eram
301 3261 336 3324 in
360 3260 485 3340 Africa,
518 3257 638 3337 Gallia,
663 3258 788 3340 Sicilia,
814 3257 959 3343 Corsica,
984 3259 1153 3324 Dalmatia
1177 3268 1210 3322 et

94 3360 281 3442 praesertim
314 3360 349 3424 iu
372 3357 479 3438 Italia,
505 3355 662 3422 videlicet
693 3367 762 3421 tum
788 3357 821 3422 in
845 3355 962 3422 Italiae
985 3355 1209 3422 meridionalia

96 3456 271 3538 provinciis
296 3453 490 3542 Campania,
516 3453 671 3520 Calabria
700 3464 734 3517 et
756 3455 937 3538 Lacaenis,
962 3466 1032 3520 tum
1056 3455 1090 3518 in
1113 3452 1210 3518 Italia

96 3553 360 3639 septemtrionali,
386 3553 444 3618 ubi
457 3553 561 3638 Alpes
575 3551 705 3618 Cottiae
719 3552 762 3617 ad
778 3553 1015 3639 patrimonium
1039 3549 1209 3616 Ecclesiae

96 3649 257 3720 &manae
280 3651 502 3738 pertinebant.
547 3649 752 3716 latifundiis
776 3651 876 3735 igitur
899 3647 1110 3735 amplissimis
1133 3669 1209 3712 cuni

97 3751 233 3836 oppidis,
258 3751 369 3836 pagis,
393 3749 573 3832 aedificiis,
598 3749 704 3834 agris,
729 3749 881 3834 pascuis,
914 3758 947 3813 et
963 3745 1125 3832 'gregibus
1148 3747 1210 3811 ista

97 3849 288 3930 patrimonia
320 3846 613 3912 constituebantur.
661 3845 727 3912 Sed
751 3857 783 3910 et
806 3845 913 3911 coloni
938 3845 1001 3931 ipsi
1024 3843 1086 3908 sub
1110 3841 1210 3907 eccle-

99 3945 160 4010 siae
181 3947 438 4012 desecarent.
483 3945 589 4010 Nemo
613 3944 719 4010 nescit
748 3941 919 4028 agricolas,
945 3943 1112 4024 vinitores,
1137 3963 1210 4004 con·

99 4041 242 4108 ductores
265 4063 431 4128 agrorum,
465 4044 606 4107 rusticos
637 4053 705 4106 tum
741 4063 845 4126 paene
875 4042 1057 4122 universos,
1082 4037 1211 4104 servilis

132 4191 194 4198 α..--
213 4191 302 4198 .----

167 4266 185 4336 ¹)
203 4267 290 4320 Vetus
307 4272 338 4320 et
355 4279 427 4319 nova
444 4263 515 4319 Eccl.
534 4261 685 4332 disciplina,
704 4262 734 4316 P.
753 4261 804 4316 ΙΙΙ
824 4260 854 4317 L.
874 4259 901 4314 1.
922 4277 944 4316 c
965 4263 1007 4315 16.
1026 4275 1051 4314 n.
1072 4261 1097 4314 b.
