2932 4836
114 1475 478 1598 Dissertatio
517 1475 761 1598 decima
798 1475 1082 1623 septima.

302 1707 365 1789 De
392 1705 633 1789 schismate
660 1705 916 1789 Phottano.'

131 2096 156 2158 1.
180 2091 321 2158 Saeculo
344 2114 431 2157 nono
447 2091 598 2157 Ecclesia
614 2090 829 2157 occidentalis
845 2091 1036 2156 haeresibus
1057 2101 1329 2178 aequoniam-sonu

55 2190 204 2254 erroribus
230 2211 348 2275 parum
372 2189 435 2253 luit
457 2188 605 2272 turbata3
639 2190 785 2255 vidimus
809 2191 907 2272 enim,
933 2192 1158 2258 contentiones
1200 2162 1290 2206 Μὴ

53 2288 87 2352 de
107 2287 302 2374 quibusdam
326 2287 403 2352 fidei
429 2287 593 2373 capitibus
617 2298 758 2368 exortas,
783 2309 845 2352 neo
869 2287 927 2352 diu
950 2287 1156 2373 perdurasse,

54 2409 104 2450 nec
132 2386 332 2450 factionibus
356 2384 531 2450 haereticis
554 2397 662 2450 ortum
695 2385 835 2450 dedisse.
882 2384 948 2450 Sed
970 2387 1157 2453 tristissima

53 2483 313 2550 accidit'saeculo
337 2481 393 2548 illo
420 2485 493 2569 jam
526 2483 570 2548 ad
593 2483 693 2548 finem
717 2495 875 2568 vergente
907 2485 1020 2548 scissio
1045 2485 1157 2550 Eccle-

52 2584 122 2647 siam
145 2581 383 2648 occidentalem
415 2585 500 2646 inter
523 2592 555 2646 et
578 2581 780 2665 orientalem,
805 2582 1001 2662 ambitione,
1027 2581 1100 2647 dolo
1125 2596 1158 2648 et

54 2681 195 2746 violentia
229 2683 329 2744 unius
363 2682 446 2762 viri,
481 2679 592 2744 Photii
627 2679 983 2766 pseudo-patriarchae
1019 2679 1155 2746 OPtani.

53 2777 137 2844 Hunc
160 2781 280 2858 virum,
305 2800 407 2864 quum
431 2781 565 2862 ingenio
590 2787 622 2843 et
640 2777 824 2843 eruditione
848 2779 999 2864 plurimis
1018 2781 1068 2842 sui
1089 2801 1154 2844 sae-

52 2877 105 2940 culi
126 2877 314 2942 hominibus
335 2875 553 2958 antecelleret,
578 2878 726 2962 nequitia
750 2885 783 2940 et
800 2877 1016 2962 perversitate
1030 2879 1155 2942 nemini

50 2977 183 3040 omnium
204 2973 410 3039 saeculorum
426 2974 550 3039 dixeris
572 2973 672 3038 fuisse
687 2974 880 3040 secundum.
919 2975 1027 3060 Impia
1045 2985 1154 3040 autem

52 3073 110 3156 ejus
141 3075 306 3154 facinora,
342 3071 463 3157 quibus
496 3071 688 3137 orientalem
711 3071 897 3136 Ecclesiam
930 3095 968 3137 ea
1000 3082 1108 3136 aetate
1136 3097 1156 3137 a

51 3168 124 3234 Sede
146 3169 337 3257 Apostolica
370 3173 553 3256 separavit,
590 3172 717 3234 semina
749 3171 882 3234 fuerunt
904 3170 1077 3256 pestifera,
1113 3192 1156 3234 ex

51 3267 158 3351 quibus
191 3269 303 3334 adhuc
341 3267 619 3354 subseqnentibus
654 3267 794 3334 saeculis
831 3268 958 3332 fructus
993 3271 1155 3354 procreati

52 3365 129 3430 suere
151 3367 295 3431 lethales.
344 3365 507 3445 Quamvis
540 3368 628 3432 enim
653 3366 795 3432 schisma
828 3365 916 3452 quod
940 3365 1077 3430 Photius
1102 3387 1155 3430 ex-

50 3463 153 3528 citavit
184 3463 278 3528 brevi
302 3475 376 3549 post
408 3466 608 3528 exstinctum
636 3465 694 3546 sit,
731 3466 802 3549 ipse
834 3473 945 3528 tamen
969 3463 1155 3530 Orientales

51 3581 100 3622 suo
122 3563 232 3627 infecit
255 3563 373 3648 spiritu
395 3561 584 3646 superbiae3
601 3561 849 3648 fundamentum
863 3561 1039 3626 doctrinale
1061 3583 1154 3648 para·

53 3659 93 3720 vit
123 3661 333 3746 separationi,
367 3681 470 3746 eaque
494 3658 626 3746 reliquit
658 3661 693 3724 in
716 3659 772 3724 illa
795 3659 934 3724 ecclesia
966 3659 1155 3724 rebellionis

50 3753 206 3844 elementa,
230 3779 315 3845 quae
336 3756 430 3822 brevi
454 3767 527 3843 post
546 3761 665 3822 iterum
680 3757 912 3822 efferbuerunt.
952 3759 1003 3822 Ac
1020 3757 1154 3822 demum

53 3851 119 3918 illud
142 3857 282 3922 schisma
302 3867 451 3920 exortum
473 3866 522 3920 est
541 3857 773 3936 tristissimum,
799 3855 887 3941 quod
906 3855 1068 3942 usquead
1084 3855 1154 3920 dies

51 3965 163 4018 nostros
181 3954 374 4042 perdurans,
399 3975 418 4018 a
441 3965 553 4018 centro
569 3955 704 4018 unitatis
720 3975 876 4037 magnam
891 3951 1153 4028 Christianorum

52 4059 163 4128 partem
194 4063 283 4117 tanet
315 4051 476 4116 avulsam.
524 4051 620 4117 Unde
653 4073 719 4116 non
755 4053 936 4131 immerito,
971 4051 1049 4115 licet
1080 4061 1154 4136 post

54 4141 190 4214 Photinm
226 4152 304 4215 unio
340 4153 491 4216 restituta
525 4150 642 4232 fuerit,
679 4149 822 4214 schisma
851 4148 995 4214 Orientis
1030 4150 1153 4233 passim

52 4247 170 4310 nomine
192 4247 377 4313 schismatis
400 4248 553 4312 Photiani
579 4248 780 4332 designatur.

105 4357 223 4411 ruamus
239 4363 414 4404 ιιιηιιιιιιιιω.
448 4361 506 4403 ron.
525 4361 559 4403 ιιι.
1011 4351 1045 4405 21
