2952 4832
289 466 341 518 262
520 463 593 516 XXI.
613 463 652 516 De
671 463 696 516 S.
717 461 849 528 Gregorio
868 459 922 512 vu
941 459 1016 512 Rom.
1036 457 1168 510 Pontitice

290 609 515 692 episcopatum
532 628 628 670 suum
643 607 856 670 Parmensem
881 610 1109 680 conservarem
1135 602 1202 664 imo
1218 619 1303 662 anno
1321 601 1389 662 torn

290 703 471 769 Guibertus
513 706 612 768 etiam
651 725 787 766 munere
823 699 1010 764 cancellarii
1052 700 1204 784 privatus
1234 705 1282 762 est
1313 697 1390 780 eiquo

290 803 447 866 suffectus
478 800 657 885 Gregorius
687 798 907 862 Vercellensis
939 799 1123 882 episcopus.
1178 797 1297 860 Postea
1329 819 1391 860 seru

290 900 472 966 Guibertus
496 899 621 963 dimisit
644 907 753 983 partes
778 896 925 977 Caduloi,
950 904 982 958 ct
1006 917 1108 980 quum
1133 893 1188 956 hic
1212 917 1299 958 anno
1324 895 1392 958 lota
1458 885 1459 892 ἵ

290 997 467 1062 defunctus
492 1006 586 1078 esset,
611 998 837 1080 episcopatum
861 994 1075 1057 Parmensem
1101 992 1252 1056 obtinere
1276 991 1392 1056 studuit.

289 1095 339 1160 Eo
370 1095 503 1180 quidem
535 1117 601 1160 non
632 1095 795 1180 pervenit,
830 1089 1043 1176 seul'majors
1074 1101 1247 1154 assecutus
1271 1103 1317 1154 ost
1338 1111 1393 1174 pro-

289 1195 432 1257 tectione
456 1193 679 1278 imperatricis
704 1190 865 1274 Agnetis3
890 1197 923 1252 et
939 1188 1028 1274 quod
1053 1190 1132 1252 satis
1156 1191 1289 1268 mirum,
1312 1211 1393 1250 suasu

291 1305 420 1377 quoque
436 1289 657 1354 Hildebrandi
682 1287 874 1352 Alexander
895 1287 929 1350 Π
953 1289 1062 1350 virum
1088 1288 1186 1350 istum
1212 1287 1255 1350 ad
1281 1287 1392 1372 plenam

289 1388 591 1454 reconciliationem
616 1386 750 1450 admisit
785 1397 817 1448 et
851 1383 1034 1448 honoribus
1062 1386 1166 1448 auxit.
1214 1385 1291 1449 Jarn
1315 1385 1395 1449 Boui-

290 1488 382 1550 zonis
413 1487 635 1550 narrationem
671 1485 864 1548 audiamus:
907 1484 1043 1560 interea,
1074 1481 1199 1564 scribit,
1233 1485 1396 1548 Parmensis

295 1585 464 1649 Guibertns
506 1585 704 1647 Parmensem
750 1581 939 1644 mirabiliter
986 1580 1142 1644 aurlielrat
1188 1584 1395 1669 episcopatum.

292 1685 380 1746 Nam
411 1684 521 1745 adieris
556 1704 656 1768 reycm
681 1685 765 1765 (post
789 1692 926 1743 mortem
952 1678 1101 1758 Oadaloi)
1132 1680 1243 1744 meritis
1269 1681 1397 1767 precibus

290 1782 526 1866 cruciatibusque
559 1779 738 1864 antecebat,
776 1788 810 1841 ut
833 1777 893 1840 sibi
916 1777 1049 1839 daretur
1072 1779 1295 1864 episcopatum
1330 1779 1399 1864 qrrod

291 1903 383 1964 qurum
406 1881 576 1964 impetrare
599 1903 662 1941 nors
686 1877 847 1954 vcrluisset,
873 1873 1015 1938 omnibus
1039 1886 1101 1939 tam
1120 1878 1315 1962 propinq-uis
1335 1879 1398 1954 suis,

292 1987 357 2040 turn
380 1978 552 2054 sutrensis,
585 1986 650 2038 tam
672 1973 847 2064 majoribus
870 1995 964 2057 quam
986 1975 1170 2052 minoribus,
1204 1987 1269 2038 tam
1293 1973 1398 2040 deti«
1465 2009 1466 2012 ¹

291 2097 381 2159 quam
416 2074 508 2137 luicis
536 2075 662 2136 ansuino
696 2069 999 2149 contradicentibus,
1040 2073 1083 2134 acl
1113 2073 1345 2158 Imperatr-icem
1375 2099 1398 2138 se

290 2171 430 2236 contulit.
470 2173 566 2236 terre
589 2195 628 2234 ea
651 2171 697 2233 ibi
719 2171 834 2233 aderat
856 2170 905 2232 leis
928 2167 1047 2246 dietus,
1072 2193 1166 2254 eoque
1189 2173 1401 2238 interueniente
1465 2165 1466 2182 ¹

290 2272 508 2334 Ravennatem
542 2272 663 2355 aceepit
696 2271 920 2356 episcopatum.
977 2267 1161 2333 Parmensis
1191 2293 1266 2334 vero
1290 2272 1400 2336 asidam

290 2370 453 2432 litterario
489 2366 669 2432 Coloniensi
705 2367 817 2430 clerieo
853 2365 1002 2428 traditur.
1047 2405 1089 2416 -
1126 2367 1302 2454 Praefatus
1342 2392 1402 2434 uero

294 2465 464 2532 Guibertus
486 2467 612 2530 narniens
638 2465 903 2550 Louqotarciium,
937 2465 1123 2529 Ravennam
1153 2469 1289 2532 intrauit
1312 2469 1402 2532 aaut·

290 2567 397 2628 tudiue
420 2566 520 2650 quavi,
549 2574 579 2627 et
601 2566 637 2628 in
658 2586 782 2650 ma9no,
813 2573 847 2626 at
870 2562 921 2624 sui
943 2564 1041 2627 moris
1064 2575 1117 2642 est,
1144 2578 1324 2651 potentatu.
1370 2568 1404 2630 Er

291 2686 353 2726 reon
378 2674 454 2750 post
486 2662 600 2726 multos
635 2661 702 2724 dies
731 2664 766 2724 in
797 2661 1056 2746 quadrayesimae
1089 2663 1200 2728 diebus
1235 2672 1281 2748 (a.
1315 2667 1403 2742 1073)Ι

290 2763 425 2826 Romam
448 2763 532 2825 uenit
555 2783 653 2824 causa
676 2761 920 2824 consecrationis
946 2812 952 2826 .
980 2810 988 2824 .
1014 2809 1022 2824 .
1047 2761 1220 2846 Prou‘atus
1243 2787 1318 2829 nero
1338 2765 1405 2829 Gni-

291 2859 398 2924 bertus
418 2861 545 2923 veniens
561 2861 704 2938 Romam,
728 2858 845 2922 haberes
870 2883 972 2925 secum
987 2861 1178 2945 Dionysium
1195 2861 1403 2927 Placentinum

291 2959 480 3044 episcopum,
514 2969 587 3021 aute
616 2956 730 3021 multos
761 2980 861 3021 uranos
895 2959 935 3022 ab
966 2959 1072 3023 eodem
1100 2961 1193 3046 Papo
1225 2961 1404 3048 depositum.

290 3057 384 3119 onina
409 3053 559 3119 simulata
582 3054 715 3118 indutus
738 3055 952 3142 simplicitate,
977 3059 1089 3122 meritos
1112 3059 1244 3144 decepit,
1270 3072 1300 3122 et
1321 3081 1405 3146 prue-

291 3155 380 3239 oipue
408 3154 477 3216 Deo
512 3151 679 3216 amabilem
710 3153 976 3220 Hildebraudmn.
1029 3159 1062 3220 Is
1096 3180 1163 3220 cum
1190 3179 1405 3244 saelseaumem

290 3251 416 3336 Papam
438 3261 588 3335 aequmst,
619 3253 668 3314 nti
692 3252 871 3316 cimanum
893 3255 1076 3340 imponeret,
1107 3265 1137 3318 ct
1162 3255 1218 3319 iile
1242 3254 1342 3320 stellet
1363 3277 1404 3318 ar·

290 3351 438 3434 quiscere,
463 3350 580 3437 spiritu
591 3350 777 3434 prophetiae
785 3351 902 3436 plenus
916 3352 1028 3437 fertur
1042 3355 1183 3418 dimisse:
1207 3355 1275 3440 qu
1290 3353 1404 3440 atriden

283 3453 356 3536 jam
386 3446 519 3525 delibor,
554 3458 584 3512 et
617 3459 736 3534 tempus
767 3449 970 3514 resolutionis
1001 3475 1086 3516 meae
1117 3453 1237 3529 instat,
1270 3463 1304 3516 tu
1344 3473 1406 3515 reru

291 3550 358 3634 ejus
373 3545 487 3608 senties
511 3545 721 3609 acerbitatem.
755 3544 848 3619 Quod
871 3559 901 3612 et
924 3561 1049 3614 euentus
1066 3559 1178 3636 postea
1191 3549 1405 3614 dederam&

132 3679 274 3722 asistamus
379 3661 433 3726 52.
482 3659 531 3724 Ea
555 3682 635 3725 sane
660 3682 694 3724 se
719 3661 815 3725 offert
837 3665 997 3748 quaestio,
1024 3665 1187 3750 quomodo
1212 3665 1329 3751 Agnes
1351 3665 1408 3729 lm·

160 3761 241 3800 ”wll
290 3761 438 3846 peratrix
471 3769 503 3821 ct
526 3757 777 3823 Hildebrandus
808 3759 855 3824 illi
880 3760 1007 3826 homini
1031 3773 1160 3828 tantum
1191 3765 1407 3848 praestiterint

291 3859 449 3922 favorem.
487 3856 655 3920 Videntur
677 3879 836 3942 sperasse,
861 3858 992 3945 decepti
1015 3860 1224 3927 simulatione
1248 3859 1407 3936 Guibsrti,

291 3957 360 4020 fore
386 3965 422 4018 ut
444 3956 514 4039 ipse
539 3954 636 4040 plane
661 3953 703 4018 ad
728 3954 897 4020 meliorem
915 3957 1043 4043 frugem
1059 3981 1248 4042 convorsus,
1271 3979 1406 4042 magnac

291 4053 426 4117 utilitati
457 4061 542 4117 esset
571 4053 751 4117 Ecclesiae.
798 4053 888 4119 Hinc
926 4057 1035 4121 virum
1072 4060 1204 4144 ingenio
1235 4057 1407 4144 pollentem

367 4245 387 4311 ¹)
407 4245 516 4307 Borrine,
536 4246 568 4300 de
588 4261 655 4312 pers.
675 4245 705 4298 L.
724 4245 773 4300 VI.
794 4263 835 4314 ap.
856 4248 1018 4305 Wstterich.
1039 4253 1061 4307 I.
1081 4253 1141 4307 268.
