2922 4832
311 457 362 508 186
533 455 592 509 XX.
612 456 653 510 De
671 461 747 510 statu
766 455 837 510 Eccl.
856 455 944 510 medio
962 471 1031 511 saec.
1051 455 1199 510 undecimo.

173 603 268 644 ⁸¹¹²⁰¹¹¹²
399 599 452 662 34.
501 597 574 689 Quo
599 619 677 660 vero
702 597 800 660 modo
826 619 859 660 se
874 596 1038 660 babuerit
1061 599 1204 662 simonia
1227 621 1309 684 quac
1332 601 1411 662 inor·

149 673 217 724 “⁰²¹⁶
233 671 290 713 ⁰¹⁶¹
309 695 444 761 dinibus
468 678 676 760 conferendis
700 694 933 776 exercebatur,
966 697 1000 758 in
1024 696 1080 758 iis
1088 697 1311 780 regionibus
1302 721 1335 760 ιιι
1356 699 1413 782 qui

308 795 372 859 bus
396 794 556 858 abierat'
548 816 583 857 m
608 815 723 877 usum,
760 803 792 858 et
815 795 959 877 speciem
985 790 1154 878 quandam
1185 793 1353 860 honestam
1373 817 1414 858 ac·

309 902 457 978 ceperat,
488 892 646 955 discimus
679 893 803 977 pariter
833 913 875 954 ex
899 913 924 956 s.
948 890 1045 955 Petro
1072 891 1254 972 Damiano,
1287 895 1341 979 qui
1362 893 1414 956 bac

310 991 350 1054 de
361 1013 395 1052 re
407 989 554 1075 loquitur
563 991 598 1053 in
609 989 703 1053 Actis
715 988 1063 1075 Mediolanensibus.¹)
1080 991 1171 1070 arae,
1185 990 1310 1064 scribit,
1324 993 1414 1078 panni

308 1112 378 1167 nus,
403 1089 464 1150 imo
488 1087 692 1151 inordinatus
716 1087 804 1165 ordo,
829 1097 858 1149 ιι
872 1086 1070 1152 inevasibilis
1092 1089 1204 1172 rapula
1225 1089 1316 1153 illius
1338 1090 1415 1154 eccle·

309 1188 392 1264 siae,
426 1196 461 1248 ut
491 1187 671 1270 quinamque
705 1185 749 1248 ad
781 1183 946 1270 quemlibet
976 1186 1134 1264 ordinem,
1175 1187 1224 1250 ael
1258 1190 1352 1251 etiam
1381 1189 1417 1252 od

309 1286 524 1369 episcopatum
547 1283 776 1346 consecrandus
800 1284 969 1363 accederet,
997 1285 1179 1370 praeficem
1196 1287 1294 1371 prius
1316 1287 1415 1372 abspes

309 1381 378 1446 ullo
402 1383 615 1446 controversia
638 1404 787 1446 canonem
810 1382 912 1448 daret.
960 1381 1160 1447 Aacuratius
1183 1393 1296 1448 autem
1320 1382 1418 1449 Guido

309 1479 580 1564 archiepiscopus
615 1481 649 1542 in
673 1479 857 1564 Sponsione
882 1502 948 1565 qua
971 1481 1133 1544 simoniae
1157 1484 1336 1564 renuntiat,
1366 1483 1418 1546 hac

310 1578 352 1642 de
375 1599 410 1641 re
433 1577 476 1642 ad
501 1576 625 1641 clerum
650 1587 682 1640 et
705 1576 819 1640 fideles
843 1579 906 1641 ait:
947 1579 1024 1642 Non
1045 1579 1174 1663 ignorat
1203 1591 1316 1645 ιιιιιιι
1341 1581 1418 1644 dero-

311 1678 353 1740 tio
377 1687 491 1753 cestro,
516 1674 713 1739 dilectissimi
727 1675 855 1760 fratrea
879 1686 909 1738 ιι
922 1675 1000 1759 filii,
1036 1699 1129 1760 qaam
1151 1677 1307 1763 reproba,
1337 1703 1419 1764 qiam

310 1774 515 1852 damnabilis,
532 1797 625 1888 quam
637 1772 842 1852 detestabilis,
866 1775 935 1838 Deo
954 1774 1131 1852 odibilis,
1117 1777 1326 1890 cprwminiosa
1339 1789 1420 1862 ιιιιιι

305 1896 467 1958 peruersa,
501 1874 696 1956 omniumque
728 1883 906 1936 sanctorum
938 1895 1093 1936 canonum
1126 1897 1184 1936 arec
1186 1877 1296 1938 toritat
1284 1877 1419 1938 tedan-

309 1981 389 2034 uota
412 1971 638 2034 consuetudo'
625 1994 660 2034 m
683 1971 740 2032 bac
764 1981 878 2034 sancta
906 1971 1086 2036 eeclesia..
1103 1974 1311 2058 andquitus
1332 1973 1420 2038 inole-

310 2071 399 2148 verit,
424 2091 574 2154 quamque
599 2066 724 2132 letbalis
748 2080 839 2153 atque
859 2069 1035 2155 pestiferae
1064 2067 1171 2155 leprae
1196 2074 1320 2135 animas
1342 2075 1419 2136 inno-

309 2177 430 2231 centum
453 2169 719 2230 contaminatione
739 2167 935 2253 perfuderit,
967 2169 1160 2232 simoniacae
1190 2167 1333 2233 uidelicet
1361 2171 1421 2234 bar--

309 2267 389 2329 resis
411 2265 566 2328 damnata
594 2287 773 2351 semperque
805 2265 992 2329 damnanda
1021 2266 1179 2330 venalitas
1202 2277 1232 2330 ιι
1248 2270 1421 2354 perniciora

309 2364 480 2449 nepotiatio
503 2363 691 2451 hujusmodi,
716 2386 796 2448 quac
820 2365 855 2426 in
877 2364 935 2426 bac
949 2375 1062 2427 sancta
1084 2365 1215 2428 ecclesia
1239 2367 1421 2430 conaminib-

310 2458 429 2524 ualiter
452 2460 627 2539 obtinebat,
660 2472 695 2525 ut
722 2463 862 2547 quisquis
897 2461 942 2524 ad
973 2461 1135 2526 clericales
1165 2463 1292 2528 ordines
1317 2489 1421 2550 prore·
1454 2523 1455 2526 ,

310 2559 428 2623 bandus
453 2560 619 2638 accederet,
644 2559 683 2622 de
704 2559 934 2624 subdiaconatu
957 2561 1082 2646 quidem
1096 2561 1261 2626 duodecim
1282 2586 1423 2637 nummos,

311 2658 349 2721 de
374 2657 547 2722 diaconatu
569 2679 641 2721 vero
666 2657 769 2721 decem
792 2668 822 2720 ct
854 2669 938 2737 octo,
967 2669 1126 2744 postremo
1154 2659 1193 2723 dc
1213 2661 1423 2747 presbyteratu

310 2756 509 2842 suscipiendo
532 2757 646 2840 oipinti
675 2765 811 2841 quatuor·
838 2779 897 2841 per
922 2757 1103 2842 praeficiam
1130 2759 1321 2822 conditionis
1343 2783 1422 2842 repu-

310 2852 375 2917 lam
398 2856 499 2919 daret.
547 2855 616 2918 Hoc
648 2855 746 2938 ipitur
767 2853 858 2918 modo
885 2852 994 2918 Simon
1018 2857 1149 2940 Mapus,
1183 2857 1242 2920 beu
1270 2859 1349 2944 prob
1375 2858 1421 2919 do·

311 2951 382 3016 lor!
404 2954 484 3016 banc
506 2963 649 3016 sarratam
673 2953 917 3016 Ambrosianum
933 2952 1095 3016 ecclesiam
1111 2957 1334 3041 perversitatis
1355 2979 1424 3020 ιιιιι

310 3049 394 3114 uelut
417 3051 578 3135 officinam
602 3050 756 3135 effecerat.

152 3193 204 3247 ιιι.
221 3197 300 3237 meus.
399 3165 452 3232 35,
498 3166 566 3229 Iste
598 3168 632 3229 in
665 3187 700 3230 re
731 3168 833 3230 menti
864 3166 1023 3230 obvenire
1053 3169 1173 3252 possit,
1207 3189 1307 3253 qnare
1338 3179 1424 3230 tants
1454 3239 1455 3248 χ

311 3285 387 3326 cum
411 3266 586 3326 severitate
610 3263 666 3326 bie
690 3285 729 3327 ea
753 3263 956 3328 consuetudo
981 3275 1018 3328 ut
1041 3267 1222 3329 simoniaca
1247 3267 1423 3330 damnetur.
1454 3291 1455 3294 ¹

310 3362 404 3424 utin
429 3359 694 3425 ordinationibus
719 3371 827 3424 certus
852 3362 989 3448 quidem
1013 3385 1120 3427 canon
1145 3385 1202 3426 sen
1227 3373 1305 3427 taxa
1326 3362 1423 3426 solva·

309 3470 372 3537 tur,
398 3480 500 3544 quum
524 3468 636 3524 tamen
661 3482 745 3545 quae
771 3459 966 3525 dicuntur'
944 3485 1025 3550 pura
1050 3461 1184 3525 stolae
1175 3485 1209 3526 ιιι
1233 3461 1305 3526 eliis
1327 3462 1455 3524 sacris

310 3556 429 3620 officiis
462 3557 735 3622 administrandis
770 3579 836 3622 non
868 3559 1068 3623 damnentur
1091 3559 1134 3622 ab
1157 3558 1317 3624 Ecclesia.
1361 3555 1455 3624 Ad

309 3654 540 3718 vertendum
533 3657 592 3739 rgit
594 3678 633 3719 ur
664 3667 722 3736 est,
746 3656 906 3742 peculiari
931 3659 1107 3721 severitate
1129 3657 1321 3737 Ecclesiam,
1344 3655 1421 3720 Pon·

308 3752 424 3834 cilices,
450 3751 601 3818 Concilio
624 3775 754 3840 semper
785 3755 989 3839 invigilasse,
1021 3778 1063 3820 ne
1095 3758 1129 3820 in
1153 3755 1322 3820 ordinibus
1351 3773 1419 3815 con·
1454 3783 1455 3802 ι

309 3999 379 4066 quod
398 4005 518 4054 tenerem
536 4001 569 4054 de
588 4000 666 4054 rebus
685 4002 827 4067 ecclesiae,
853 4003 885 4056 de
905 4004 1018 4057 cacteris
1044 4005 1157 4072 exigens
1173 4002 1363 4073 Justnndam,
1385 4009 1416 4048 nt

308 4079 402 4133 diebus
421 4080 493 4134 illius
513 4079 615 4147 filiique
628 4081 670 4135 sni
684 4083 862 4149 ampliusnon
880 4083 1053 4150 requirerem.
1072 4085 1132 4153 Ego
1151 4085 1416 4152 intelligentium

309 4159 530 4308 absurditgpulppc
541 4167 766 4294 pomeriatam,
786 4179 840 4217 non
858 4163 1005 4218 consensi.“
1025 4165 1075 4232 ep,
1095 4165 1129 4219 ad
1146 4165 1276 4221 Joaanern
1287 4159 1341 4217 ΧΠ.
1354 4175 1375 4211 ιι
1387 4159 1411 4206 4
