3002 4836
309 490 344 544 tt
662 492 701 546 De
720 491 823 548 haeroei
842 492 1076 550 Ioonoclastarnm.

308 633 350 698 de
372 637 526 700 exaruine
545 635 690 720 juridico
715 636 885 720 epistolae,
918 660 939 701 a
962 659 1026 723 quo
1051 637 1253 724 dependeret
1277 642 1349 725 ejus
1374 640 1431 706 ad·

307 733 438 812 missio;
462 742 629 797 caeterum
652 756 718 819 qua
740 735 868 798 ratione
890 738 1013 820 passim
1037 737 1071 800 in
1087 734 1246 801 Conciliis
1260 737 1327 804 RR.
1345 737 1432 802 Pon·

307 828 433 894 tificum
458 829 616 916 epistolae
639 841 834 896 retractatae
857 830 990 912 fuerim,
1010 833 1082 918 jam
1106 834 1349 919 explicavimus
1357 836 1394 922 ι).

396 927 451 994 ὃὸ.
474 928 631 993 Tarasius
655 951 751 1014 porro
762 930 858 993 affert
870 929 1036 1015 duplicem
1061 933 1233 1014 rationem,
1258 932 1300 998 ob
1323 955 1427 1020 quam

216 1047 219 1056 ’
309 1027 529 1092 necessarium
559 1047 629 1090 esse
661 1027 742 1091 dicit
764 1027 944 1092 adhaerere
971 1027 1089 1092 litteris
1113 1029 1278 1095 Hadriani
1302 1032 1428 1117 Papae.

309 1124 457 1188 Priorem
480 1127 563 1210 petit
577 1147 618 1188 ex
633 1127 829 1191 auctoritate
841 1125 1009 1190 Romanae
1024 1126 1193 1209 ecclesiae,
1209 1129 1304 1215 cujus
1327 1128 1433 1194 fidem

310 1222 556 1288 commendavit
580 1223 757 1309 Apostolus
777 1223 912 1306 Paulus,
937 1245 1003 1310 qua
1026 1225 1061 1288 iu
1085 1245 1120 1288 re
1144 1223 1330 1291 evolvenda
1356 1225 1433 1290 sub-

309 1319 408 1384 tiliori
433 1319 579 1406 quadam
602 1319 789 1406 eloquentia
812 1342 932 1406 graeca
952 1343 1032 1386 usus
1056 1331 1113 1385 est
1161 1321 1309 1387 Alteram
1332 1327 1433 1388 ratio·

309 1439 385 1482 nem
416 1419 520 1498 affert
553 1419 643 1505 quod
675 1421 745 1504 ipse
768 1417 956 1505 Scripturas
987 1429 1021 1483 et
1043 1418 1156 1483 Patres
1189 1429 1355 1485 scrutatus
1379 1424 1432 1487 sit.

310 1514 420 1596 Quam
436 1518 649 1602 posteriorem
662 1518 824 1581 rationem
838 1516 971 1603 profert,
990 1537 1057 1581 non
1074 1516 1163 1602 quod
1177 1516 1219 1581 de
1233 1521 1433 1582 auctoritate

309 1613 480 1678 Pontificis
504 1613 681 1694 dubitaret,
706 1614 764 1681 sed
787 1624 825 1679 ut
855 1615 1051 1694 ostenderet,
1075 1613 1310 1680 adhaesionem
1335 1638 1432 1680 suam

310 1733 380 1776 esse
390 1711 488 1777 simul
504 1733 675 1778 assensum
690 1713 926 1798 intelligentiae
936 1735 976 1777 ac
992 1711 1234 1794 rationabilem,
1251 1721 1354 1798 utque
1365 1735 1429 1778 om·

309 1831 385 1874 nem
409 1811 555 1874 auferret
576 1810 788 1875 Iconoclastis
812 1832 926 1875 ansam
951 1811 1186 1898 conquerendi,
1210 1832 1244 1874 se
1269 1810 1360 1875 nullo
1386 1812 1433 1875 in·

309 1910 421 1972 stimto
438 1910 592 1972 examine
617 1929 688 1972 esse
712 1907 926 1994 damnatam).
956 1945 999 1956 »-
1023 1909 1112 1974 Dum
1137 1929 1215 1974 vero
1230 1907 1347 1973 Illmus
1362 1908 1433 1971 Ma-

309 2017 359 2070 ret
381 2015 631 2090 argumentatur
654 2028 695 2070 ex
719 2009 911 2092 quaestione
933 2006 1115 2090 legatorum
1138 2005 1292 2070 Patribus
1315 2027 1433 2092 propo·

310 2104 383 2186 sita,
408 2115 518 2169 utrum
542 2105 715 2168 admittunt
738 2103 908 2190 epistolam
932 2104 1111 2185 Hadriani,
1135 2103 1219 2169 falsa
1242 2105 1361 2168 nititur
1385 2105 1433 2167 iu·

310 2204 544 2288 terpretatione
567 2201 655 2266 illius
678 2203 888 2266 admissionis
913 2201 965 2265 vel
990 2203 1235 2287 acceptationis.
1260 2200 1432 2265 Admissio

311 2309 398 2364 certe
422 2300 563 2386 alicujus
586 2301 775 2366 documenti
800 2300 943 2386 duplicis
966 2310 1166 2386 potestesse
1188 2301 1327 2384 generis.
1369 2299 1433 2362 Vel

310 2397 385 2462 talis
418 2408 485 2478 est,
519 2410 554 2462 ut
578 2401 652 2484 quis
682 2411 842 2485 tanquam
861 2397 969 2484 judex
1002 2400 1151 2485 superior
1174 2396 1365 2484 aequalisve
1390 2399 1431 2464 ei.

310 2497 367 2582 qui
399 2495 635 2561 documentum
665 2498 835 2583 proponit,
867 2496 989 2562 habeat
1015 2497 1073 2582 jus
1104 2497 1268 2560 examinis
1292 2493 1431 2579 juridici

312 2597 367 2676 ita,
396 2602 434 2658 ut
465 2596 567 2679 possit
601 2594 683 2660 illud
715 2595 951 2660 documentum
983 2595 1158 2658 admittere
1197 2591 1251 2656 vel
1283 2591 1430 2678 rejicere,

311 2693 420 2778 prouti
445 2693 611 2756 invenerit
633 2692 835 2758 admissione
859 2693 999 2777 dignum
1023 2713 1138 2756 necne.
1185 2688 1248 2754 Vel
1272 2689 1349 2754 talis
1373 2699 1430 2760 est,

312 2802 349 2855 ut
371 2792 445 2876 quis
468 2801 619 2855 teneatur
641 2801 814 2876 acceptare
828 2791 1064 2855 documentum
1087 2791 1291 2876 propositum
1315 2787 1358 2852 ab
1383 2809 1431 2857 eo,

311 2890 368 2975 qui
391 2890 619 2953 auctoritatem
644 2889 847 2973 superiorem
870 2887 980 2952 habet.
1016 2887 1093 2952 Jam
1118 2907 1196 2950 vero
1219 2885 1295 2949 talis
1318 2907 1431 2970 accep-

311 2987 391 3050 tatio
414 2985 644 3072 requirebatur
666 3009 685 3050 a
707 2986 878 3067 Patribus,
904 2986 1057 3071 quamvis
1080 2994 1213 3071 possent
1240 2985 1430 3048 examinare

311 3083 483 3171 epistolam
516 3083 698 3165 Hadriani,
731 3095 767 3148 ut
799 3105 969 3148 assensum
1003 3082 1239 3166 intelligentiae
1269 3082 1430 3166 episcopis

313 3185 567 3247 convenientem
589 3191 756 3267 praestare
779 3181 937 3246 valerent.
984 3181 1074 3244 Dum
1091 3181 1192 3265 igitur
1214 3179 1314 3264 legati
1336 3199 1430 3264 quae-

311 3290 399 3359 runt,
423 3291 535 3343 utrum
558 3280 673 3344 Patres
696 3277 837 3344 Concilii
862 3278 1039 3343 admittant
1063 3276 1234 3363 epistolam
1256 3275 1428 3339 Hadriani.

239 3409 242 3416 ¹
313 3378 355 3444 do
378 3380 605 3464 acceptatione
636 3379 745 3463 agitur
776 3377 954 3463 posteriore
988 3376 1050 3440 hoc
1074 3375 1171 3438 modo
1204 3372 1428 3457 intelligendu.

313 3478 431 3542 Merito
448 3487 559 3540 autem
583 3475 840 3540 declarationem
855 3483 972 3560 petunt
986 3473 1097 3559 legati,
1121 3483 1192 3537 tum
1216 3482 1252 3536 ut
1269 3469 1426 3534 certitudo

313 3574 443 3639 adesset
470 3573 511 3638 de
534 3571 730 3638 orthodoxia
754 3572 957 3658 praesulum,
988 3583 1059 3636 tum
1083 3580 1121 3634 ut
1143 3571 1290 3656 episcopi
1320 3590 1426 3632 omnes

312 3670 451 3736 solemni
484 3693 542 3736 suo
562 3671 708 3757 judicio,
740 3671 893 3756 quamvis
916 3668 1087 3733 Pontificio
1120 3667 1310 3753 magisterio
1335 3665 1426 3730 obno

313 3770 380 3850 xio,
405 3769 638 3834 confirmarent
661 3767 760 3832 fidem
784 3767 826 3831 ab
851 3767 1023 3830 Hadriano
1048 3767 1242 3852 expositam,
1267 3775 1300 3827 et
1323 3765 1369 3828 ita
1391 3761 1425 3824 de

315 3867 481 3932 communi
507 3888 668 3930 consensu
691 3877 864 3931 constaret.

391 4045 411 4110 ¹)
428 4042 484 4098 Otr.
503 4057 573 4110 quae
592 4042 708 4098 diximus
726 4042 755 4096 in
774 4041 1018 4098 Dissertationitus
1036 4041 1068 4096 de
1087 4039 1204 4096 Concilio
1217 4033 1424 4094 Ghdoedonensi.

314 4131 345 4179 et
363 4124 396 4180 de
414 4139 495 4178 eausa
514 4123 627 4178 Honorii
646 4121 795 4179 Pontificis.

315 4283 344 4338 Π
372 4211 410 4339 η’)
418 4203 471 4336 ἐξ.
492 4203 629 4268 Wouters,
649 4202 761 4258 Dissert
781 4201 840 4256 Vol.
859 4201 908 4256 111.
928 4201 1042 4258 Dissert.
1062 4199 1113 4254 111.
1133 4199 1173 4253 De
1188 4196 1422 4257 ConcilioNioteou
