2904 4834
320 499 468 556 concitum
487 499 684 554 oecnmenicum
703 505 835 554 comeum.
1085 499 1139 556 405

44 647 153 710 misceri
166 653 309 730 possent.
344 643 422 707 Post
438 643 550 706 solitae
567 641 788 723 salutationes,
806 641 1024 726 Bulgarorum
1040 644 1138 729 legati

44 743 245 828 quaestionem
268 741 361 805 hisce
384 740 496 804 serbis
512 749 771 826 proposuerunt:
799 739 899 825 Usque
915 740 1006 804 bodie
1015 743 1143 828 papaui

35 841 150 925 ‘luimus
172 851 201 903 et
221 863 324 926 nuper
345 839 389 902 ad
410 841 548 925 pratiarn
572 839 816 902 christianitatis
833 841 1035 918 accessimus·
1057 841 1141 904 ideo·

40 959 86 1022 pre
105 961 140 1001 ne
161 939 197 1002 in
219 937 326 1024 aliquo
351 959 458 1000 arare
481 937 655 1014 uideamur,
680 937 732 999 cui
755 935 901 999 ecclesiae
922 936 1016 1000 subdi
1031 937 1140 1000 debea-

40 1057 101 1112 mus,
124 1059 143 1099 a
165 1033 253 1099 cobis
275 1037 330 1120 qui
352 1036 434 1098 uices
448 1055 635 1098 marmorum
651 1035 914 1120 patriarcharum
926 1035 1035 1121 peritis
1051 1058 1141 1099 nosse

38 1133 245 1196 desideramus.
271 1131 455 1215 -Legati
480 1131 621 1195 Romani
644 1131 886 1216 responderunt
907 1133 1003 1217 ipsis,
1029 1154 1083 1196 eos
1107 1155 1141 1196 se

33 1231 90 1313 jam
104 1229 278 1295 tradidisse
298 1229 456 1294 ecelesiae
469 1228 638 1292 Romanae
659 1229 795 1316 ejusque
809 1228 1019 1314 presbyteros
1034 1252 1140 1293 susce-

37 1330 124 1412 pisse3
155 1339 256 1415 atque
280 1329 326 1391 ita
350 1326 588 1391 discussionem
613 1325 780 1390 declinare
809 1328 918 1390 conati
943 1337 1028 1392 sunt.
1075 1326 1140 1392 Sed

37 1425 171 1510 belgam,
207 1449 227 1490 a
264 1424 408 1490 CPtanis
440 1445 519 1487 sane
552 1424 703 1487 instructi
737 1427 964 1509 quaestionem
989 1426 1079 1513 faeti
1110 1435 1142 1488 et

31 1525 103 1611 juris
125 1524 365 1604 distinxerunt,
398 1532 430 1585 et
453 1521 626 1585 dixerunt:
652 1521 680 1584 A
705 1533 816 1586 sancta
841 1523 988 1585 Romana
1011 1520 1142 1586 ecclesia

36 1622 198 1684 sacerdotes
220 1643 279 1684 nos
296 1621 429 1707 petiisse
453 1629 482 1681 et
506 1620 692 1704 suscepisse,
717 1631 747 1682 et
770 1621 918 1682 haetenus
940 1619 1051 1684 babere
1074 1643 1141 1699 nos,

36 1719 209 1802 eonfitemur,
233 1729 263 1782 et
287 1720 317 1782 ei
341 1719 375 1780 in
389 1717 531 1780 omnibus
546 1716 671 1780 obedire
686 1718 897 1796 decoratum,-
920 1739 1024 1780 uerum
1038 1727 1143 1780 utrum

36 1815 184 1879 daemonas
215 1840 258 1879 an
286 1815 433 1879 CPtanae
457 1813 605 1878 ecelesiae
628 1813 854 1878 rationabilius
887 1813 942 1901 (al.
966 1814 1142 1878 rationabi-

35 1911 107 1992 liter)
122 1913 215 1976 subdi
227 1912 404 1992 debeamus,
421 1936 489 1976 cum
503 1913 552 1976 leis
563 1913 821 1998 patriarcbamun
832 1913 961 1976 vicariis
975 1911 1141 2000 daiuite.¹)

35 2009 250 2074 Adverterunt
270 2010 417 2096 profecto
441 2011 533 2074 missi
553 2009 705 2092 Romani,
730 2009 858 2074 artibus
879 2031 914 2073 se
938 2011 1142 2075 circumven-

34 2123 74 2168 tos
96 2105 319 2190 CPtanorum,
345 2129 447 2193 quum
472 2107 624 2172 dubitare
648 2129 714 2172 non
738 2117 885 2193 possent,
919 2108 1001 2192 quin
1024 2109 1140 2172 vicarii

34 2203 148 2268 sedium
181 2205 390 2270 orientalium
424 2204 619 2291 obsequium
650 2215 855 2291 praestarent
882 2205 1077 2290 Imperatori
1110 2216 1142 2270 et

34 2301 227 2384 patriarchae
253 2300 592 2389 Constantinopoleos.

109 2399 161 2466 96.
187 2397 253 2465 Sed
267 2399 480 2486 Apostolicae
496 2398 591 2465 Sedis
609 2399 687 2486 jura
703 2400 833 2484 egregie
848 2402 924 2464 tuiti
939 2411 1016 2466 sunt
1030 2401 1141 2487 legati.
1158 2405 1305 2510 &etym

33 2494 186 2582 imprimis
217 2508 412 2562 recusarunt
441 2519 619 2582 agnoscere
651 2519 862 2580 congressum
894 2498 986 2564 illum
1023 2510 1059 2563 ut
1087 2503 1141 2565 tri·
1192 2479 1216 2510 ⁸⁸
1236 2479 1268 2510 ω’

33 2592 138 2678 bonel,
174 2596 263 2682 quod
295 2596 457 2682 ejusmodi
481 2597 708 2682 quaestionem
735 2597 812 2682 jure
836 2596 992 2661 dirimere
1021 2609 1140 2684 posset,

33 2705 57 2752 et
76 2693 263 2758 solemniter
287 2705 400 2758 contra
424 2692 524 2758 talem
545 2695 713 2778 protestati
736 2704 813 2758 sunt
829 2705 994 2760 conatum.
1037 2697 1141 2762 Omni·

33 2787 77 2852 bra
110 2791 225 2878 liquet,
269 2791 426 2856 dixerunt
454 2792 554 2878 juxta
593 2789 763 2854 Anastasii
798 2790 1009 2876 relationem,
1044 2816 1142 2880 neque

34 2909 93 2966 uos,
125 2912 222 2974 neque
248 2887 308 2952 loci
340 2899 514 2954 seruatores
538 2889 739 2954 orientalium
773 2889 893 2954 sedium
920 2915 1017 2955 eausa
1040 2893 1141 2955 viudi-

33 2985 194 3050 soadarum
216 2987 426 3072 quarumlibet
453 2987 634 3050 dioeceseon
664 2987 811 3052 veniendi
837 2985 1143 3074 Constantinopolim

33 3081 179 3161 irritatos,
204 3085 259 3148 sed
274 3087 518 3149 controuersiam
530 3107 591 3172 pro
608 3109 670 3172 qua
686 3085 886 3172 disponenda
908 3097 937 3150 et
951 3085 1141 3172 definienda,

34 3177 71 3239 sd
92 3205 111 3244 a
127 3181 198 3268 piis
222 3181 469 3269 Imperatoribus
493 3184 627 3268 expetiti
634 3233 642 3264 ,
674 3182 723 3248 cel
753 3207 773 3246 a
798 3181 1002 3269 praesedibus
1024 3187 1142 3248 nostris

33 3273 173 3342 ‹lestinati
196 3302 317 3358 murus,
351 3281 419 3344 Deo
445 3293 570 3346 auctore
599 3304 675 3344 sane
706 3279 922 3360 dissolvimus,
956 3291 985 3344 et
1000 3284 1143 3368 propria

33 3373 136 3459 erepti
166 3376 394 3464 subscriptione
418 3380 628 3463 sipnaoimus:
659 3401 753 3464 super
776 3378 911 3442 dioecesi
941 3388 1044 3442 autem
1066 3377 1142 3466 illy-

34 3471 91 3549 rici,
112 3497 205 3558 qnam
230 3473 326 3540 Sedes
349 3476 536 3562 Apostoliea
551 3480 627 3564 jure
643 3477 769 3562 prisco,
794 3487 823 3540 et
846 3478 1143 3562 impraesentiarum

34 3567 84 3630 ribi
105 3595 124 3633 a
142 3573 378 3658 possessoribus
402 3578 470 3663 ejus
489 3574 624 3651 reddito,
648 3596 730 3638 nuuc
753 3575 858 3658 quieta
877 3575 1048 3638 retentione
1067 3597 1142 3660 pos·

35 3665 118 3746 sidet,
151 3679 180 3732 et
210 3670 399 3756 repuleriter
421 3673 539 3749 utitur,
573 3671 680 3734 eadem
699 3669 896 3757 principalis
920 3670 1016 3735 Sedes
1044 3695 1142 3758 neque

29 3759 150 3844 pulsata
172 3777 233 3846 est,
266 3791 363 3854 neque
392 3779 426 3834 ut
451 3790 516 3854 pro
540 3790 577 3832 ea
600 3769 736 3840 mitteret
769 3769 812 3832 ad
836 3768 1054 3832 altercandum
1076 3766 1141 3834 ullo

36 3859 113 3924 modo
136 3876 334 3950 prouocata,·
366 3866 421 3930 sed
452 3887 549 3950 neque
572 3887 630 3929 nos
656 3887 815 3952 personas
839 3867 1062 3930 aduocatorum
1093 3863 1143 3929 cel

36 3969 209 4024 turmarum
232 3967 299 4052 ejus
321 3963 516 4041 assumimus,
540 3984 638 4047 neque
658 3962 736 4048 quid
751 3963 812 4026 illo
827 3965 857 4026 si
875 3963 999 4027 adesset
1013 3986 1140 4050 respon-

35 4051 111 4118 deret
140 4057 282 4148 objectis,
318 4061 516 4146 apnooimus,
552 4061 667 4146 quippe
700 4063 754 4147 qui
775 4060 856 4126 nibil
886 4063 958 4126 binc
981 4061 1021 4125 ab
1046 4087 1083 4126 ea
1107 4065 1141 4126 in

39 4187 234 4204 Ἢ

103 4259 120 4326 ¹)
144 4262 202 4316 Vita
221 4263 375 4328 Hadriani,
396 4278 418 4317 e.
436 4261 534 4317 XLIX.
