2898 4836
296 471 331 522 64
474 469 577 525 XVIII.
615 471 657 560 lle
674 470 804 524 Romanis
822 468 998 523 Pontificibus
1017 467 1118 522 sacculi
1136 467 1240 522 decimi.

297 623 330 674 et
363 611 487 676 clerum
522 611 747 698 populumque
780 611 966 676 Romanum
1003 611 1082 676 huic
1114 608 1256 675 influxui
1289 611 1397 696 aliquid

297 712 506 774 concessisse.
542 711 699 781 Attamen
724 731 789 774 non
814 719 962 794 apparet,
987 714 1195 780 evectionem
1211 709 1398 778 Joannislll

297 807 509 872 tumultuarie
541 807 594 871 vel
620 807 780 872 violenter
803 807 926 871 iactam
952 829 1038 884 esse,
1073 833 1135 876 nec
1158 835 1218 898 per
1240 834 1274 876 sc
1297 813 1400 876 mimn

297 915 382 982 crat,
415 905 504 992 quod
527 908 775 991 potentissimae
799 905 980 970 Senatricis
1003 907 1091 972 filius
1110 911 1182 996 jam
1206 913 1241 975 in
1265 909 1347 973 clero
1367 909 1400 970 ad

297 1003 475 1088 dignitates
509 1004 651 1088 majoros
685 1003 882 1088 provectus,
918 1001 973 1067 illo
997 1014 1144 1092 tempore
1168 1008 1319 1090 turbato,
1349 1029 1401 1092 quo

297 1100 474 1187 disciplina
497 1101 720 1166 ecclesiastica
745 1101 931 1182 vacillabat,
957 1103 992 1167 in
1014 1103 1209 1172 Pontificem
1234 1107 1400 1192 eligeretur.

296 1200 433 1263 Iuvenis
463 1221 542 1264 sane
573 1211 643 1264 erat
665 1200 813 1265 ‚Ioannes
836 1199 904 1281 XI,
938 1222 1037 1286 quem
1069 1205 1247 1270 annosos
1278 1205 1329 1270 rel
1351 1202 1403 1268 906

297 1307 411 1361 natum
435 1297 536 1362 fuisse
561 1317 743 1363 censemus.
787 1297 980 1378 Ratherius,
1012 1302 1069 1386 qui
1099 1323 1186 1366 anno
1209 1303 1271 1366 931
1297 1303 1403 1366 Romu

297 1397 374 1476 fnit,
409 1405 442 1459 et
472 1396 721 1461 commendatus
751 1406 801 1459 est
829 1419 849 1459 a
872 1396 1004 1461 Joanne
1036 1408 1072 1461 ut
1096 1399 1298 1464 Veronensis
1329 1399 1404 1462 lieret

297 1495 480 1579 episcopus,
496 1493 690 1558 Pontificem
706 1493 864 1578 plorioaae
881 1493 1001 1558 indolis
1016 1517 1092 1559 enm
1109 1500 1270 1563 nominat.
1300 1497 1404 1577 Quam·

299 1593 348 1654 vis
371 1603 481 1655 autem
497 1590 660 1674 ejusmodi
674 1591 765 1656 laudi
780 1613 846 1656 non
862 1593 1003 1656 nimium
1020 1595 1240 1659 insistendum
1256 1595 1405 1660 videatur.

298 1711 336 1751 eo
367 1687 454 1774 quod
486 1687 642 1753 Ratherio
673 1690 820 1755 favorem
852 1689 1027 1754 contulerit
1055 1691 1203 1758 Ioannes
1227 1692 1297 1774 XI,
1329 1715 1403 1776 argo·

298 1796 408 1850 mento
432 1797 543 1849 tamen
567 1785 630 1850 hoc
654 1797 716 1871 est,
746 1787 886 1853 Joannis
910 1789 1140 1872 pontificatum
1166 1791 1256 1856 haud
1282 1792 1404 1856 dnbinn

298 1885 408 1962 fuisse,
433 1905 495 1948 nec
519 1883 746 1948 scandalosam
772 1884 1010 1972 electionem.¹)

128 2009 289 2080 umanum
387 1990 440 2054 62.
473 1989 703 2076 Subsequente
733 2013 820 2054 anno
845 1991 910 2054 932
940 2002 1074 2076 pactum
1099 2005 1148 2056 est
1173 1997 1404 2058 matrimonium

166 2071 257 2122 Hm*
298 2091 383 2153 inter
399 2090 576 2172 Hugonem
590 2088 706 2152 Italiae
721 2111 832 2173 regern
847 2100 945 2174 atque
961 2089 1151 2172 Marotiam3
1176 2101 1290 2162 utrum
1307 2092 1406 2157 mulier

298 2187 389 2269 haec,
414 2209 456 2250 an
472 2187 570 2270 Hugo
595 2185 799 2251 connubium
825 2187 913 2251 istud
937 2189 1029 2272 prius
1044 2189 1228 2274 expetierit,
1254 2213 1323 2256 non
1343 2191 1406 2253 sati>

297 2285 410 2371 liquet.
442 2286 524 2349 Erat
547 2295 634 2348 certe
660 2286 906 2349 matrimonium
924 2283 1104 2371 politicum,
1129 2309 1207 2351 nam
1232 2310 1272 2351 ea
1296 2289 1405 2352 ration·

297 2383 396 2466 Hugo
420 2384 554 2469 quidem
580 2385 819 2468 possessionem
836 2383 927 2447 urbis
943 2383 1068 2448 Romae
1082 2406 1122 2448 ae
1138 2384 1222 2448 forte
1238 2385 1405 2471 Imperium

297 2504 331 2545 sc
354 2481 552 2567 adepturum
571 2480 735 2566 sperabat,
760 2481 901 2545 Marotia
916 2503 994 2544 vero
1009 2480 1191 2546 ambitione
1208 2483 1331 2547 ardens
1345 2504 1405 2546 con·
1440 2517 1441 2554 r

297 2577 431 2659 fidebat,
457 2579 716 2643 dominationem
741 2601 834 2643 suam
859 2581 893 2642 in
919 2578 1009 2644 Urbe
1033 2579 1201 2644 firmatum
1226 2582 1277 2665 iri,
1307 2579 1404 2646 eard

299 2679 413 2762 magis,
438 2677 526 2763 quod
550 2676 637 2742 filius
662 2678 769 2764 ipius·
779 2676 936 2741 Pontifex
960 2687 1038 2758 crat,
1063 2699 1164 2763 seque
1187 2678 1404 2743 futirrameea

297 2775 413 2840 Italiae
446 2777 605 2860 reginam.
653 2774 754 2840 Venit
786 2776 888 2859 igitur
916 2775 1015 2859 Hugo
1046 2775 1203 2856 Romam,
1238 2787 1273 2839 et
1301 2775 1405 2840 milites
1440 2835 1441 2844 ,

298 2871 433 2959 quidem
457 2894 533 2936 suos
556 2871 646 2936 haud
670 2875 704 2936 in
720 2872 846 2937 Urbem
869 2873 1051 2958 perducere
1075 2875 1106 2936 ei
1131 2894 1326 2938 eoncessum
1346 2874 1404 2942 fuit

298 2970 354 3035 sed
380 2973 450 3056 ipse
473 2973 508 3035 in
531 2993 641 3034 arcem
666 2994 692 3034 s.
706 2971 826 3054 Angeli
843 2993 943 3056 quam
958 2971 1099 3034 Marotia
1118 2970 1254 3034 tenebat
1271 2983 1404 3056 receptus
1440 3015 1441 3022 κ

298 3077 356 3132 est.
403 3069 484 3132 Erat
508 3078 619 3132 autem
644 3068 743 3152 Hugo
767 3089 826 3132 rex
850 3068 951 3132 frater
974 3070 1123 3132 uterinus
1147 3065 1315 3133 Gnidonis
1337 3090 1403 3132 mar·

299 3163 442 3246 chionis,
476 3167 594 3251 prioris
626 3168 733 3230 mariti
759 3167 930 3230 Marotiae.
977 3166 1062 3230 Nam
1086 3165 1211 3229 Bertha
1242 3178 1401 3230 materen

299 3285 357 3328 suo
382 3265 535 3350 conjugio
552 3285 627 3328 cum
643 3263 835 3328 Theobaldo
851 3263 1037 3328 Arelatensi
1051 3275 1211 3347 genuerat
1229 3265 1401 3348 Hngoncm:

298 3385 339 3426 ex
364 3361 584 3448 subsequente
609 3362 762 3446 conjugio
780 3384 856 3426 cum
871 3361 1053 3427 Adalberto
1071 3361 1264 3427 marchione
1280 3364 1402 3427 Tusciae

298 3470 471 3546 pepererat
501 3459 700 3526 Guidonem.
748 3460 837 3524 Hinc
870 3461 968 3545 Hugo
1002 3470 1072 3524 erat
1103 3460 1214 3525 affinis
1249 3461 1399 3525 Marotiac.
1440 3504 1441 3514 r

298 3570 396 3643 atque
430 3558 591 3643 ejusmodi
623 3560 870 3622 matrimonium
901 3557 1053 3622 illicitum
1076 3580 1115 3621 ac
1140 3580 1199 3642 per
1222 3581 1258 3622 se
1284 3557 1399 3623 nullun·
1430 3586 1436 3597 ·

298 3657 351 3720 Ex
376 3655 581 3741 Luitprando
606 3667 716 3720 tamen
742 3655 916 3740 colligitur,
942 3656 1190 3720 matrimonium
1214 3665 1398 3722 contractum
1429 3640 1435 3693 l

300 3793 372 3800 ...-

373 3863 391 3929 ¹)
411 3861 537 3928 „Allatm
554 3865 626 3924 sunt,
650 3859 745 3914 scribit
762 3859 917 3924 Ratheriua
941 3867 970 3913 et
988 3860 1098 3914 litterae
1118 3861 1226 3916 Domini
1246 3861 1332 3928 Papae
1348 3867 1396 3910 tua·

298 3942 425 4012 temporis
437 3942 571 3996 Iohannis
588 3940 723 4009 gloriosae
742 3941 846 4006 indolis,
866 3940 963 4008 quibus
976 3939 1185 3995 continebantur
1197 3940 1313 4010 ejusden
1324 3951 1395 4004 prens

298 4024 435 4090 totiusque
459 4023 596 4076 Romanae
621 4021 760 4084 ecclesiae,
789 4021 831 4074 uti
857 4035 909 4088 ogo
928 4021 1126 4075 Veronensibus
1150 4021 1231 4075 darer
1254 4020 1393 4087 Epiacum·

298 4103 394 4171 (Epist.
415 4103 448 4157 ad
461 4103 593 4156 Ioannem
606 4099 661 4154 XII
679 4101 708 4154 in
721 4101 812 4168 Spicil.
830 4099 854 4154 d’
865 4100 991 4166 richerii).
1017 4101 1086 4154 Erat
1100 4100 1248 4155 Ratherim
1261 4097 1393 4166 disciplinae
1440 4135 1441 4160 ,

298 4183 494 4237 ecclesiasticae
513 4189 706 4250 propugnator.
745 4181 873 4250 Carpitur
890 4188 989 4246 tamen,
1013 4179 1085 4234 forte
1102 4179 1213 4248 injuste,
1237 4173 1391 4234 aurnuns

299 4263 408 4326 (annal.
428 4279 452 4318 a.
471 4263 535 4330 931)
555 4277 586 4314 ac
605 4261 628 4315 si
647 4260 772 4315 ambierit
791 4263 975 4330 episcopatum
993 4260 1182 4316 Veronensem.
