<?xml version="1.0" encoding="UTF-8"?>
<!DOCTYPE html PUBLIC "-//W3C//DTD XHTML 1.0 Transitional//EN"
    "http://www.w3.org/TR/xhtml1/DTD/xhtml1-transitional.dtd">
<html xmlns="http://www.w3.org/1999/xhtml" xml:lang="en" lang="en">
 <head>
  <title>
</title>
<meta http-equiv="Content-Type" content="text/html;charset=utf-8" />
  <meta name='ocr-system' content='tesseract 3.04.00' />
  <meta name='ocr-capabilities' content='ocr_page ocr_carea ocr_par ocr_line ocrx_word'/>
</head>
<body>
  <div class='ocr_page' id='page_1' title='image "./dissertationess01junggoog_0856.png"; bbox 0 0 3054 4834; ppageno 0'>
   <div class='ocr_carea' id='block_1_1' title="bbox 496 454 1238 508">
    <p class='ocr_par' dir='ltr' id='par_1_1' title="bbox 496 454 1238 508">
     <span class='ocr_line' id='line_1_1' title="bbox 496 454 1238 508; baseline -0.003 -2"><span class='ocrx_word' id='word_1_1' title='bbox 496 455 534 506; x_wconf 79' lang='lat' dir='ltr'>Ite</span> <span class='ocrx_word' id='word_1_2' title='bbox 553 456 629 508; x_wconf 81' lang='lat' dir='ltr'>exitu</span> <span class='ocrx_word' id='word_1_3' title='bbox 648 454 856 508; x_wconf 74' lang='lat' dir='ltr'>controversiae.</span> <span class='ocrx_word' id='word_1_4' title='bbox 1186 454 1238 506; x_wconf 77' lang='lat'>385</span> 
     </span>
    </p>
   </div>
   <div class='ocr_carea' id='block_1_2' title="bbox 110 595 1391 1953">
    <p class='ocr_par' dir='ltr' id='par_1_2' title="bbox 111 595 1237 780">
     <span class='ocr_line' id='line_1_2' title="bbox 112 595 1237 683; baseline -0.002 -23"><span class='ocrx_word' id='word_1_5' title='bbox 112 601 324 683; x_wconf 76' lang='lat' dir='ltr'>perspiceret,</span> <span class='ocrx_word' id='word_1_6' title='bbox 362 597 558 661; x_wconf 76' lang='lat' dir='ltr'><strong>electionem</strong></span> <span class='ocrx_word' id='word_1_7' title='bbox 592 600 704 682; x_wconf 85' lang='lat' dir='ltr'>ipsius,</span> <span class='ocrx_word' id='word_1_8' title='bbox 742 598 924 662; x_wconf 86' lang='lat' dir='ltr'>adversarii</span> <span class='ocrx_word' id='word_1_9' title='bbox 956 596 1145 660; x_wconf 91' lang='lat' dir='ltr'>fervidioris</span> <span class='ocrx_word' id='word_1_10' title='bbox 1176 595 1237 660; x_wconf 87' lang='lat' dir='ltr'>Im-</span> 
     </span>
     <span class='ocr_line' id='line_1_3' title="bbox 111 693 1237 780; baseline -0.001 -23"><span class='ocrx_word' id='word_1_11' title='bbox 111 697 281 780; x_wconf 80' lang='lat' dir='ltr'>peratoris,</span> <span class='ocrx_word' id='word_1_12' title='bbox 320 695 517 758; x_wconf 80' lang='lat' dir='ltr'>concordiae</span> <span class='ocrx_word' id='word_1_13' title='bbox 557 695 779 760; x_wconf 83' lang='lat' dir='ltr'>restituendae</span> <span class='ocrx_word' id='word_1_14' title='bbox 816 693 1022 758; x_wconf 79' lang='lat' dir='ltr'>obstaculum</span> <span class='ocrx_word' id='word_1_15' title='bbox 1054 695 1237 757; x_wconf 88' lang='lat' dir='ltr'>maximum</span> 
     </span>
    </p>

    <p class='ocr_par' dir='ltr' id='par_1_3' title="bbox 112 791 1237 872">
     <span class='ocr_line' id='line_1_4' title="bbox 112 791 1237 872; baseline -0.001 -16"><span class='ocrx_word' id='word_1_16' title='bbox 112 793 192 856; x_wconf 90' lang='lat' dir='ltr'>fore.</span> <span class='ocrx_word' id='word_1_17' title='bbox 240 793 329 856; x_wconf 89' lang='lat' dir='ltr'>Hinc</span> <span class='ocrx_word' id='word_1_18' title='bbox 354 791 477 856; x_wconf 87' lang='lat' dir='ltr'>electus</span> <span class='ocrx_word' id='word_1_19' title='bbox 500 804 558 868; x_wconf 88' lang='lat' dir='ltr'>est,</span> <span class='ocrx_word' id='word_1_20' title='bbox 583 793 742 858; x_wconf 83' lang='lat' dir='ltr'>suadente</span> <span class='ocrx_word' id='word_1_21' title='bbox 768 792 915 872; x_wconf 85' lang='lat' dir='ltr'>Conone,</span> <span class='ocrx_word' id='word_1_22' title='bbox 941 791 1054 856; x_wconf 87' lang='lat' dir='ltr'>Guido</span> <span class='ocrx_word' id='word_1_23' title='bbox 1073 793 1237 855; x_wconf 90' lang='lat' dir='ltr'>Viennen-</span> 
     </span>
    </p>

    <p class='ocr_par' dir='ltr' id='par_1_4' title="bbox 110 889 1237 1074">
     <span class='ocr_line' id='line_1_5' title="bbox 112 889 1236 974; baseline 0 -22"><span class='ocrx_word' id='word_1_24' title='bbox 112 893 158 952; x_wconf 87' lang='lat' dir='ltr'>sis</span> <span class='ocrx_word' id='word_1_25' title='bbox 185 889 471 974; x_wconf 85' lang='lat' dir='ltr'>archiepiscopus,</span> <span class='ocrx_word' id='word_1_26' title='bbox 506 891 639 954; x_wconf 89' lang='lat' dir='ltr'>natione</span> <span class='ocrx_word' id='word_1_27' title='bbox 663 891 880 972; x_wconf 74' lang='lat' dir='ltr'>Burgundns‚</span> <span class='ocrx_word' id='word_1_28' title='bbox 915 891 1015 954; x_wconf 89' lang='lat' dir='ltr'>frater</span> <span class='ocrx_word' id='word_1_29' title='bbox 1039 890 1133 953; x_wconf 91' lang='lat' dir='ltr'>ducis</span> <span class='ocrx_word' id='word_1_30' title='bbox 1157 889 1236 952; x_wconf 87' lang='lat' dir='ltr'>Bur-</span> 
     </span>
     <span class='ocr_line' id='line_1_6' title="bbox 110 986 1237 1074; baseline -0.002 -23"><span class='ocrx_word' id='word_1_31' title='bbox 110 989 267 1068; x_wconf 65' lang='lat' dir='ltr'>gundiae</span> <span class='ocrx_word' id='word_1_32' title='bbox 293 989 345 1050; x_wconf 89' lang='lat' dir='ltr'>vir</span> <span class='ocrx_word' id='word_1_33' title='bbox 370 990 483 1074; x_wconf 88' lang='lat' dir='ltr'>ntique</span> <span class='ocrx_word' id='word_1_34' title='bbox 498 988 679 1071; x_wconf 78' lang='lat' dir='ltr'>religiosus,</span> <span class='ocrx_word' id='word_1_35' title='bbox 705 990 739 1050; x_wconf 92' lang='lat' dir='ltr'>in</span> <span class='ocrx_word' id='word_1_36' title='bbox 757 988 880 1051; x_wconf 89' lang='lat' dir='ltr'>divinis</span> <span class='ocrx_word' id='word_1_37' title='bbox 894 986 1073 1072; x_wconf 83' lang='lat' dir='ltr'>Scripturis</span> <span class='ocrx_word' id='word_1_38' title='bbox 1088 987 1237 1052; x_wconf 86' lang='lat' dir='ltr'>eruditus</span> 
     </span>
    </p>

    <p class='ocr_par' dir='ltr' id='par_1_5' title="bbox 110 1084 1391 1756">
     <span class='ocr_line' id='line_1_7' title="bbox 111 1084 1237 1170; baseline -0.001 -21"><span class='ocrx_word' id='word_1_39' title='bbox 111 1097 145 1149; x_wconf 90' lang='lat' dir='ltr'>et</span> <span class='ocrx_word' id='word_1_40' title='bbox 169 1085 387 1150; x_wconf 85' lang='lat' dir='ltr'>saecularium</span> <span class='ocrx_word' id='word_1_41' title='bbox 412 1084 595 1150; x_wconf 88' lang='lat' dir='ltr'>litterarum</span> <span class='ocrx_word' id='word_1_42' title='bbox 620 1108 686 1150; x_wconf 89' lang='lat' dir='ltr'>non</span> <span class='ocrx_word' id='word_1_43' title='bbox 710 1087 854 1170; x_wconf 82' lang='lat' dir='ltr'>ignarus,</span> <span class='ocrx_word' id='word_1_44' title='bbox 881 1085 1043 1170; x_wconf 89' lang='lat' dir='ltr'>simulque</span> <span class='ocrx_word' id='word_1_45' title='bbox 1062 1085 1237 1170; x_wconf 88' lang='lat' dir='ltr'>prudentia</span> 
     </span>
     <span class='ocr_line' id='line_1_8' title="bbox 110 1182 1238 1268; baseline -0.002 -22"><span class='ocrx_word' id='word_1_46' title='bbox 110 1185 231 1264; x_wconf 86' lang='lat' dir='ltr'>animi,</span> <span class='ocrx_word' id='word_1_47' title='bbox 271 1185 418 1268; x_wconf 90' lang='lat' dir='ltr'>potentia</span> <span class='ocrx_word' id='word_1_48' title='bbox 450 1193 481 1246; x_wconf 86' lang='lat' dir='ltr'>et</span> <span class='ocrx_word' id='word_1_49' title='bbox 514 1183 685 1247; x_wconf 86' lang='lat' dir='ltr'>nobilitate</span> <span class='ocrx_word' id='word_1_50' title='bbox 722 1183 882 1246; x_wconf 87' lang='lat' dir='ltr'>saeculari</span> <span class='ocrx_word' id='word_1_51' title='bbox 921 1182 1065 1267; x_wconf 88' lang='lat' dir='ltr'>pollens,</span> <span class='ocrx_word' id='word_1_52' title='bbox 1085 1182 1238 1265; x_wconf 62' lang='lat' dir='ltr'>regibus</span> 
     </span>
     <span class='ocr_line' id='line_1_9' title="bbox 110 1279 1391 1367; baseline 0.003 -22"><span class='ocrx_word' id='word_1_53' title='bbox 110 1280 244 1346; x_wconf 85' lang='lat' dir='ltr'>Galliae</span> <span class='ocrx_word' id='word_1_54' title='bbox 268 1293 300 1344; x_wconf 90' lang='lat' dir='ltr'>et</span> <span class='ocrx_word' id='word_1_55' title='bbox 325 1281 388 1364; x_wconf 88' lang='lat' dir='ltr'>ipsi</span> <span class='ocrx_word' id='word_1_56' title='bbox 412 1281 606 1367; x_wconf 82' lang='lat' dir='ltr'>Imperatori</span> <span class='ocrx_word' id='word_1_57' title='bbox 632 1283 918 1361; x_wconf 77' lang='lat' dir='ltr'>consanguinitate</span> <span class='ocrx_word' id='word_1_58' title='bbox 938 1281 1085 1365; x_wconf 86' lang='lat' dir='ltr'>junctus.</span> <span class='ocrx_word' id='word_1_59' title='bbox 1129 1279 1236 1344; x_wconf 68' lang='lat' dir='ltr'>Culic—</span> <span class='ocrx_word' id='word_1_60' title='bbox 1262 1307 1391 1348; x_wconf 66' lang='lat' dir='ltr'>carrusa</span> 
     </span>
     <span class='ocr_line' id='line_1_10' title="bbox 111 1377 1361 1462; baseline 0.001 -21"><span class='ocrx_word' id='word_1_61' title='bbox 111 1380 223 1442; x_wconf 74' lang='lat' dir='ltr'>tirell</span> <span class='ocrx_word' id='word_1_62' title='bbox 243 1382 313 1462; x_wconf 89' lang='lat' dir='ltr'>ipse</span> <span class='ocrx_word' id='word_1_63' title='bbox 338 1377 522 1462; x_wconf 87' lang='lat' dir='ltr'>appellatus</span> <span class='ocrx_word' id='word_1_64' title='bbox 546 1389 604 1457; x_wconf 87' lang='lat' dir='ltr'>est,</span> <span class='ocrx_word' id='word_1_65' title='bbox 635 1379 788 1442; x_wconf 84' lang='lat' dir='ltr'>Viennae</span> <span class='ocrx_word' id='word_1_66' title='bbox 814 1378 867 1442; x_wconf 90' lang='lat' dir='ltr'>die</span> <span class='ocrx_word' id='word_1_67' title='bbox 891 1379 929 1440; x_wconf 71' lang='lat'>9⁰</span> <span class='ocrx_word' id='word_1_68' title='bbox 952 1379 1124 1442; x_wconf 83' lang='lat' dir='ltr'>Februarii</span> <span class='ocrx_word' id='word_1_69' title='bbox 1151 1399 1236 1442; x_wconf 88' lang='lat' dir='ltr'>eoro-</span> <span class='ocrx_word' id='word_1_70' title='bbox 1294 1378 1319 1418; x_wconf 71' lang='lat' dir='ltr'>R·</span> <span class='ocrx_word' id='word_1_71' title='bbox 1337 1378 1361 1418; x_wconf 71' lang='grc' dir='ltr'>Ρ·</span> 
     </span>
     <span class='ocr_line' id='line_1_11' title="bbox 111 1475 1237 1562; baseline -0.003 -22"><span class='ocrx_word' id='word_1_72' title='bbox 111 1488 219 1557; x_wconf 86' lang='lat' dir='ltr'>natus,</span> <span class='ocrx_word' id='word_1_73' title='bbox 246 1489 278 1538; x_wconf 84' lang='lat' dir='ltr'>et</span> <span class='ocrx_word' id='word_1_74' title='bbox 300 1475 395 1538; x_wconf 90' lang='lat' dir='ltr'>brevi</span> <span class='ocrx_word' id='word_1_75' title='bbox 420 1487 577 1559; x_wconf 87' lang='lat' dir='ltr'>tempore,</span> <span class='ocrx_word' id='word_1_76' title='bbox 601 1477 725 1562; x_wconf 90' lang='lat' dir='ltr'>rejecto</span> <span class='ocrx_word' id='word_1_77' title='bbox 750 1477 910 1556; x_wconf 87' lang='lat' dir='ltr'>Burdino‚</span> <span class='ocrx_word' id='word_1_78' title='bbox 936 1479 970 1540; x_wconf 89' lang='lat' dir='ltr'>in</span> <span class='ocrx_word' id='word_1_79' title='bbox 995 1489 1062 1540; x_wconf 87' lang='lat' dir='ltr'>tota</span> <span class='ocrx_word' id='word_1_80' title='bbox 1086 1475 1237 1540; x_wconf 78' lang='lat' dir='ltr'>Ecclesia</span> 
     </span>
     <span class='ocr_line' id='line_1_12' title="bbox 110 1559 1236 1658; baseline 0.001 -22"><span class='ocrx_word' id='word_1_81' title='bbox 110 1576 245 1658; x_wconf 87' lang='lat' dir='ltr'>agnitus</span> <span class='ocrx_word' id='word_1_82' title='bbox 277 1559 338 1637; x_wconf 89' lang='lat' dir='ltr'>fuit</span> <span class='ocrx_word' id='word_1_83' title='bbox 370 1585 406 1636; x_wconf 87' lang='lat' dir='ltr'>ut</span> <span class='ocrx_word' id='word_1_84' title='bbox 428 1574 593 1638; x_wconf 90' lang='lat' dir='ltr'>Pontifex.</span> <span class='ocrx_word' id='word_1_85' title='bbox 641 1575 779 1638; x_wconf 84' lang='lat' dir='ltr'>Tolosae</span> <span class='ocrx_word' id='word_1_86' title='bbox 820 1574 983 1656; x_wconf 86' lang='lat' dir='ltr'>synodum</span> <span class='ocrx_word' id='word_1_87' title='bbox 1019 1576 1145 1658; x_wconf 80' lang='lat' dir='ltr'>peregit</span> <span class='ocrx_word' id='word_1_88' title='bbox 1183 1573 1236 1637; x_wconf 92' lang='lat' dir='ltr'>die</span> 
     </span>
     <span class='ocr_line' id='line_1_13' title="bbox 111 1670 1236 1756; baseline -0.002 -20"><span class='ocrx_word' id='word_1_89' title='bbox 111 1672 258 1752; x_wconf 56' lang='lat' dir='ltr'>‹v’Julia</span> <span class='ocrx_word' id='word_1_90' title='bbox 285 1673 318 1734; x_wconf 92' lang='lat' dir='ltr'>in</span> <span class='ocrx_word' id='word_1_91' title='bbox 343 1695 409 1756; x_wconf 90' lang='lat' dir='ltr'>qua</span> <span class='ocrx_word' id='word_1_92' title='bbox 434 1670 645 1756; x_wconf 83' lang='lat' dir='ltr'>disciplinam</span> <span class='ocrx_word' id='word_1_93' title='bbox 671 1673 927 1736; x_wconf 85' lang='lat' dir='ltr'>ecclesiasticam</span> <span class='ocrx_word' id='word_1_94' title='bbox 952 1672 1107 1742; x_wconf 85' lang='lat' dir='ltr'>firmavit,</span> <span class='ocrx_word' id='word_1_95' title='bbox 1134 1671 1236 1736; x_wconf 89' lang='lat' dir='ltr'>aliud·</span> 
     </span>
    </p>

    <p class='ocr_par' dir='ltr' id='par_1_6' title="bbox 110 1768 1236 1953">
     <span class='ocr_line' id='line_1_14' title="bbox 110 1768 1236 1855; baseline -0.002 -22"><span class='ocrx_word' id='word_1_96' title='bbox 110 1792 177 1855; x_wconf 86' lang='lat' dir='ltr'>que</span> <span class='ocrx_word' id='word_1_97' title='bbox 193 1772 405 1855; x_wconf 87' lang='lat' dir='ltr'>praeparavit</span> <span class='ocrx_word' id='word_1_98' title='bbox 420 1770 598 1833; x_wconf 91' lang='lat' dir='ltr'>concilium</span> <span class='ocrx_word' id='word_1_99' title='bbox 612 1769 748 1834; x_wconf 87' lang='lat' dir='ltr'>eremis</span> <span class='ocrx_word' id='word_1_100' title='bbox 773 1768 1019 1844; x_wconf 84' lang='lat' dir='ltr'>celebrandum,</span> <span class='ocrx_word' id='word_1_101' title='bbox 1045 1779 1090 1850; x_wconf 84' lang='lat' dir='ltr'>ut,</span> <span class='ocrx_word' id='word_1_102' title='bbox 1117 1771 1144 1832; x_wconf 86' lang='lat' dir='ltr'>si</span> <span class='ocrx_word' id='word_1_103' title='bbox 1166 1769 1236 1831; x_wconf 93' lang='lat' dir='ltr'>fieri</span> 
     </span>
     <span class='ocr_line' id='line_1_15' title="bbox 111 1867 963 1953; baseline 0.002 -23"><span class='ocrx_word' id='word_1_104' title='bbox 111 1879 231 1953; x_wconf 86' lang='lat' dir='ltr'>posset.</span> <span class='ocrx_word' id='word_1_105' title='bbox 257 1867 434 1932; x_wconf 87' lang='lat' dir='ltr'>concordia</span> <span class='ocrx_word' id='word_1_106' title='bbox 459 1891 534 1930; x_wconf 84' lang='lat' dir='ltr'>curn</span> <span class='ocrx_word' id='word_1_107' title='bbox 560 1867 702 1953; x_wconf 89' lang='lat' dir='ltr'>Imperio</span> <span class='ocrx_word' id='word_1_108' title='bbox 727 1870 963 1932; x_wconf 87' lang='lat' dir='ltr'>restitueretur.</span> 
     </span>
    </p>
   </div>
   <div class='ocr_carea' id='block_1_3' title="bbox 646 2335 704 2398">
    <p class='ocr_par' dir='ltr' id='par_1_7' title="bbox 646 2335 704 2398">
     <span class='ocr_line' id='line_1_16' title="bbox 646 2335 704 2398; baseline -0.034 0"><span class='ocrx_word' id='word_1_109' title='bbox 646 2335 704 2398; x_wconf 87' lang='lat'>11.</span> 
     </span>
    </p>
   </div>
   <div class='ocr_carea' id='block_1_4' title="bbox 152 2476 1175 2561">
    <p class='ocr_par' dir='ltr' id='par_1_8' title="bbox 152 2476 1175 2561">
     <span class='ocr_line' id='line_1_17' title="bbox 152 2476 1175 2561; baseline -0.001 -15"><span class='ocrx_word' id='word_1_110' title='bbox 152 2476 235 2546; x_wconf 75' lang='lat' dir='ltr'>&#39;De</span> <span class='ocrx_word' id='word_1_111' title='bbox 258 2483 373 2548; x_wconf 74' lang='lat' dir='ltr'>accitu</span> <span class='ocrx_word' id='word_1_112' title='bbox 398 2487 702 2560; x_wconf 66' lang='lat' dir='ltr'>controuersiae</span> <span class='ocrx_word' id='word_1_113' title='bbox 725 2485 860 2561; x_wconf 72' lang='lat' dir='ltr'>queml</span> <span class='ocrx_word' id='word_1_114' title='bbox 883 2485 1175 2549; x_wconf 71' lang='lat' dir='ltr'>[revestitores.</span> 
     </span>
    </p>
   </div>
   <div class='ocr_carea' id='block_1_5' title="bbox 107 2676 1402 4034">
    <p class='ocr_par' dir='ltr' id='par_1_9' title="bbox 107 2676 1402 4034">
     <span class='ocr_line' id='line_1_18' title="bbox 200 2676 1235 2760; baseline -0.001 -22"><span class='ocrx_word' id='word_1_115' title='bbox 200 2679 253 2739; x_wconf 65' lang='lat'>38.</span> <span class='ocrx_word' id='word_1_116' title='bbox 287 2676 355 2741; x_wconf 74' lang='lat' dir='ltr'>Sub</span> <span class='ocrx_word' id='word_1_117' title='bbox 381 2678 575 2760; x_wconf 84' lang='lat' dir='ltr'>pontificatu</span> <span class='ocrx_word' id='word_1_118' title='bbox 592 2677 714 2742; x_wconf 63' lang='lat' dir='ltr'>calixti</span> <span class='ocrx_word' id='word_1_119' title='bbox 732 2677 765 2741; x_wconf 93' lang='lat' dir='ltr'>II</span> <span class='ocrx_word' id='word_1_120' title='bbox 790 2679 948 2741; x_wconf 75' lang='lat' dir='ltr'>[liuturna</span> <span class='ocrx_word' id='word_1_121' title='bbox 974 2677 1014 2748; x_wconf 90' lang='lat' dir='ltr'>de</span> <span class='ocrx_word' id='word_1_122' title='bbox 1031 2677 1235 2740; x_wconf 85' lang='lat' dir='ltr'>investituris</span> 
     </span>
     <span class='ocr_line' id='line_1_19' title="bbox 110 2773 1236 2862; baseline -0.003 -24"><span class='ocrx_word' id='word_1_123' title='bbox 110 2776 336 2845; x_wconf 81' lang='lat' dir='ltr'>controversia</span> <span class='ocrx_word' id='word_1_124' title='bbox 361 2773 493 2840; x_wconf 89' lang='lat' dir='ltr'>demum</span> <span class='ocrx_word' id='word_1_125' title='bbox 520 2775 660 2838; x_wconf 87' lang='lat' dir='ltr'>feliciter</span> <span class='ocrx_word' id='word_1_126' title='bbox 682 2778 863 2862; x_wconf 88' lang='lat' dir='ltr'>composita</span> <span class='ocrx_word' id='word_1_127' title='bbox 878 2775 950 2838; x_wconf 88' lang='lat' dir='ltr'>fuit.</span> <span class='ocrx_word' id='word_1_128' title='bbox 981 2775 1236 2837; x_wconf 88' lang='lat' dir='ltr'>Praecesserunt</span> 
     </span>
     <span class='ocr_line' id='line_1_20' title="bbox 109 2871 1234 2958; baseline -0.003 -22"><span class='ocrx_word' id='word_1_129' title='bbox 109 2885 220 2936; x_wconf 85' lang='lat' dir='ltr'>tamen</span> <span class='ocrx_word' id='word_1_130' title='bbox 248 2871 445 2936; x_wconf 83' lang='lat' dir='ltr'>concordiae</span> <span class='ocrx_word' id='word_1_131' title='bbox 477 2887 610 2958; x_wconf 87' lang='lat' dir='ltr'>paetum</span> <span class='ocrx_word' id='word_1_132' title='bbox 639 2875 750 2938; x_wconf 87' lang='lat' dir='ltr'>variae</span> <span class='ocrx_word' id='word_1_133' title='bbox 774 2896 813 2936; x_wconf 89' lang='lat' dir='ltr'>ac</span> <span class='ocrx_word' id='word_1_134' title='bbox 839 2873 992 2937; x_wconf 88' lang='lat' dir='ltr'>difficiles</span> <span class='ocrx_word' id='word_1_135' title='bbox 1017 2873 1102 2935; x_wconf 88' lang='lat' dir='ltr'>inter</span> <span class='ocrx_word' id='word_1_136' title='bbox 1126 2871 1234 2934; x_wconf 90' lang='lat' dir='ltr'>Ponti-</span> 
     </span>
     <span class='ocr_line' id='line_1_21' title="bbox 110 2968 1236 3055; baseline -0.002 -22"><span class='ocrx_word' id='word_1_137' title='bbox 110 2971 206 3033; x_wconf 87' lang='lat' dir='ltr'>tieem</span> <span class='ocrx_word' id='word_1_138' title='bbox 247 2981 279 3032; x_wconf 87' lang='lat' dir='ltr'>et</span> <span class='ocrx_word' id='word_1_139' title='bbox 313 2968 549 3055; x_wconf 86' lang='lat' dir='ltr'>Imperatorem</span> <span class='ocrx_word' id='word_1_140' title='bbox 588 2973 837 3055; x_wconf 75' lang='lat' dir='ltr'>negotiationes.</span> <span class='ocrx_word' id='word_1_141' title='bbox 893 2971 943 3034; x_wconf 90' lang='lat' dir='ltr'>De</span> <span class='ocrx_word' id='word_1_142' title='bbox 982 2970 1033 3033; x_wconf 91' lang='lat' dir='ltr'>his</span> <span class='ocrx_word' id='word_1_143' title='bbox 1073 2970 1236 3054; x_wconf 89' lang='lat' dir='ltr'>imprimis</span> 
     </span>
     <span class='ocr_line' id='line_1_22' title="bbox 109 3067 1234 3152; baseline -0.003 -21"><span class='ocrx_word' id='word_1_144' title='bbox 109 3067 280 3152; x_wconf 87' lang='lat' dir='ltr'>aliquanto</span> <span class='ocrx_word' id='word_1_145' title='bbox 312 3071 500 3132; x_wconf 86' lang='lat' dir='ltr'>accuratius</span> <span class='ocrx_word' id='word_1_146' title='bbox 532 3070 699 3152; x_wconf 86' lang='lat' dir='ltr'>agendum</span> <span class='ocrx_word' id='word_1_147' title='bbox 732 3079 788 3148; x_wconf 86' lang='lat' dir='ltr'>est,</span> <span class='ocrx_word' id='word_1_148' title='bbox 823 3079 858 3132; x_wconf 90' lang='lat' dir='ltr'>ut</span> <span class='ocrx_word' id='word_1_149' title='bbox 883 3069 999 3132; x_wconf 87' lang='lat' dir='ltr'>melius</span> <span class='ocrx_word' id='word_1_150' title='bbox 1023 3067 1234 3152; x_wconf 84' lang='lat' dir='ltr'>intelligatur,</span> 
     </span>
     <span class='ocr_line' id='line_1_23' title="bbox 110 3165 1235 3252; baseline 0 -24"><span class='ocrx_word' id='word_1_151' title='bbox 110 3187 176 3251; x_wconf 86' lang='lat' dir='ltr'>qua</span> <span class='ocrx_word' id='word_1_152' title='bbox 204 3168 331 3229; x_wconf 87' lang='lat' dir='ltr'>ratione</span> <span class='ocrx_word' id='word_1_153' title='bbox 367 3165 527 3250; x_wconf 87' lang='lat' dir='ltr'>paulatim</span> <span class='ocrx_word' id='word_1_154' title='bbox 552 3169 607 3230; x_wconf 91' lang='lat' dir='ltr'>via</span> <span class='ocrx_word' id='word_1_155' title='bbox 631 3167 673 3230; x_wconf 87' lang='lat' dir='ltr'>sit</span> <span class='ocrx_word' id='word_1_156' title='bbox 696 3179 891 3252; x_wconf 84' lang='lat' dir='ltr'>praeparata</span> <span class='ocrx_word' id='word_1_157' title='bbox 920 3165 962 3230; x_wconf 89' lang='lat' dir='ltr'>ad</span> <span class='ocrx_word' id='word_1_158' title='bbox 989 3165 1235 3230; x_wconf 83' lang='lat' dir='ltr'>Concordatum</span> 
     </span>
     <span class='ocr_line' id='line_1_24' title="bbox 109 3261 1235 3350; baseline -0.001 -25"><span class='ocrx_word' id='word_1_159' title='bbox 109 3263 354 3327; x_wconf 84' lang='lat' dir='ltr'>Wormatiense</span> <span class='ocrx_word' id='word_1_160' title='bbox 385 3263 483 3349; x_wconf 85' lang='lat' dir='ltr'>paulo</span> <span class='ocrx_word' id='word_1_161' title='bbox 507 3276 581 3349; x_wconf 90' lang='lat' dir='ltr'>post</span> <span class='ocrx_word' id='word_1_162' title='bbox 605 3264 802 3344; x_wconf 84' lang='lat' dir='ltr'>confectum,</span> <span class='ocrx_word' id='word_1_163' title='bbox 836 3286 899 3350; x_wconf 90' lang='lat' dir='ltr'>quo</span> <span class='ocrx_word' id='word_1_164' title='bbox 924 3287 991 3349; x_wconf 84' lang='lat' dir='ltr'>pax</span> <span class='ocrx_word' id='word_1_165' title='bbox 1016 3265 1101 3328; x_wconf 89' lang='lat' dir='ltr'>inter</span> <span class='ocrx_word' id='word_1_166' title='bbox 1124 3261 1235 3326; x_wconf 80' lang='lat' dir='ltr'>Eccle-</span> 
     </span>
     <span class='ocr_line' id='line_1_25' title="bbox 109 3362 1390 3447; baseline -0.002 -23"><span class='ocrx_word' id='word_1_167' title='bbox 109 3364 194 3426; x_wconf 83' lang='lat' dir='ltr'>siam</span> <span class='ocrx_word' id='word_1_168' title='bbox 227 3374 259 3424; x_wconf 92' lang='lat' dir='ltr'>et</span> <span class='ocrx_word' id='word_1_169' title='bbox 283 3363 464 3447; x_wconf 87' lang='lat' dir='ltr'>Imperium</span> <span class='ocrx_word' id='word_1_170' title='bbox 496 3365 645 3426; x_wconf 87' lang='lat' dir='ltr'>restituta</span> <span class='ocrx_word' id='word_1_171' title='bbox 670 3374 727 3426; x_wconf 87' lang='lat' dir='ltr'>est.</span> <span class='ocrx_word' id='word_1_172' title='bbox 775 3363 828 3428; x_wconf 86' lang='lat' dir='ltr'>Ad</span> <span class='ocrx_word' id='word_1_173' title='bbox 854 3363 1090 3446; x_wconf 83' lang='lat' dir='ltr'>Imperatorem</span> <span class='ocrx_word' id='word_1_174' title='bbox 1125 3362 1234 3445; x_wconf 81' lang='lat' dir='ltr'>igitur,</span> <span class='ocrx_word' id='word_1_175' title='bbox 1261 3367 1390 3416; x_wconf 60' lang='lat' dir='ltr'>negatam</span> 
     </span>
     <span class='ocr_line' id='line_1_26' title="bbox 108 3437 1402 3544; baseline -0.002 -22"><span class='ocrx_word' id='word_1_176' title='bbox 108 3461 166 3544; x_wconf 88' lang='lat' dir='ltr'>qui</span> <span class='ocrx_word' id='word_1_177' title='bbox 193 3461 404 3541; x_wconf 77' lang='lat' dir='ltr'>Argentorati</span> <span class='ocrx_word' id='word_1_178' title='bbox 430 3460 648 3543; x_wconf 59' lang='lat' dir='ltr'>(strasburgi)</span> <span class='ocrx_word' id='word_1_179' title='bbox 674 3459 878 3531; x_wconf 86' lang='lat' dir='ltr'>versabatur,</span> <span class='ocrx_word' id='word_1_180' title='bbox 911 3460 1035 3536; x_wconf 71' lang='lat' dir='ltr'>legatos</span> <span class='ocrx_word' id='word_1_181' title='bbox 1061 3461 1150 3523; x_wconf 89' lang='lat' dir='ltr'>misit</span> <span class='ocrx_word' id='word_1_182' title='bbox 1175 3437 1402 3522; x_wconf 60' lang='lat' dir='ltr'>Ca-¹&#39;¹¹⁹&#39;³‘²‘⁰¹⁰¹¹³&#39;</span> 
     </span>
     <span class='ocr_line' id='line_1_27' title="bbox 107 3556 1235 3644; baseline -0.003 -23"><span class='ocrx_word' id='word_1_183' title='bbox 107 3559 211 3622; x_wconf 86' lang='lat' dir='ltr'>lixtns</span> <span class='ocrx_word' id='word_1_184' title='bbox 247 3557 450 3620; x_wconf 74' lang='lat' dir='ltr'>Grillelrnum</span> <span class='ocrx_word' id='word_1_185' title='bbox 488 3557 750 3644; x_wconf 82' lang='lat' dir='ltr'>Campellensem</span> <span class='ocrx_word' id='word_1_186' title='bbox 790 3561 981 3643; x_wconf 88' lang='lat' dir='ltr'>episcopum</span> <span class='ocrx_word' id='word_1_187' title='bbox 1019 3569 1052 3620; x_wconf 88' lang='lat' dir='ltr'>et</span> <span class='ocrx_word' id='word_1_188' title='bbox 1079 3556 1235 3620; x_wconf 89' lang='lat' dir='ltr'>Pontium</span> 
     </span>
     <span class='ocr_line' id='line_1_28' title="bbox 109 3653 1234 3741; baseline -0.006 -19"><span class='ocrx_word' id='word_1_189' title='bbox 109 3654 266 3722; x_wconf 85' lang='lat' dir='ltr'>abbatem</span> <span class='ocrx_word' id='word_1_190' title='bbox 301 3653 573 3734; x_wconf 85' lang='lat' dir='ltr'>Cluniacensem,</span> <span class='ocrx_word' id='word_1_191' title='bbox 614 3659 670 3741; x_wconf 91' lang='lat' dir='ltr'>qui</span> <span class='ocrx_word' id='word_1_192' title='bbox 703 3656 848 3720; x_wconf 89' lang='lat' dir='ltr'>Henrico</span> <span class='ocrx_word' id='word_1_193' title='bbox 886 3655 1084 3740; x_wconf 87' lang='lat' dir='ltr'>persuadere</span> <span class='ocrx_word' id='word_1_194' title='bbox 1126 3655 1234 3716; x_wconf 87' lang='lat' dir='ltr'>conati</span> 
     </span>
     <span class='ocr_line' id='line_1_29' title="bbox 109 3752 1235 3842; baseline -0.001 -27"><span class='ocrx_word' id='word_1_195' title='bbox 109 3763 204 3833; x_wconf 80' lang='lat' dir='ltr'>sunt,</span> <span class='ocrx_word' id='word_1_196' title='bbox 248 3752 290 3816; x_wconf 87' lang='lat' dir='ltr'>ab</span> <span class='ocrx_word' id='word_1_197' title='bbox 329 3755 399 3837; x_wconf 85' lang='lat' dir='ltr'>ipso</span> <span class='ocrx_word' id='word_1_198' title='bbox 439 3755 506 3816; x_wconf 80' lang='lat' dir='ltr'>sine</span> <span class='ocrx_word' id='word_1_199' title='bbox 537 3755 745 3816; x_wconf 71' lang='lat' dir='ltr'>diminutione</span> <span class='ocrx_word' id='word_1_200' title='bbox 780 3755 903 3842; x_wconf 83' lang='lat' dir='ltr'>jurium</span> <span class='ocrx_word' id='word_1_201' title='bbox 935 3754 1066 3837; x_wconf 81' lang='lat' dir='ltr'>Imperii</span> <span class='ocrx_word' id='word_1_202' title='bbox 1103 3754 1235 3814; x_wconf 90' lang='lat' dir='ltr'>investi·</span> 
     </span>
     <span class='ocr_line' id='line_1_30' title="bbox 110 3849 1236 3936; baseline -0.002 -22"><span class='ocrx_word' id='word_1_203' title='bbox 110 3867 219 3914; x_wconf 79' lang='lat' dir='ltr'>utram</span> <span class='ocrx_word' id='word_1_204' title='bbox 258 3871 353 3935; x_wconf 89' lang='lat' dir='ltr'>posse</span> <span class='ocrx_word' id='word_1_205' title='bbox 386 3852 506 3914; x_wconf 88' lang='lat' dir='ltr'>dimitti</span> <span class='ocrx_word' id='word_1_206' title='bbox 540 3865 571 3914; x_wconf 92' lang='lat' dir='ltr'>et</span> <span class='ocrx_word' id='word_1_207' title='bbox 603 3855 648 3915; x_wconf 90' lang='lat' dir='ltr'>ita</span> <span class='ocrx_word' id='word_1_208' title='bbox 679 3873 795 3936; x_wconf 87' lang='lat' dir='ltr'>pacem</span> <span class='ocrx_word' id='word_1_209' title='bbox 830 3851 947 3914; x_wconf 86' lang='lat' dir='ltr'>confici</span> <span class='ocrx_word' id='word_1_210' title='bbox 963 3852 998 3931; x_wconf 90' lang='lat'>¹).</span> <span class='ocrx_word' id='word_1_211' title='bbox 1054 3849 1236 3935; x_wconf 86' lang='lat' dir='ltr'>Imperator</span> 
     </span>
     <span class='ocr_line' id='line_1_31' title="bbox 108 3947 1236 4034; baseline -0.002 -22"><span class='ocrx_word' id='word_1_212' title='bbox 108 3947 201 4012; x_wconf 84' lang='lat' dir='ltr'>lraud</span> <span class='ocrx_word' id='word_1_213' title='bbox 235 3948 363 4012; x_wconf 89' lang='lat' dir='ltr'>alienus</span> <span class='ocrx_word' id='word_1_214' title='bbox 394 3949 570 4012; x_wconf 88' lang='lat' dir='ltr'>videbatur</span> <span class='ocrx_word' id='word_1_215' title='bbox 607 3949 649 4014; x_wconf 88' lang='lat' dir='ltr'>ab</span> <span class='ocrx_word' id='word_1_216' title='bbox 683 3948 828 4012; x_wconf 88' lang='lat' dir='ltr'>ineunda</span> <span class='ocrx_word' id='word_1_217' title='bbox 859 3971 939 4034; x_wconf 88' lang='lat' dir='ltr'>pace</span> <span class='ocrx_word' id='word_1_218' title='bbox 969 3962 1001 4011; x_wconf 92' lang='lat' dir='ltr'>et</span> <span class='ocrx_word' id='word_1_219' title='bbox 1032 3949 1236 4011; x_wconf 83' lang='lat' dir='ltr'>investituris</span> 
     </span>
    </p>
   </div>
   <div class='ocr_carea' id='block_1_6' title="bbox 187 4223 600 4290">
    <p class='ocr_par' dir='ltr' id='par_1_10' title="bbox 187 4223 600 4290">
     <span class='ocr_line' id='line_1_32' title="bbox 187 4223 600 4290; baseline 0.012 -19"><span class='ocrx_word' id='word_1_220' title='bbox 187 4224 205 4271; x_wconf 77' lang='lat' dir='ltr'>¹i</span> <span class='ocrx_word' id='word_1_221' title='bbox 226 4223 279 4276; x_wconf 66' lang='lat' dir='ltr'>tl&#39;fr.</span> <span class='ocrx_word' id='word_1_222' title='bbox 300 4223 379 4290; x_wconf 90' lang='lat' dir='ltr'>hujus</span> <span class='ocrx_word' id='word_1_223' title='bbox 401 4223 510 4276; x_wconf 80' lang='lat' dir='ltr'>llissert.</span> <span class='ocrx_word' id='word_1_224' title='bbox 531 4239 556 4278; x_wconf 87' lang='lat' dir='ltr'>n.</span> <span class='ocrx_word' id='word_1_225' title='bbox 577 4227 600 4276; x_wconf 80' lang='lat' dir='ltr'>a.</span> 
     </span>
    </p>
   </div>
   <div class='ocr_carea' id='block_1_7' title="bbox 171 4343 617 4386">
    <p class='ocr_par' dir='ltr' id='par_1_11' title="bbox 171 4343 617 4386">
     <span class='ocr_line' id='line_1_33' title="bbox 171 4343 617 4386; baseline 0 -4"><span class='ocrx_word' id='word_1_226' title='bbox 171 4343 300 4386; x_wconf 75' lang='lat' dir='ltr'>Inarimen,</span> <span class='ocrx_word' id='word_1_227' title='bbox 319 4343 491 4383; x_wconf 68' lang='lat' dir='ltr'>[lissam-itiones.</span> <span class='ocrx_word' id='word_1_228' title='bbox 506 4343 562 4383; x_wconf 81' lang='lat' dir='ltr'>Tum</span> <span class='ocrx_word' id='word_1_229' title='bbox 582 4343 617 4383; x_wconf 81' lang='lat' dir='ltr'>ll&#39;.</span> 
     </span>
    </p>
   </div>
   <div class='ocr_carea' id='block_1_8' title="bbox 0 0 1532 4834">
    <p class='ocr_par' dir='ltr' id='par_1_12' title="bbox 0 0 1532 4834">
     <span class='ocr_line' id='line_1_34' title="bbox 0 0 1532 4834; baseline 0 0"><span class='ocrx_word' id='word_1_230' title='bbox 0 0 1532 4834; x_wconf 95' lang='lat' dir='ltr'> </span> 
     </span>
    </p>
   </div>
  </div>
 </body>
</html>
