2898 4836
312 499 347 553 es
492 500 595 556 ιιιιιι.
633 479 672 556 oe
691 502 819 556 mmsis
839 501 1015 558 Pontificibus
1033 503 1133 558 secun
1152 503 1255 558 uectus

311 665 415 729 copus
438 644 666 719 Bononiensis,
700 645 757 708 sed
782 645 870 724 dein,
903 657 1044 710 vacante
1067 646 1145 712 sede
1169 646 1406 716 Ravennatense.
1439 731 1440 736 1

312 742 399 806 hano
422 743 532 826 potius
555 744 686 828 accipit.
733 743 777 806 lit
801 743 887 808 dread
910 746 1059 829 temporis
1082 745 1315 831 intercapedino
1335 747 1408 808 mori-
1439 737 1440 816 l

312 853 365 904 tur
377 839 542 920 Pontifex,
559 842 615 926 qui
633 839 752 925 injuste
764 841 928 906 Joannem
946 841 1124 922 ordinavit,
1137 853 1237 928 atqrm
1248 842 1407 908 Theodora.

312 949 350 1001 nt
371 940 534 1004 amasium
558 937 697 1002 Romam
721 949 917 1019 arcesseret,
943 961 1003 1003 sua
1025 942 1174 1024 potentia
1196 961 1271 1004 eum
1296 939 1409 1006 collocet

313 1039 346 1100 in
366 1035 451 1101 Sede
465 1036 668 1122 Apostolica.
682 1075 724 1084 -·-
738 1036 870 1102 Nullam
895 1037 950 1102 hic
974 1037 1089 1104 haberi
1115 1039 1285 1104 historiam
1309 1059 1408 1106 reram.

312 1134 370 1200 sed
394 1134 590 1199 malevolam
614 1134 771 1217 fabulam,
797 1157 839 1198 ex
863 1133 961 1200 dictis
980 1135 1052 1221 jam
1076 1146 1178 1221 patet.
1217 1137 1365 1211 ioannes,
1385 1151 1410 1196 ut

313 1233 475 1314 vidimus,
504 1233 575 1318 jam
609 1254 730 1296 novem
761 1235 859 1298 anuis
889 1233 1048 1298 ecclesiae
1072 1235 1275 1300 Ravennatis
1305 1232 1409 1320 praesul

312 1342 392 1410 erat,
417 1335 518 1416 quum
543 1329 718 1414 eligeretur
741 1333 774 1394 in
800 1331 1011 1412 Pontificem
1042 1333 1077 1398 iu
1101 1333 1179 1398 sede
1204 1353 1282 1398 vero
1306 1333 1409 1396 Rsson

313 1431 441 1494 nutensi
475 1428 563 1494 haud
598 1429 695 1494 l’etro
728 1432 899 1514 episcopo,
936 1430 993 1494 sed
1028 1429 1156 1496 Cailoni
1188 1429 1411 1496 successerat¹l

289 1527 533 1608 ,Consecratus
562 1536 673 1592 autem
705 1529 774 1612 ipsc
804 1529 867 1592 fuit
891 1530 1065 1613 episcopus
1088 1552 1108 1592 a
1132 1529 1246 1614 Sergio
1270 1529 1335 1610 ΙΠ,
1361 1547 1410 1592 nou

315 1647 392 1690 voro
417 1625 611 1690 aLandone
636 1625 887 1710 praedecessore
911 1648 979 1690 suo.
1014 1625 1088 1706 Qua
1111 1631 1240 1694 ratione
1254 1628 1299 1692 ad
1313 1628 1412 1711 epista-

314 1735 427 1808 patum
451 1725 694 1788 Bononiensem
728 1723 921 1808 designatus
951 1723 1067 1806 fuerit,
1101 1724 1177 1790 dein
1212 1747 1289 1788 vero
1313 1723 1412 1790 electus

312 1822 354 1886 ad
394 1821 714 1906 archiepiscopatum
742 1822 1049 1900 llavennatcnsem,
1089 1825 1242 1908 superius
1279 1823 1412 1886 vidimus

315 1925 426 2000 Quum
451 1941 528 1984 vero
554 1918 637 1982 haec
661 1919 776 1982 electio
801 1920 982 1984 Ravennae
1006 1931 1232 2006 perageretur,
1264 1919 1411 1986 'l'heodon

312 2029 423 2082 autem
448 2019 571 2082 Romae
602 2017 752 2101 degeret,
786 2016 875 2080 haud
905 2028 1059 2104 apparet,
1095 2021 1199 2102 ipsam
1225 2019 1350 2085 influxu
1370 2037 1413 2080 suo

214 2170 216 2177 1
314 2119 348 2180 in
372 2116 435 2180 hac
459 2115 617 2182 electione
642 2118 870 2182 intervenisse.
895 2153 937 2162 -
961 2116 1039 2182 Jam
1064 2117 1168 2197 vides,
1197 2117 1294 2202 plane
1316 2115 1412 2180 falsum

312 2238 383 2278 osse
416 2213 504 2302 quod
537 2213 651 2278 scribit
675 2213 918 2298 Luitprendus,
952 2215 1077 2278 modica
1105 2215 1338 2302 intercapedine
1360 2225 1411 2276 teor·

310 2315 419 2398 poris,
448 2312 646 2378 Pontificem
670 2313 728 2398 qui
751 2312 917 2378 Joaunem
941 2312 976 2376 in
999 2311 1287 2400 archiepiscopum
1309 2313 1412 2378 Rauen

316 2420 486 2476 natensem
520 2411 727 2476 consecravit
760 2419 925 2474 mortuum
957 2433 1043 2492 esse,
1080 2433 1120 2475 ao
1151 2411 1228 2476 dein
1261 2411 1414 2493 instigante

315 2509 489 2574 Theodora
503 2509 668 2574 ioannem
692 2506 804 2574 sedem
821 2507 1005 2572 Romanam
1021 2530 1207 2594 usurpasse.
1246 2508 1412 2574 Beroniun.

308 2629 415 2694 quum
447 2607 646 2672 documenta
677 2605 745 2671 alia
767 2605 856 2670 haud
881 2615 959 2670 nota
983 2617 1107 2688 essent,
1142 2605 1338 2693 Luitprandi
1359 2625 1414 2667 nar-

315 2706 441 2769 ratione
465 2726 535 2768 esse
560 2704 746 2790 deceptum,
772 2726 838 2769 non
863 2715 911 2768 est
934 2706 1065 2770 mirum.

402 2803 456 2867 56.
481 2802 725 2867 Tantummodo
751 2804 865 2888 quaeri
889 2814 1009 2888 posset,
1034 2825 1144 2868 annon
1169 2803 1343 2870 ιιιόιιαιιιὶα
1360 2821 1415 2864 usr-

314 2902 466 2984 rationis,
503 2899 661 2966 videlicet
695 2912 807 2986 turpes
839 2923 968 2966 amores
1000 2901 1142 2966 donanis
1172 2911 1206 2964 et
1234 2899 1414 2966 Theodorse

315 2998 522 3064 admittenda
552 3000 611 3079 sit,
645 3001 798 3085 quamvis
821 2999 981 3084 adjuncta
1004 3001 1070 3064 sint
1092 2998 1201 3063 falsa?
1248 2998 1413 3064 Consonus.

318 3106 419 3162 totam
444 3097 530 3162 hanc
553 3117 623 3160 rem
648 3119 718 3160 esse
743 3097 897 3182 putidum
913 3106 1146 3160 commentum.
1185 3092 1412 3160 Advertendun

316 3203 365 3258 est
390 3195 435 3275 1⁰,
459 3195 515 3280 adj
518 3205 619 3258 uncta
643 3193 698 3258 hic
722 3196 837 3258 intime
863 3216 937 3258 cum
964 3201 1031 3258 tota
1055 3193 1148 3258 subet
1135 3196 1241 3258 tantia
1262 3216 1306 3258 rer
1299 3189 1413 3255 'cohar-

316 3315 404 3358 rere.
437 3315 464 3358 e.
489 3316 520 3377 g.
545 3291 633 3378 quod
657 3293 805 3358 Josnnes
836 3291 1010 3377 presbyter
1035 3291 1112 3358 nb
1104 3313 1176 3375 ipsa
1200 3291 1361 3358 Theodora
1380 3281 1410 3346 nl

317 3390 483 3456 luxuriam
501 3389 629 3454 illectus
644 3400 677 3454 et
692 3389 890 3475 compulsus,
905 3389 1027 3454 dein
999 3411 1030 3453 er
1047 3409 1139 3452 suam
1153 3388 1361 3454 elevationem
1371 3353 1440 3446 del
1437 3425 1440 3488 1

317 3488 494 3553 buerit.-
512 3490 550 3552 ‘2⁰
566 3488 706 3553 «loannis
731 3487 844 3570 indoli,
870 3488 925 3574 qui
952 3507 986 3550 se
1010 3486 1163 3552 exhibuit
1187 3502 1222 3550 ut
1245 3484 1440 3550 Pontificem

318 3597 488 3650 strenuum
512 3609 551 3650 ac
576 3588 688 3672 vigore
712 3585 856 3671 plenum,
883 3585 980 3650 valde
1005 3586 1153 3670 opposita
1177 3595 1411 3671 suntqueeuar·
1437 3635 1438 3642 ,

315 3693 431 3749 rantur
453 3707 474 3748 a
490 3683 709 3770 Luitprando,
734 3683 816 3748 dum
840 3706 916 3748 eum
934 3683 1084 3768 depingit
1100 3693 1136 3746 ut
1152 3683 1271 3763 virum,
1295 3681 1345 3766 qui
1358 3695 1410 3762 pm

406 3840 412 3844 .
440 3837 530 3846 -ψ

389 3899 408 3962 ¹)
427 3897 458 3952 Id
478 3913 510 3950 ex
529 3895 650 3950 fontibus
663 3897 801 3964 perspicue
814 3896 926 3950 emtor.
944 3895 977 3948 V.
988 3894 1073 3950 Bolon
1086 3895 1104 3948 l.
1117 3911 1140 3949 c.
1156 3895 1188 3948 L.
1201 3895 1288 3948 xvn.
1300 3910 1320 3948 u
1329 3885 1407 3944 xxm

313 3977 404 4032 Etiam
433 3983 528 4031 auctor
550 3978 698 4029 leioeotioue
721 3976 750 4030 in
769 3976 881 4029 Romam
899 3976 999 4030 Joanni
1018 3975 1044 4029 X
1067 3975 1189 4030 infensus
1208 3973 1406 4042 archiepiscopus

316 4059 552 4112 ltavennateusem
576 4056 719 4110 Kailonem
747 4055 874 4124 appellat.
913 4055 1082 4122 (Bianclrini,
1111 4043 1405 4109 transmittit.

314 4152 338 4206 p.
360 4137 494 4202 LXXIV.)
526 4135 709 4204 Corrigendus
728 4135 816 4204 igitur
834 4137 884 4190 huc
902 4136 931 4190 in
950 4151 980 4190 re
999 4135 1109 4190 videtur
1126 4137 1266 4204 catalogus
1283 4125 1405 4201 proaulam

314 4217 563 4272 Ravennatemium
588 4231 630 4285 ap.
651 4217 747 4282 Garis,
776 4218 865 4272 dotes
882 4219 1082 4286 Epismiorosu
1101 4223 1165 4282 etc,
1195 4233 1220 4286 p
1239 4215 1300 4277 717,
1323 4207 1358 4262 nbi
1376 4201 1404 4254 sd

315 4314 340 4350 a.
359 4297 412 4351 904
431 4297 530 4350 Petrus
548 4297 573 4350 V
592 4305 624 4351 ut
642 4297 855 4366 archiepiscopus
874 4297 1021 4354 &vennae
1040 4297 1184 4353 iudicatur.
