2932 4836
316 481 370 536 3⁴6
632 479 721 534 XVII.
759 478 800 533 De
818 477 962 534 minate
981 478 1123 534 Photisno.

316 635 404 710 pasta
427 634 499 688 suat
521 624 673 687 ueraciter
697 623 875 686 audiamus.
928 624 1063 686 Teutam
1085 623 1131 686 eis
1155 622 1193 686 de
1209 623 1421 686 staremus
1450 585 1451 704 l

317 723 448 786 Deraiai
471 722 586 786 Nostri
608 721 688 784 Jesa
715 719 836 786 Christi
866 725 990 810 ejusque
1017 719 1189 786 Geaitricis
1221 743 1342 806 semper
1368 717 1451 782 Vir

316 822 427 907 pinis
416 821 544 883 llaiiae
568 843 605 883 ac
622 817 845 882 Saaotosam
831 821 934 905 ipsius
953 817 1152 903 imapiaibus,
1177 818 1331 904 quidquid
1347 813 1451 930 wi

317 920 376 983 stio
401 917 540 1003 afferret,
557 921 646 1006 juste
669 940 706 980 ac
724 918 781 1002 pie
805 915 966 980 licentiam
988 915 1110 980 dantes.
1118 914 1143 1001 l)

406 1034 459 1097 34.
484 1033 620 1117 Legatis
638 1033 739 1116 igitur
753 1033 821 1094 suis
835 1029 1005 1095 Rodoaldo
1021 1031 1193 1095 Portuensi
1211 1040 1245 1094 et
1258 1031 1422 1094 Zachariae

257 1127 261 1136 ’
319 1131 501 1195 Ananiensi
518 1131 681 1215 episcopis
695 1128 852 1193 Nicolaus
868 1129 1033 1192 commisit
1049 1128 1175 1192 litteras
1192 1129 1224 1192 d.
1240 1129 1272 1193 d.
1289 1129 1332 1194 25
1348 1129 1422 1214 Sept.

316 1253 346 1294 a.
372 1229 453 1307 860,
485 1227 606 1314 quibus
635 1226 790 1292 Michaeli
822 1237 854 1290 et
876 1224 995 1290 Photio
1026 1226 1205 1312 respondit.
1251 1227 1292 1291 In
1322 1227 1423 1290 litteris

316 1326 551 1412 prolixioribus
586 1325 629 1389 ad
658 1325 895 1414 Imperatorem
930 1323 1110 1409 plurimum
1144 1335 1279 1411 questus
1315 1335 1361 1389 cst
1390 1325 1423 1388 de

317 1425 438 1510 Ignatii
463 1423 687 1508 depositione,
722 1431 754 1485 et
787 1423 828 1486 de
852 1421 962 1485 Photii
987 1421 1063 1485 laici
1088 1422 1320 1506 subrogatione
1350 1423 1423 1486 facta

317 1533 431 1586 contra
454 1521 665 1585 traditionem
690 1521 826 1584 Petrum
854 1519 980 1604 absque
1004 1541 1166 1583 consensu
1190 1521 1332 1584 Romani
1355 1521 1424 1582 Pon·

288 1631 292 1644 '
316 1621 425 1684 tificis.
464 1618 555 1683 Inter
578 1619 643 1683 alia
667 1618 799 1682 scribit:
825 1617 878 1681 Ad
897 1623 986 1707 cujas
1009 1617 1221 1704 (apostolicae
1237 1619 1423 1700 traditionis)

317 1721 398 1783 enim
430 1719 510 1780 sicat
542 1719 608 1803 ipsi
640 1718 727 1780 scitis
762 1717 976 1801 iatepm'tatem
1007 1715 1249 1796 observationis,
1284 1716 1426 1781 multoties

317 1825 483 1879 coaeeatus
496 1813 609 1900 factate
624 1813 732 1899 fuerit
755 1811 845 1898 (fuit)
869 1823 1047 1876 sanctorum
1063 1825 1206 1899 patum,
1235 1839 1256 1878 a
1278 1817 1383 1901 quibus
1403 1827 1426 1878 a

317 1913 523 1976 deliberatam
547 1936 584 1975 ac
607 1913 803 1975 obseruatum
826 1911 952 1989 satsat,
977 1911 1114 1996 qualiter
1137 1910 1252 1998 absque
1276 1916 1424 1978 Romanas

318 2009 410 2074 Sedis
433 2010 629 2094 Romanique
646 2009 809 2092 Poatifieis
831 2031 992 2087 consensa,
1016 2007 1122 2072 pallas
1145 2011 1338 2097 insurgeretis
1359 2013 1424 2075 deli·

317 2109 490 2172 beratioais
515 2109 664 2171 meminus
687 2107 828 2171 daretur.
874 2108 977 2192 Ipitar
1007 2129 1027 2169 a
1050 2105 1137 2171 cobis
1164 2105 1426 2195 Constantinopoli

316 2215 533 2291 copprepatara
555 2205 737 2283 concilium,
761 2215 797 2268 at
819 2206 931 2269 vestris
955 2203 1098 2291 apicibus
1120 2208 1239 2270 nostris
1261 2209 1423 2270 iatiasatua

316 2313 362 2366 est
385 2303 529 2381 auribus,
554 2303 646 2391 bajus
669 2304 786 2365 terroris
810 2305 921 2366 seriem
938 2302 1196 2388 parvipendens,
1221 2303 1271 2367 ab·
1284 2306 1425 2368 institutis

315 2399 508 2486 sepaedictis
540 2421 667 2463 masam
690 2401 954 2464 considerationis
978 2419 1053 2464 saac
1082 2401 1236 2487 reyiectere
1258 2425 1322 2466 aaa
1346 2402 1425 2486 trepi-
1450 2407 1451 2476 i

316 2499 414 2576 clarit,
440 2499 519 2561 adeo
543 2508 577 2560 at
594 2499 752 2582 lpaatiara
776 2521 875 2584 aspra
891 2502 963 2587 jara
984 2500 1167 2562 aomiaatae
1189 2499 1278 2564 urbis
1295 2502 1424 2586 patr-iur-
1450 2493 1451 2527 l

315 2597 401 2658 cham
432 2597 499 2660 siae
523 2597 663 2658 Roman-i
692 2594 836 2659 consultu
864 2595 1025 2681 Pontificis
1054 2595 1170 2659 ibidem
1200 2609 1304 2661 coetus
1334 2619 1423 2660 conire·

315 2695 404 2756 aiens
429 2695 566 2780 proprio
592 2694 756 2779 privasset
784 2693 940 2780 bosoni)
986 2693 1024 2757 In
1056 2693 1122 2757 fine
1156 2694 1314 2780 epistolae
1341 2695 1423 2758 Nico·

314 2789 386 2854 laus
410 2793 528 2854 iterum
553 2801 665 2854 monet
684 2791 930 2876 Imperatorem,
955 2801 992 2855 ut
1014 2793 1187 2876 provincia
1203 2791 1338 2877 Illyrica
1354 2793 1423 2877 juri-

314 2887 377 2952 bus
401 2888 678 2974 patriarchalibus
703 2888 798 2954 Sedis
821 2889 991 2954 Romanae
1014 2889 1180 2971 reddatur,
1208 2899 1242 2953 et
1265 2893 1424 2976 episcopus

314 2984 620 3050 Thessalonicensis
658 2987 757 3072 juxta
795 2989 970 3072 antiquum
1011 3009 1135 3051 morem
1175 2987 1367 3052 admittatur
1396 2987 1451 3052 uti

314 3085 461 3148 vicarius
485 3083 581 3148 Sedis
606 3084 837 3170 Apostolicae,
861 3088 1050 3171 pariterque
1073 3093 1110 3147 ut
1133 3085 1317 3149 reddantur
1338 3083 1423 3148 ercle·
1450 3077 1451 3126 ³

314 3183 383 3245 siae
416 3183 585 3246 Romanae
617 3183 816 3266 patrimonia
849 3181 960 3246 ablata
994 3184 1029 3248 in
1063 3180 1218 3246 Calabria
1250 3193 1284 3247 et
1313 3179 1422 3247 Sicilia.
1450 3179 1451 3272 ζ

315 3289 415 3365 utque
439 3281 641 3344 consecratio
666 3279 908 3365 archiepiscopi
933 3279 1134 3364 Syracusani
1163 3280 1285 3344 exinde
1309 3302 1329 3343 a
1351 3277 1423 3344 Sede
1450 3312 1451 3368 p

314 3377 463 3440 Romana
478 3377 699 3462 impendatur.
710 3416 754 3426 -
771 3377 889 3442 Photio
900 3377 1058 3442 Nicolaus
1068 3377 1254 3442 breviorem
1266 3377 1421 3464 epistolam
1450 3439 1451 3450 .

314 3477 454 3561 scripsit.
491 3475 624 3539 Laudat
647 3476 884 3561 professionem
909 3475 986 3540 fidei
1004 3475 1234 3555 orthodoxam,
1259 3475 1318 3540 sed
1335 3476 1422 3561 ipsius
1450 3477 1451 3566 j

315 3575 596 3637 consecrationem
630 3593 672 3638 ex
705 3573 789 3639 laico
824 3584 860 3638 ut
884 3574 1069 3640 canonibus
1102 3575 1287 3659 oppositam
1311 3575 1451 3657 arguit3

314 3669 598 3736 confirmationem
631 3693 690 3758 pro
722 3683 870 3758 ternpore
902 3694 968 3738 non
1005 3671 1187 3758 impendit,
1223 3671 1295 3758 ejus
1326 3681 1451 3738 amen

313 3789 404 3854 spem
429 3769 509 3833 facit
531 3769 713 3833 secundum
738 3767 920 3854 legatorum
943 3770 1054 3834 futura
1068 3769 1182 3834 relata.
1225 3767 1451 3855 Quapropter.

323 3913 526 3920 ----

316 4017 319 4030 ·
387 4001 407 4068 ¹)
426 4000 514 4070 Epist
536 4002 565 4052 θ’*
586 4016 628 4068 ap.
648 4000 739 4054 Labbe
757 3999 836 4054 VIII.
856 4001 916 4054 329.

386 4087 408 4158 ⁹)
427 4089 511 4143 Nicol.
536 4105 577 4156 ep
596 4092 645 4142 2··
639 4105 714 4158 ‚.sp
741 4088 833 4142 Labbe
851 4088 928 4142 VIII.
954 4089 1075 4143 270.-
1101 4087 1183 4143 Vides
1208 4089 1290 4143 etism
1314 4087 1353 4141 hic
1370 4084 1451 4152 jan

313 4185 337 4222 s.
357 4169 409 4223 860
434 4169 601 4224 aPontificc
625 4185 657 4224 ea
681 4169 793 4237 proponi
813 4169 960 4237 principia,
989 4183 1058 4235 quae
1083 4168 1219 4222 immerito
1244 4163 1417 4236 sqnibnsdsm

313 4249 467 4304 auctoribus
485 4248 584 4303 hausta
603 4249 731 4303 dicuntur
749 4263 783 4303 ex
800 4248 917 4302 Pseudo·
920 4248 1107 4338 Decretstibns
1124 4248 1231 4304 Isidori.
1450 4253 1451 4266 ³
