2952 4832
336 507 375 561 De
395 505 559 560 Pontificatu
578 508 603 562 S.
623 507 747 575 Gregorii
767 507 830 561 VII.
1100 507 1154 560 273

56 672 83 710 se
99 673 225 715 censura
241 653 275 715 in
292 673 347 715 eos
362 649 672 714 animadversurum
693 648 968 714 comminabatur.
983 687 1025 698 —·-
1042 650 1154 730 Quum

56 747 219 830 Sigefridus
258 749 529 833 archiepiscopus
561 749 776 831 Moguntinus
813 750 847 812 in
873 747 1008 831 synodis
1047 747 1154 812 Erfor·

56 845 145 908 diensi
167 858 198 910 et
226 848 424 930 Moguntiua
448 845 631 910 secundum
665 845 833 910 decretum
856 845 1028 910 Pontificis
1064 845 1155 908 cleri·

55 943 93 1004 cis
113 944 292 1024 mandaret,
324 953 361 1008 ut
384 943 437 1008 vel
468 944 675 1008 continenter
708 946 880 1024 viverent,
919 943 969 1008 vel
1005 967 1024 1006 a
1061 944 1154 1006 mini·

54 1043 135 1104 sterio
157 1065 248 1106 sacro
272 1041 491 1117 abstinerent,
524 1051 637 1104 tantus
660 1045 822 1106 excitatus
847 1052 895 1105 est
919 1041 1093 1120 tumultuS,
1119 1051 1157 1104 ut

53 1140 208 1225 episcopus
241 1139 305 1204 sibi
339 1152 488 1204 metucns
519 1141 640 1222 ignavo
666 1139 764 1204 corde
787 1140 830 1203 ab
855 1139 1003 1224 urgenda
1030 1138 1154 1202 decreti

54 1233 246 1303 observantia
271 1249 421 1302 cessaret.
471 1235 549 1320 „Sic
573 1237 709 1302 tandem
732 1239 780 1302 rei
806 1235 1001 1302 difficultate
1025 1257 1155 1321 supera-

53 1341 95 1394 tus
124 1338 250 1416 statuit,
287 1335 402 1400 scribit
425 1334 623 1399 Lambertus
651 1336 693 1399 ad
718 1359 747 1402 a,
775 1335 877 1416 1075,
912 1335 974 1399 sibi
1000 1335 1156 1419 deinceps

53 1431 98 1493 tali
126 1435 307 1518 quaestioni
339 1435 473 1498 omnino
504 1434 802 1518 supersedendum,
836 1445 867 1497 et
890 1435 1039 1498 Romano
1073 1433 1156 1497 Pon-

52 1529 118 1593 tifici
140 1530 410 1616 relinquendum,
436 1541 472 1594 ut
496 1553 631 1595 causam
652 1553 751 1616 quam
777 1534 846 1618 ipse
877 1534 973 1597 toties
997 1531 1158 1596 inutiliter

51 1632 267 1713 proposuisset,
293 1629 347 1693 ille
371 1653 430 1714 per
453 1631 676 1716 semetipsum,
702 1631 835 1715 quaudo
860 1629 1068 1716 ecquomodo
1091 1627 1156 1692 vel·

51 1723 94 1799 let,
115 1733 314 1812 perageret.“

126 1835 177 1898 64.
203 1833 311 1898 Simili
342 1835 468 1898 ratione
499 1835 635 1898 Parisiis
659 1835 830 1899 Pontificis
864 1835 1033 1898 decretum
1059 1835 1157 1920 rejec·
1191 1831 1301 1883 ⁰⁹⁹⁰⁸¹¹¹⁰

51 1939 106 1993 tum
129 1932 200 1996 suit.
256 1933 413 2014 „Parisiis
449 1941 647 2016 congregato
676 1931 815 1996 concilio
847 1955 960 1997 omnes
990 1933 1058 1997 fere
1089 1945 1157 1997 tam

51 2031 180 2116 episcopi
206 2053 305 2117 quam
330 2030 468 2094 abbates
492 2041 523 2092 et
548 2028 658 2093 clerici
684 2030 878 2112 censebant,
908 2032 1046 2094 Domini
1071 2029 1157 2116 Apo·

50 2125 140 2191 stolici
165 2138 299 2192 sanctae
324 2127 737 2191 memoriacHildebrandi
757 2128 899 2212 jussioni
924 2151 991 2193 non
1008 2151 1078 2194 esse
1103 2151 1157 2213 pa-

49 2224 194 2300 rendum,
227 2225 374 2289 diceutes
397 2225 544 2311 falsoque
569 2238 813 2308 asseverantes,
838 2227 1062 2312 importabilia
1086 2228 1157 2312 ejus

49 2343 107 2384 csse
128 2333 304 2408 praecepta
334 2323 474 2409 ideoque
503 2323 754 2408 irrationabilia,
786 2365 828 2373 —
854 2324 1033 2412 Quumque
1058 2323 1157 2390 Guel-

49 2420 136 2484 terius
160 2421 263 2485 abbas
288 2423 491 2485 insererem
518 2421 641 2486 decreti
665 2422 793 2486 locutus
818 2432 917 2504 esset,
945 2423 1158 2487 vehementer

49 2515 88 2579 ira
109 2523 257 2584 succensi
283 2522 339 2606 qui
364 2520 502 2584 aderant
526 2521 687 2584 adversus
712 2523 777 2584 Dei
801 2521 963 2586 famulum
989 2521 1157 2605 mancipia

48 2618 122 2692 reris
146 2641 202 2682 suo
228 2617 343 2681 sceleri
368 2618 622 2703 conjungentes,
656 2619 946 2705 exclamantesque
977 2641 1090 2683 omnes
1122 2619 1157 2680 iu

49 2733 103 2777 una
127 2718 370 2802 conspiratione
403 2726 622 2800 consurgunt,
648 2719 757 2802 ipsum
782 2717 822 2780 de
848 2716 988 2781 concilio
1012 2717 1155 2802 rapiunt,

47 2812 180 2894 trabunt,
206 2816 404 2898 impingunt,
430 2813 649 2899 colaphizant,
675 2827 872 2900 conspuunt,
890 2815 1065 2900 multisque
1083 2835 1157 2878 con-

46 2911 179 2974 tumeliis
211 2913 367 2975 affectum
401 2911 444 2975 ad
482 2912 616 2976 domum
647 2915 733 2996 regis
764 2913 949 2999 perducunt
961 2915 1019 2994 ¹).‘·‘
1074 2911 1157 2976 Con-

47 3017 159 3072 stanter
174 3009 370 3095 apostolicas
386 3011 636 3074 constitutiones
651 3010 877 3075 observandas
892 3013 1022 3074 curavit
1041 3034 1065 3075 s.
1086 3011 1156 3075 Alt-

47 3125 176 3170 manuus
206 3110 380 3193 episcopus
407 3109 651 3190 Passaviensis,
685 3109 826 3195 ideoque
859 3131 1035 3195 pravorum
1066 3109 1156 3173 cleri-

1186 1901 1209 1942 in
1225 1900 1302 1943 Gallia·

46 3223 148 3268 corum
182 3206 319 3270 iusidias
353 3215 385 3270 et
418 3206 554 3270 Henrici
586 3209 672 3291 regis
707 3230 808 3270 vexas
841 3217 997 3292 expertus
1030 3220 1087 3272 est.
1116 3247 1153 3255 —
1200 3237 1205 3250 ·

47 3297 117 3363 Otto
139 3313 247 3367 autern
272 3306 446 3389 episcopus
464 3301 724 3368 Constantiensis
748 3306 831 3369 adeo
856 3305 987 3369 decreta
1011 3331 1036 3370 s.
1061 3305 1158 3370 Sedis

46 3403 170 3481 sprevit,
195 3411 231 3464 ut
253 3400 363 3488 palam
388 3401 485 3486 plane
510 3405 675 3467 contraria
699 3401 827 3467 clericis
851 3405 919 3467 suis
942 3407 1156 3490 permitteret,

47 3497 191 3562 videlieet
215 3510 251 3562 ut
275 3502 330 3584 qui
355 3500 510 3564 mulieres
533 3500 711 3582 habebant,
736 3523 792 3566 eas
819 3504 1013 3582 retinerent,
1044 3514 1076 3567 ct
1099 3505 1156 3588 qui

46 3615 106 3659 non
136 3595 317 3678 habebant,
351 3597 466 3662 illicita
496 3601 680 3664 temeritate
714 3623 769 3663 eas
798 3599 1108 3664 subintroducerent
1117 3599 1155 3685 ²).

47 3688 104 3756 Sed
135 3695 289 3759 Pontifex
322 3694 460 3760 rebelles
492 3695 543 3760 vel
578 3697 709 3762 desides
739 3699 911 3783 episcopos
939 3700 1085 3780 graviter
1108 3699 1155 3760 in-

47 3795 185 3876 crepavit
217 3816 338 3880 eosque
370 3795 509 3858 Romam
534 3795 577 3859 ed
611 3796 775 3880 synodum
809 3797 941 3877 citavit3
975 3795 1018 3860 ad
1041 3794 1155 3860 fideles

46 3897 147 3954 autem
163 3891 363 3956 Germaniae
386 3891 511 3956 litteras
535 3894 627 3957 dedit
644 3915 756 3957 mense
772 3893 949 3957 Decembri
962 3895 1040 3958 anni
1059 3894 1155 3974 1074,
1251 3947 1262 3960 .

107 4043 115 4046 -
137 4043 188 4050 -.-
205 4043 248 4050 ...-

47 4195 77 4248 ἃ
114 4121 131 4186 ¹)
150 4120 216 4174 Vita
244 4137 263 4174 s.
285 4121 420 4176 Guelterii
449 4122 563 4177 abbatis
587 4141 607 4178 s.
632 4122 744 4176 Martini
766 4123 847 4190 juxta
870 4123 1062 4188 Pom-issaram,
1086 4125 1158 4178 Acta

64 4199 84 4248 χ..
120 4241 125 4251 Ι
204 4201 210 4213 ,

102 4199 132 4350 8²)
145 4201 296 4338 lll’illlnffe
315 4283 440 4349 bionum,
460 4281 573 4352 Gregor.
593 4283 660 4352 Epp.
681 4283 789 4339 Collect.
810 4287 833 4337 8.
855 4287 879 4339 9.

99 4381 224 4434 Junrusnr,
239 4383 486 4426 praemonueram,
504 4385 541 4427 lv.
961 4375 995 4428 18
