2952 4832
323 501 374 552 304
555 499 631 554 xxi.
649 500 690 553 De
709 499 734 555 S.
755 499 888 570 Gregorio
907 501 961 556 VII
981 503 1057 556 Rom.
1078 503 1216 560 Pontinus.

322 641 408 706 sadi
435 643 614 729 (Berkach)
639 643 844 728 Thuringiao
872 645 985 710 villam
1016 655 1265 712 convenerunt“
1283 653 1317 730 ¹).
1365 649 1432 714 Cau-

323 763 392 804 sam
417 741 588 805 Pontificis
613 743 832 806 defenderunt
856 743 935 809 Otto
949 745 1113 809 Ostiensis
1130 745 1285 830 Gregorii
1310 747 1431 831 legatus.

251 842 298 880 ”⁵⁸⁸
315 850 422 926 'atque
446 838 667 904 Gebehardus
691 841 952 926 Salisburgensis
983 854 1015 906 et
1037 841 1222 928 Hartvigus
1251 845 1434 932 blagdebur·

216 922 271 1014 ,Μ’
321 941 432 1019 gensis
465 937 717 1024 archiepiscopi,
756 939 934 1025 pluresque
959 941 1127 1026 episcopi3
1167 941 1308 1007 Henrici
1339 955 1432 1008 auten
1471 989 1472 1048 ,

321 1047 430 1122 partes
453 1045 633 1101 tenuerunt
655 1037 897 1123 archiepiscopi
922 1037 1112 1124 Rhenani²)
1151 1049 1184 1102 et
1216 1042 1303 1105 varii
1337 1063 1433 1105 eorum

321 1135 533 1218 suffraganei.
567 1135 715 1198 Maxime
740 1135 781 1199 dc
812 1138 1046 1200 communione
1079 1159 1154 1200 cum
1181 1143 1435 1204 excommunica·
1471 1165 1472 1216 3

320 1235 362 1297 tis
386 1243 419 1296 et
443 1233 483 1296 de
500 1232 638 1296 Henrici
662 1235 1007 1298 excommunicatione
1032 1234 1237 1320 disputatum
1252 1237 1330 1301 fuit.
1362 1237 1435 1302 Heu·
1471 1247 1472 1258 ¹

320 1333 381 1395 rici
413 1340 589 1394 sectatores
621 1329 708 1394 hanc
732 1333 1112 1396 excommunicationem
1146 1335 1273 1398 irritem
1299 1357 1371 1399 esse
1392 1357 1436 1397 ro·

319 1428 442 1511 lebant,
475 1451 511 1492 eo
538 1427 624 1513 quod
652 1430 795 1514 principi
820 1428 956 1492 deberet
979 1429 1140 1515 applicari
1165 1429 1272 1496 c'anon
1301 1433 1343 1498 de
1366 1437 1436 1519 epis·

321 1529 426 1614 copis,
460 1549 524 1612 quc
549 1527 718 1607 statuitur,
749 1529 943 1612 episcopum
977 1525 1019 1590 ab
1051 1527 1251 1592 adversariis
1282 1531 1435 1616 dejecturi

315 1625 460 1710 judicari
494 1637 525 1688 et
556 1625 729 1688 definitiva
763 1626 926 1689 sententia
958 1625 1108 1689 damnari
1141 1648 1207 1690 non
1240 1650 1351 1713 posse,
1385 1631 1438 1692 nisi

320 1735 418 1788 antea
449 1725 483 1786 in
508 1725 673 1808 integrum
707 1725 876 1788 restitutus
906 1725 956 1788 sit.
1005 1723 1175 1787 Pontificis
1198 1735 1314 1791 autem
1341 1727 1438 1791 deien-

321 1843 409 1887 sores
447 1821 656 1885 declinarunt
694 1823 953 1886 controversiam
999 1820 1085 1884 hanc
1120 1826 1294 1909 prosequi,
1335 1829 1439 1890 merito
1471 1847 1472 1852 ¹

320 1930 513 2002 asserentes,
538 1920 665 1983 nemini
688 1919 788 1983 licere
813 1921 1009 1984 sententiam
1035 1919 1130 1985 Sedis
1147 1921 1364 2006 Apostolicae
1387 1923 1439 1987 dis·
1471 1912 1472 1926 ¹

321 2027 433 2082 cutere
457 2030 489 2082 et
512 2027 701 2098 retractare,
727 2041 829 2104 quum
854 2017 957 2082 Sedes
982 2018 1174 2103 Apostolica
1197 2043 1217 2082 a
1241 2025 1380 2087 nemine
1397 2023 1437 2106 ju·

321 2119 424 2182 dicari
450 2117 561 2202 possit.
586 2152 630 2163 -
654 2115 791 2180 Infestis
815 2115 914 2180 rebus
939 2126 1123 2180 conventus
1152 2119 1212 2180 iste
1236 2117 1368 2206 solutus
1390 2135 1437 2182 esi.

319 2255 363 2264 -
398 2216 561 2300 Tempore
589 2223 699 2278 autem
737 2213 885 2299 paschali
918 2213 1047 2298 legatus
1077 2215 1248 2280 Pontificis
1282 2228 1318 2282 et
1347 2217 1438 2282 archi·

320 2315 477 2400 episcopi,
513 2313 660 2398 episcopi
690 2324 721 2375 et
752 2310 889 2376 abbates
914 2311 1076 2395 Gregorio
1100 2311 1168 2376 VH
1197 2313 1328 2396 fideles,
1362 2337 1439 2401 prse-

320 2421 411 2476 sente
435 2411 641 2477 Herimanno
667 2433 743 2496 rege
769 2411 905 2495 ejusque
929 2407 1152 2495 principibus,
1189 2410 1438 2496 Quedlimburgi

319 2509 485 2594 synodum
511 2508 731 2574 celebrarunt.
782 2507 887 2592 „Cum
911 2509 1014 2592 igitur
1037 2529 1151 2572 omnes
1169 2509 1272 2594 juxta
1298 2511 1439 2575 ordinem

320 2629 415 2672 suurn
441 2607 677 2688 consedissent,
714 2605 842 2692 prolata
867 2609 1001 2671 suntin
1026 2606 1172 2669 medium
1197 2606 1337 2673 decreta
1361 2629 1441 2673 sauc-

319 2717 426 2769 torum
451 2705 585 2769 Patrum
621 2704 661 2769 de
687 2705 832 2790 primatu
856 2701 952 2767 Sedis
975 2703 1196 2789 Apostolicae,
1237 2708 1333 2790 quod
1371 2703 1439 2770 nulli

319 2825 466 2889 unquam
491 2802 589 2868 liceat
613 2804 683 2888 ejus
702 2803 870 2888 judicium
894 2812 1082 2880 retractare,
1107 2800 1160 2865 vel
1176 2802 1217 2866 de
1234 2805 1310 2888 ejus
1321 2805 1440 2891 judicio

314 2902 478 2988 judicare,
513 2901 602 2987 quod
626 2911 658 2964 et
681 2903 782 2965 totius
806 2899 925 2985 synodi
949 2899 1083 2985 publica
1108 2901 1315 2984 professione
1340 2903 1437 2966 lauda-

319 3012 389 3064 tum
415 3013 446 3063 et
470 2992 674 3064 declaratum
699 3011 756 3065 est.
788 2998 832 3062 Et
856 2997 1056 3092 hocuutique
1073 2997 1439 3065 coutralieinricianos

320 3100 376 3185 qui
401 3097 514 3163 fideles
548 3100 653 3160 sancti
679 3097 767 3162 Petri
793 3098 1017 3181 constringere
1041 3093 1227 3174 voluerunt,
1258 3109 1297 3161 ut
1322 3117 1438 3162 excern-

321 3199 578 3261 municationem
612 3195 736 3259 Domni
773 3195 883 3280 Papae
922 3193 1076 3278 Gregorii
1112 3215 1212 3278 super
1249 3193 1438 3259 Heinrieuru

321 3317 395 3359 cuni
414 3295 477 3359 illis
501 3303 678 3357 retractare
695 3295 961 3378 praesumerent“
978 3289 1014 3376 ³).
1045 3291 1214 3355 Postremo
1233 3292 1438 3356 Guibcrtuui.

320 3404 352 3457 et
377 3392 570 3458 Cardiualcs
599 3394 836 3476 episcoposque
873 3389 1098 3454 schismaticos
1126 3388 1346 3454 anathemate
1381 3413 1430 3474 per

320 3493 533 3556 strinxerunt.

413 3589 485 3654 100.
534 3589 717 3672 Gregorius
741 3586 807 3650 VII
832 3585 960 3650 Salerni
989 3587 1023 3649 in
1047 3586 1192 3670 corporis
1218 3585 1436 3650 infirmitatem

320 3712 360 3754 ac
383 3689 575 3772 languorem
600 3685 729 3766 incidit,
759 3697 791 3748 et
815 3685 968 3769 quamvis
993 3685 1086 3746 initio
1110 3684 1189 3746 anui
1217 3683 1306 3748 1085
1334 3682 1436 3747 melius

320 3816 357 3828 ...a-
404 3819 410 3824 ..
446 3817 530 3824 ----—.

396 3896 414 3962 ¹)
435 3899 483 3960 Ap.
506 3890 667 3951 Watterich,
688 3890 709 3944 1.
728 3889 790 3943 470.

394 3975 414 4042 ²)
434 3971 581 4040 sigifridus
601 3969 779 4038 lioguutinus
802 3966 908 4036 praesul
928 3981 961 4020 ex
980 3967 1042 4020 sede
1065 3965 1156 4033 pulsus
1180 3965 1225 4018 die
1250 3969 1285 4019 16
1305 3963 1434 4020 Februarii

320 4055 385 4107 anni
408 4055 475 4107 1084
504 4051 567 4106 exul
591 4051 619 4104 iu
643 4048 797 4116 Thuringia
825 4048 942 4112 obierat;
974 4046 1002 4098 in
1026 4045 1114 4098 sedeur
1137 4053 1230 4098 auteur
1254 4045 1433 4114 nugantium

220 4151 225 4162 ·
321 4143 379 4187 tum
406 4133 520 4187 intrusit
540 4131 673 4186 Henrieus
693 4128 858 4182 lllezilonem
887 4126 1070 4195 praepositum
1093 4125 1368 4187 Hulberstadienseru,
1396 4125 1433 4190 qui

321 4215 395 4268 inter
413 4212 597 4266 schismaticos
617 4209 727 4278 iugenio
742 4207 908 4278 praestabat.
976 4227 978 4232 ·

395 4293 417 4360 ⁸)
436 4291 591 4346 Beruoldus
611 4323 641 4329 —
662 4287 825 4343 Watten'ch.
846 4289 869 4341 1.·
883 4288 944 4342 471.
