<?xml version="1.0" encoding="UTF-8"?>
<!DOCTYPE html PUBLIC "-//W3C//DTD XHTML 1.0 Transitional//EN"
    "http://www.w3.org/TR/xhtml1/DTD/xhtml1-transitional.dtd">
<html xmlns="http://www.w3.org/1999/xhtml" xml:lang="en" lang="en">
 <head>
  <title>
</title>
<meta http-equiv="Content-Type" content="text/html;charset=utf-8" />
  <meta name='ocr-system' content='tesseract 3.04.00' />
  <meta name='ocr-capabilities' content='ocr_page ocr_carea ocr_par ocr_line ocrx_word'/>
</head>
<body>
  <div class='ocr_page' id='page_1' title='image "./dissertationess01junggoog_0473.png"; bbox 0 0 2904 4834; ppageno 0'>
   <div class='ocr_carea' id='block_1_1' title="bbox 282 421 1205 535">
    <p class='ocr_par' dir='ltr' id='par_1_1' title="bbox 282 421 1205 535">
     <span class='ocr_line' id='line_1_1' title="bbox 282 421 1205 535; baseline 0 -1"><span class='ocrx_word' id='word_1_1' title='bbox 282 481 298 534; x_wconf 82' lang='lat'>2</span> <span class='ocrx_word' id='word_1_2' title='bbox 459 475 563 531; x_wconf 83' lang='lat' dir='ltr'>XVIII.</span> <span class='ocrx_word' id='word_1_3' title='bbox 582 475 623 530; x_wconf 85' lang='lat' dir='ltr'><strong>De</strong></span> <span class='ocrx_word' id='word_1_4' title='bbox 641 475 769 530; x_wconf 83' lang='lat' dir='ltr'><strong>Romanis</strong></span> <span class='ocrx_word' id='word_1_5' title='bbox 788 421 966 532; x_wconf 80' lang='lat' dir='ltr'><strong>Poritillcilrus</strong></span> <span class='ocrx_word' id='word_1_6' title='bbox 984 477 1083 533; x_wconf 84' lang='lat' dir='ltr'><strong>saeculi</strong></span> <span class='ocrx_word' id='word_1_7' title='bbox 1102 478 1205 535; x_wconf 85' lang='lat' dir='ltr'><strong>decimi.</strong></span> 
     </span>
    </p>
   </div>
   <div class='ocr_carea' id='block_1_2' title="bbox 273 615 1439 4136">
    <p class='ocr_par' dir='ltr' id='par_1_2' title="bbox 273 615 1392 1959">
     <span class='ocr_line' id='line_1_2' title="bbox 273 615 1387 708; baseline 0.002 -24"><span class='ocrx_word' id='word_1_8' title='bbox 273 619 439 708; x_wconf 83' lang='lat' dir='ltr'><strong>fluctibns,</strong></span> <span class='ocrx_word' id='word_1_9' title='bbox 464 621 563 683; x_wconf 72' lang='lat' dir='ltr'><strong>centes</strong></span> <span class='ocrx_word' id='word_1_10' title='bbox 586 618 739 706; x_wconf 73' lang='lat' dir='ltr'><strong>impulsa,</strong></span> <span class='ocrx_word' id='word_1_11' title='bbox 767 627 858 704; x_wconf 75' lang='lat' dir='ltr'><strong>usqae</strong></span> <span class='ocrx_word' id='word_1_12' title='bbox 882 615 972 683; x_wconf 83' lang='lat' dir='ltr'><strong>illisa</strong></span> <span class='ocrx_word' id='word_1_13' title='bbox 995 642 1088 707; x_wconf 86' lang='lat' dir='ltr'><strong>saepe</strong></span> <span class='ocrx_word' id='word_1_14' title='bbox 1112 621 1211 686; x_wconf 78' lang='lat' dir='ltr'><strong>obviis</strong></span> <span class='ocrx_word' id='word_1_15' title='bbox 1233 621 1387 707; x_wconf 74' lang='lat' dir='ltr'><strong>quibusque</strong></span> 
     </span>
     <span class='ocr_line' id='line_1_3' title="bbox 284 715 1388 806; baseline 0 -24"><span class='ocrx_word' id='word_1_16' title='bbox 284 717 421 805; x_wconf 81' lang='lat' dir='ltr'><strong>scopulis</strong></span> <span class='ocrx_word' id='word_1_17' title='bbox 445 715 631 802; x_wconf 75' lang='lat' dir='ltr'><strong>detrusaque</strong></span> <span class='ocrx_word' id='word_1_18' title='bbox 655 715 760 780; x_wconf 80' lang='lat' dir='ltr'><strong>crebro</strong></span> <span class='ocrx_word' id='word_1_19' title='bbox 783 716 937 782; x_wconf 84' lang='lat' dir='ltr'><strong>violenter</strong></span> <span class='ocrx_word' id='word_1_20' title='bbox 959 721 995 782; x_wconf 87' lang='lat' dir='ltr'><strong>in</strong></span> <span class='ocrx_word' id='word_1_21' title='bbox 1009 730 1118 806; x_wconf 80' lang='lat' dir='ltr'><strong>syrtes,</strong></span> <span class='ocrx_word' id='word_1_22' title='bbox 1137 723 1279 806; x_wconf 81' lang='lat' dir='ltr'><strong>potuerit</strong></span> <span class='ocrx_word' id='word_1_23' title='bbox 1294 719 1388 805; x_wconf 74' lang='lat' dir='ltr'><strong>alipio</strong></span> 
     </span>
     <span class='ocr_line' id='line_1_4' title="bbox 283 814 1388 904; baseline -0.001 -23"><span class='ocrx_word' id='word_1_24' title='bbox 283 815 373 881; x_wconf 80' lang='lat' dir='ltr'><strong>modo</strong></span> <span class='ocrx_word' id='word_1_25' title='bbox 405 826 451 879; x_wconf 89' lang='lat' dir='ltr'><strong>tot</strong></span> <span class='ocrx_word' id='word_1_26' title='bbox 479 814 573 878; x_wconf 85' lang='lat' dir='ltr'><strong>malis</strong></span> <span class='ocrx_word' id='word_1_27' title='bbox 601 837 665 879; x_wconf 87' lang='lat' dir='ltr'><strong>esse</strong></span> <span class='ocrx_word' id='word_1_28' title='bbox 690 825 854 900; x_wconf 79' lang='lat' dir='ltr'><strong>superstes.</strong></span> <span class='ocrx_word' id='word_1_29' title='bbox 907 815 948 879; x_wconf 89' lang='lat' dir='ltr'><strong>Ut</strong></span> <span class='ocrx_word' id='word_1_30' title='bbox 965 815 1066 902; x_wconf 84' lang='lat' dir='ltr'><strong>plane</strong></span> <span class='ocrx_word' id='word_1_31' title='bbox 1089 841 1183 901; x_wconf 81' lang='lat' dir='ltr'><strong>qaam</strong></span> <span class='ocrx_word' id='word_1_32' title='bbox 1206 819 1388 904; x_wconf 83' lang='lat' dir='ltr'><strong>apertissimo</strong></span> 
     </span>
     <span class='ocr_line' id='line_1_5' title="bbox 276 912 1387 1001; baseline -0.002 -23"><span class='ocrx_word' id='word_1_33' title='bbox 276 914 381 1001; x_wconf 83' lang='lat' dir='ltr'><strong>fuerit</strong></span> <span class='ocrx_word' id='word_1_34' title='bbox 412 912 657 976; x_wconf 81' lang='lat' dir='ltr'><strong>demonstratam</strong></span> <span class='ocrx_word' id='word_1_35' title='bbox 687 913 915 998; x_wconf 75' lang='lat' dir='ltr'><strong>experimenta,</strong></span> <span class='ocrx_word' id='word_1_36' title='bbox 946 916 1166 979; x_wconf 73' lang='lat' dir='ltr'><strong>montumano</strong></span> <span class='ocrx_word' id='word_1_37' title='bbox 1191 927 1310 980; x_wconf 79' lang='lat' dir='ltr'><strong>tantum</strong></span> <span class='ocrx_word' id='word_1_38' title='bbox 1331 941 1387 978; x_wconf 72' lang='lat' dir='ltr'><strong>mna</strong></span> 
     </span>
     <span class='ocr_line' id='line_1_6' title="bbox 283 1010 1390 1100; baseline 0.002 -26"><span class='ocrx_word' id='word_1_39' title='bbox 283 1011 454 1098; x_wconf 76' lang='lat' dir='ltr'><strong>padernari</strong></span> <span class='ocrx_word' id='word_1_40' title='bbox 475 1013 638 1094; x_wconf 82' lang='lat' dir='ltr'><strong>repimine,</strong></span> <span class='ocrx_word' id='word_1_41' title='bbox 668 1010 723 1075; x_wconf 84' lang='lat' dir='ltr'><strong>sed</strong></span> <span class='ocrx_word' id='word_1_42' title='bbox 746 1020 825 1074; x_wconf 87' lang='lat' dir='ltr'><strong>certe</strong></span> <span class='ocrx_word' id='word_1_43' title='bbox 849 1011 967 1077; x_wconf 83' lang='lat' dir='ltr'><strong>divinis</strong></span> <span class='ocrx_word' id='word_1_44' title='bbox 990 1014 1058 1097; x_wconf 79' lang='lat' dir='ltr'><strong>repi</strong></span> <span class='ocrx_word' id='word_1_45' title='bbox 1073 1014 1265 1100; x_wconf 85' lang='lat' dir='ltr'><strong>praesidiis,</strong></span> <span class='ocrx_word' id='word_1_46' title='bbox 1285 1013 1390 1099; x_wconf 73' lang='lat' dir='ltr'><strong>fiela’ri</strong></span> 
     </span>
     <span class='ocr_line' id='line_1_7' title="bbox 285 1108 1388 1200; baseline 0.004 -28"><span class='ocrx_word' id='word_1_47' title='bbox 285 1109 445 1188; x_wconf 76' lang='lat' dir='ltr'><strong>subsidiis,</strong></span> <span class='ocrx_word' id='word_1_48' title='bbox 470 1131 666 1194; x_wconf 73' lang='lat' dir='ltr'><strong>mmernaqne</strong></span> <span class='ocrx_word' id='word_1_49' title='bbox 686 1110 811 1173; x_wconf 82' lang='lat' dir='ltr'><strong>omnino</strong></span> <span class='ocrx_word' id='word_1_50' title='bbox 825 1108 1009 1174; x_wconf 82' lang='lat' dir='ltr'><strong>incolumem</strong></span> <span class='ocrx_word' id='word_1_51' title='bbox 1024 1115 1204 1178; x_wconf 84' lang='lat' dir='ltr'><strong>conservari</strong></span> <span class='ocrx_word' id='word_1_52' title='bbox 1213 1115 1388 1200; x_wconf 60' lang='lat' dir='ltr'><strong>potentur)</strong></span> 
     </span>
     <span class='ocr_line' id='line_1_8' title="bbox 284 1205 1389 1296; baseline 0.003 -25"><span class='ocrx_word' id='word_1_53' title='bbox 284 1207 476 1272; x_wconf 85' lang='lat' dir='ltr'><strong>-Tristes</strong></span> <span class='ocrx_word' id='word_1_54' title='bbox 505 1217 617 1270; x_wconf 88' lang='lat' dir='ltr'><strong>tamen</strong></span> <span class='ocrx_word' id='word_1_55' title='bbox 650 1205 812 1292; x_wconf 87' lang='lat' dir='ltr'><strong>ejusmodi</strong></span> <span class='ocrx_word' id='word_1_56' title='bbox 844 1217 982 1272; x_wconf 85' lang='lat' dir='ltr'><strong>eventus</strong></span> <span class='ocrx_word' id='word_1_57' title='bbox 1013 1231 1095 1294; x_wconf 88' lang='lat' dir='ltr'><strong>quos</strong></span> <span class='ocrx_word' id='word_1_58' title='bbox 1122 1212 1262 1296; x_wconf 81' lang='lat' dir='ltr'><strong>scriptor</strong></span> <span class='ocrx_word' id='word_1_59' title='bbox 1284 1213 1389 1286; x_wconf 83' lang='lat' dir='ltr'><strong>innuit,</strong></span> 
     </span>
     <span class='ocr_line' id='line_1_9' title="bbox 284 1303 1390 1386; baseline 0 -16"><span class='ocrx_word' id='word_1_60' title='bbox 284 1315 413 1370; x_wconf 84' lang='lat' dir='ltr'><strong>tantum</strong></span> <span class='ocrx_word' id='word_1_61' title='bbox 443 1303 568 1368; x_wconf 80' lang='lat' dir='ltr'><strong>ultimis</strong></span> <span class='ocrx_word' id='word_1_62' title='bbox 601 1303 723 1368; x_wconf 89' lang='lat' dir='ltr'><strong>saeculi</strong></span> <span class='ocrx_word' id='word_1_63' title='bbox 747 1307 827 1369; x_wconf 90' lang='lat' dir='ltr'><strong>noni</strong></span> <span class='ocrx_word' id='word_1_64' title='bbox 851 1307 947 1370; x_wconf 88' lang='lat' dir='ltr'><strong>annis</strong></span> <span class='ocrx_word' id='word_1_65' title='bbox 971 1306 1181 1386; x_wconf 86' lang='lat' dir='ltr'><strong>acciderunt,</strong></span> <span class='ocrx_word' id='word_1_66' title='bbox 1213 1331 1274 1373; x_wconf 90' lang='lat' dir='ltr'><strong>nec</strong></span> <span class='ocrx_word' id='word_1_67' title='bbox 1298 1309 1390 1372; x_wconf 83' lang='lat' dir='ltr'><strong>exiis</strong></span> 
     </span>
     <span class='ocr_line' id='line_1_10' title="bbox 285 1399 1392 1494; baseline 0 -26"><span class='ocrx_word' id='word_1_68' title='bbox 285 1403 461 1489; x_wconf 83' lang='lat' dir='ltr'><strong>caliginem</strong></span> <span class='ocrx_word' id='word_1_69' title='bbox 491 1404 548 1468; x_wconf 88' lang='lat' dir='ltr'><strong>toti</strong></span> <span class='ocrx_word' id='word_1_70' title='bbox 581 1399 628 1466; x_wconf 91' lang='lat' dir='ltr'><strong>illi</strong></span> <span class='ocrx_word' id='word_1_71' title='bbox 659 1401 789 1466; x_wconf 88' lang='lat' dir='ltr'><strong>saeculo</strong></span> <span class='ocrx_word' id='word_1_72' title='bbox 819 1405 950 1488; x_wconf 77' lang='lat' dir='ltr'><strong>aspergi</strong></span> <span class='ocrx_word' id='word_1_73' title='bbox 982 1425 1160 1470; x_wconf 85' lang='lat' dir='ltr'><strong>censerem.</strong></span> <span class='ocrx_word' id='word_1_74' title='bbox 1206 1403 1273 1470; x_wconf 86' lang='lat' dir='ltr'><strong>Sed</strong></span> <span class='ocrx_word' id='word_1_75' title='bbox 1295 1409 1392 1494; x_wconf 84' lang='lat' dir='ltr'><strong>potius</strong></span> 
     </span>
     <span class='ocr_line' id='line_1_11' title="bbox 285 1497 1390 1590; baseline -0.002 -24"><span class='ocrx_word' id='word_1_76' title='bbox 285 1503 332 1568; x_wconf 90' lang='lat' dir='ltr'><strong>illi</strong></span> <span class='ocrx_word' id='word_1_77' title='bbox 364 1511 502 1566; x_wconf 87' lang='lat' dir='ltr'><strong>eventus</strong></span> <span class='ocrx_word' id='word_1_78' title='bbox 534 1497 796 1564; x_wconf 82' lang='lat' dir='ltr'><strong>connumerandi</strong></span> <span class='ocrx_word' id='word_1_79' title='bbox 821 1510 897 1564; x_wconf 91' lang='lat' dir='ltr'><strong>sunt</strong></span> <span class='ocrx_word' id='word_1_80' title='bbox 920 1502 961 1565; x_wconf 88' lang='lat' dir='ltr'><strong>iis</strong></span> <span class='ocrx_word' id='word_1_81' title='bbox 985 1501 1248 1583; x_wconf 80' lang='lat' dir='ltr'><strong>calamitatibus,</strong></span> <span class='ocrx_word' id='word_1_82' title='bbox 1283 1503 1390 1590; x_wconf 91' lang='lat' dir='ltr'><strong>quibus</strong></span> 
     </span>
     <span class='ocr_line' id='line_1_12' title="bbox 286 1597 1391 1682; baseline 0 -18"><span class='ocrx_word' id='word_1_83' title='bbox 286 1599 416 1664; x_wconf 87' lang='lat' dir='ltr'><strong>saeculo</strong></span> <span class='ocrx_word' id='word_1_84' title='bbox 452 1597 569 1662; x_wconf 82' lang='lat' dir='ltr'><strong>decimo</strong></span> <span class='ocrx_word' id='word_1_85' title='bbox 602 1597 752 1662; x_wconf 79' lang='lat' dir='ltr'><strong>Ecclesia</strong></span> <span class='ocrx_word' id='word_1_86' title='bbox 788 1618 948 1664; x_wconf 86' lang='lat' dir='ltr'><strong>concusso</strong></span> <span class='ocrx_word' id='word_1_87' title='bbox 984 1609 1048 1682; x_wconf 82' lang='lat' dir='ltr'><strong>ast3</strong></span> <span class='ocrx_word' id='word_1_88' title='bbox 1085 1623 1127 1664; x_wconf 85' lang='lat' dir='ltr'><strong>ex</strong></span> <span class='ocrx_word' id='word_1_89' title='bbox 1162 1601 1280 1666; x_wconf 84' lang='lat' dir='ltr'><strong>iisdem</strong></span> <span class='ocrx_word' id='word_1_90' title='bbox 1314 1603 1391 1666; x_wconf 87' lang='lat' dir='ltr'><strong>enim</strong></span> 
     </span>
     <span class='ocr_line' id='line_1_13' title="bbox 285 1693 1388 1784; baseline -0.003 -21"><span class='ocrx_word' id='word_1_91' title='bbox 285 1699 394 1763; x_wconf 86' lang='lat' dir='ltr'><strong>causis</strong></span> <span class='ocrx_word' id='word_1_92' title='bbox 418 1719 457 1761; x_wconf 88' lang='lat' dir='ltr'><strong>ac</strong></span> <span class='ocrx_word' id='word_1_93' title='bbox 480 1693 627 1760; x_wconf 87' lang='lat' dir='ltr'><strong>fontibus</strong></span> <span class='ocrx_word' id='word_1_94' title='bbox 651 1705 856 1761; x_wconf 84' lang='lat' dir='ltr'><strong>emanarunt.</strong></span> <span class='ocrx_word' id='word_1_95' title='bbox 891 1693 1001 1782; x_wconf 78' lang='lat' dir='ltr'><strong>Atque</strong></span> <span class='ocrx_word' id='word_1_96' title='bbox 1026 1700 1126 1762; x_wconf 89' lang='lat' dir='ltr'><strong>etiam</strong></span> <span class='ocrx_word' id='word_1_97' title='bbox 1151 1701 1255 1784; x_wconf 89' lang='lat' dir='ltr'><strong>ipsius</strong></span> <span class='ocrx_word' id='word_1_98' title='bbox 1269 1700 1388 1764; x_wconf 79' lang='lat' dir='ltr'><strong>Batonii</strong></span> 
     </span>
     <span class='ocr_line' id='line_1_14' title="bbox 286 1792 1389 1881; baseline -0.002 -20"><span class='ocrx_word' id='word_1_99' title='bbox 286 1798 404 1879; x_wconf 88' lang='lat' dir='ltr'><strong>menti,</strong></span> <span class='ocrx_word' id='word_1_100' title='bbox 429 1793 509 1860; x_wconf 88' lang='lat' dir='ltr'><strong>dum</strong></span> <span class='ocrx_word' id='word_1_101' title='bbox 532 1793 614 1858; x_wconf 86' lang='lat' dir='ltr'><strong>haec</strong></span> <span class='ocrx_word' id='word_1_102' title='bbox 639 1792 735 1874; x_wconf 87' lang='lat' dir='ltr'><strong>dicit,</strong></span> <span class='ocrx_word' id='word_1_103' title='bbox 770 1793 892 1858; x_wconf 87' lang='lat' dir='ltr'><strong>saeculi</strong></span> <span class='ocrx_word' id='word_1_104' title='bbox 918 1795 1039 1860; x_wconf 86' lang='lat' dir='ltr'><strong>decimi</strong></span> <span class='ocrx_word' id='word_1_105' title='bbox 1062 1796 1130 1860; x_wconf 83' lang='lat' dir='ltr'><strong>fata</strong></span> <span class='ocrx_word' id='word_1_106' title='bbox 1157 1800 1267 1881; x_wconf 88' lang='lat' dir='ltr'><strong>potius</strong></span> <span class='ocrx_word' id='word_1_107' title='bbox 1290 1797 1389 1862; x_wconf 85' lang='lat' dir='ltr'><strong>obver-</strong></span> 
     </span>
     <span class='ocr_line' id='line_1_15' title="bbox 286 1892 452 1959; baseline -0.006 0"><span class='ocrx_word' id='word_1_108' title='bbox 286 1892 452 1959; x_wconf 86' lang='lat' dir='ltr'><strong>sabantur.</strong></span> 
     </span>
    </p>

    <p class='ocr_par' dir='ltr' id='par_1_3' title="bbox 279 1988 1439 4136">
     <span class='ocr_line' id='line_1_16' title="bbox 375 1988 1389 2079; baseline 0 -24"><span class='ocrx_word' id='word_1_109' title='bbox 375 1991 405 2056; x_wconf 83' lang='lat'><strong>2.</strong></span> <span class='ocrx_word' id='word_1_110' title='bbox 439 1989 494 2053; x_wconf 89' lang='lat' dir='ltr'><strong>Ad</strong></span> <span class='ocrx_word' id='word_1_111' title='bbox 527 1989 626 2076; x_wconf 91' lang='lat' dir='ltr'><strong>hujus</strong></span> <span class='ocrx_word' id='word_1_112' title='bbox 659 1988 781 2054; x_wconf 86' lang='lat' dir='ltr'><strong>saeculi</strong></span> <span class='ocrx_word' id='word_1_113' title='bbox 816 1989 935 2054; x_wconf 80' lang='lat' dir='ltr'><strong>decimi</strong></span> <span class='ocrx_word' id='word_1_114' title='bbox 960 1991 1187 2074; x_wconf 85' lang='lat' dir='ltr'><strong>enavigandss</strong></span> <span class='ocrx_word' id='word_1_115' title='bbox 1210 2005 1315 2076; x_wconf 86' lang='lat' dir='ltr'><strong>syrtes</strong></span> <span class='ocrx_word' id='word_1_116' title='bbox 1331 1995 1389 2079; x_wconf 84' lang='lat' dir='ltr'><strong>jsrn</strong></span> 
     </span>
     <span class='ocr_line' id='line_1_17' title="bbox 286 2087 1391 2177; baseline 0.004 -27"><span class='ocrx_word' id='word_1_117' title='bbox 286 2088 360 2153; x_wconf 88' lang='lat' dir='ltr'><strong>vela</strong></span> <span class='ocrx_word' id='word_1_118' title='bbox 388 2089 535 2152; x_wconf 87' lang='lat' dir='ltr'><strong>solvens:</strong></span> <span class='ocrx_word' id='word_1_119' title='bbox 571 2087 622 2151; x_wconf 76' lang='lat' dir='ltr'><strong>En</strong></span> <span class='ocrx_word' id='word_1_120' title='bbox 645 2087 773 2174; x_wconf 86' lang='lat' dir='ltr'><strong>incipit,</strong></span> <span class='ocrx_word' id='word_1_121' title='bbox 806 2089 868 2169; x_wconf 88' lang='lat' dir='ltr'><strong>ait,</strong></span> <span class='ocrx_word' id='word_1_122' title='bbox 901 2111 1004 2152; x_wconf 87' lang='lat' dir='ltr'><strong>annus</strong></span> <span class='ocrx_word' id='word_1_123' title='bbox 1028 2089 1249 2177; x_wconf 78' lang='lat' dir='ltr'><strong>Redemptoris</strong></span> <span class='ocrx_word' id='word_1_124' title='bbox 1271 2115 1391 2177; x_wconf 74' lang='lat' dir='ltr'><strong>nospes·</strong></span> 
     </span>
     <span class='ocr_line' id='line_1_18' title="bbox 287 2183 1392 2276; baseline 0.002 -26"><span class='ocrx_word' id='word_1_125' title='bbox 287 2190 422 2266; x_wconf 79' lang='lat' dir='ltr'><strong>lecimus,</strong></span> <span class='ocrx_word' id='word_1_126' title='bbox 447 2209 505 2272; x_wconf 81' lang='lat' dir='ltr'><strong>quo</strong></span> <span class='ocrx_word' id='word_1_127' title='bbox 530 2197 559 2249; x_wconf 84' lang='lat' dir='ltr'><strong>et</strong></span> <span class='ocrx_word' id='word_1_128' title='bbox 583 2185 733 2249; x_wconf 82' lang='lat' dir='ltr'><strong>decimam</strong></span> <span class='ocrx_word' id='word_1_129' title='bbox 756 2185 921 2249; x_wconf 77' lang='lat' dir='ltr'><strong>inchoatur</strong></span> <span class='ocrx_word' id='word_1_130' title='bbox 944 2183 1110 2263; x_wconf 81' lang='lat' dir='ltr'><strong>saeculnm,</strong></span> <span class='ocrx_word' id='word_1_131' title='bbox 1138 2191 1223 2274; x_wconf 81' lang='lat' dir='ltr'><strong>qaod</strong></span> <span class='ocrx_word' id='word_1_132' title='bbox 1245 2193 1296 2255; x_wconf 84' lang='lat' dir='ltr'><strong>sni</strong></span> <span class='ocrx_word' id='word_1_133' title='bbox 1317 2215 1392 2276; x_wconf 74' lang='lat' dir='ltr'><strong>aspr-</strong></span> 
     </span>
     <span class='ocr_line' id='line_1_19' title="bbox 285 2283 1389 2374; baseline 0 -24"><span class='ocrx_word' id='word_1_134' title='bbox 285 2288 380 2350; x_wconf 83' lang='lat' dir='ltr'><strong>ritate</strong></span> <span class='ocrx_word' id='word_1_135' title='bbox 405 2309 441 2348; x_wconf 88' lang='lat' dir='ltr'><strong>ae</strong></span> <span class='ocrx_word' id='word_1_136' title='bbox 466 2285 540 2347; x_wconf 82' lang='lat' dir='ltr'><strong>boni</strong></span> <span class='ocrx_word' id='word_1_137' title='bbox 562 2283 729 2347; x_wconf 71' lang='lat' dir='ltr'><strong>sterilitate</strong></span> <span class='ocrx_word' id='word_1_138' title='bbox 745 2283 900 2369; x_wconf 83' lang='lat' dir='ltr'><strong>ferream,</strong></span> <span class='ocrx_word' id='word_1_139' title='bbox 924 2283 1060 2368; x_wconf 76' lang='lat' dir='ltr'><strong>malique</strong></span> <span class='ocrx_word' id='word_1_140' title='bbox 1085 2287 1279 2351; x_wconf 77' lang='lat' dir='ltr'><strong>emendantis</strong></span> <span class='ocrx_word' id='word_1_141' title='bbox 1301 2287 1389 2374; x_wconf 79' lang='lat' dir='ltr'><strong>defor-</strong></span> 
     </span>
     <span class='ocr_line' id='line_1_20' title="bbox 287 2381 1389 2470; baseline 0 -22"><span class='ocrx_word' id='word_1_142' title='bbox 287 2387 393 2448; x_wconf 86' lang='lat' dir='ltr'><strong>mitate</strong></span> <span class='ocrx_word' id='word_1_143' title='bbox 420 2381 619 2470; x_wconf 80' lang='lat' dir='ltr'><strong>plumbeam,</strong></span> <span class='ocrx_word' id='word_1_144' title='bbox 656 2393 747 2467; x_wconf 78' lang='lat' dir='ltr'><strong>atque</strong></span> <span class='ocrx_word' id='word_1_145' title='bbox 781 2383 892 2468; x_wconf 89' lang='lat' dir='ltr'><strong>inopia</strong></span> <span class='ocrx_word' id='word_1_146' title='bbox 924 2383 1111 2468; x_wconf 81' lang='lat' dir='ltr'><strong>scriptorum</strong></span> <span class='ocrx_word' id='word_1_147' title='bbox 1143 2383 1305 2470; x_wconf 84' lang='lat' dir='ltr'><strong>appellari</strong></span> <span class='ocrx_word' id='word_1_148' title='bbox 1334 2409 1389 2448; x_wconf 85' lang='lat' dir='ltr'><strong>con-</strong></span> 
     </span>
     <span class='ocr_line' id='line_1_21' title="bbox 286 2477 1391 2569; baseline -0.002 -24"><span class='ocrx_word' id='word_1_149' title='bbox 286 2483 387 2546; x_wconf 82' lang='lat' dir='ltr'><strong>sessit</strong></span> <span class='ocrx_word' id='word_1_150' title='bbox 416 2481 586 2545; x_wconf 80' lang='lat' dir='ltr'><strong>obscuram.</strong></span> <span class='ocrx_word' id='word_1_151' title='bbox 634 2481 672 2544; x_wconf 79' lang='lat' dir='ltr'><strong>ln</strong></span> <span class='ocrx_word' id='word_1_152' title='bbox 696 2481 784 2569; x_wconf 81' lang='lat' dir='ltr'><strong>cujas</strong></span> <span class='ocrx_word' id='word_1_153' title='bbox 808 2477 914 2542; x_wconf 85' lang='lat' dir='ltr'><strong>limine</strong></span> <span class='ocrx_word' id='word_1_154' title='bbox 938 2480 1100 2542; x_wconf 82' lang='lat' dir='ltr'><strong>constituti</strong></span> <span class='ocrx_word' id='word_1_155' title='bbox 1123 2481 1160 2544; x_wconf 82' lang='lat' dir='ltr'><strong>ob</strong></span> <span class='ocrx_word' id='word_1_156' title='bbox 1185 2505 1223 2546; x_wconf 86' lang='lat' dir='ltr'><strong>sa</strong></span> <span class='ocrx_word' id='word_1_157' title='bbox 1246 2507 1323 2569; x_wconf 82' lang='lat' dir='ltr'><strong>quas</strong></span> <span class='ocrx_word' id='word_1_158' title='bbox 1340 2504 1391 2568; x_wconf 83' lang='lat' dir='ltr'><strong>pro</strong></span> 
     </span>
     <span class='ocr_line' id='line_1_22' title="bbox 279 2578 1391 2667; baseline -0.004 -23"><span class='ocrx_word' id='word_1_159' title='bbox 279 2581 410 2667; x_wconf 80' lang='lat' dir='ltr'><strong>scribas</strong></span> <span class='ocrx_word' id='word_1_160' title='bbox 444 2578 522 2643; x_wconf 82' lang='lat' dir='ltr'><strong>adeo</strong></span> <span class='ocrx_word' id='word_1_161' title='bbox 547 2579 715 2666; x_wconf 82' lang='lat' dir='ltr'><strong>flapitiosa</strong></span> <span class='ocrx_word' id='word_1_162' title='bbox 744 2601 847 2664; x_wconf 77' lang='lat' dir='ltr'><strong>nuper</strong></span> <span class='ocrx_word' id='word_1_163' title='bbox 876 2579 1005 2664; x_wconf 79' lang='lat' dir='ltr'><strong>contipit</strong></span> <span class='ocrx_word' id='word_1_164' title='bbox 1028 2579 1206 2664; x_wconf 74' lang='lat' dir='ltr'><strong>asperrime,</strong></span> <span class='ocrx_word' id='word_1_165' title='bbox 1241 2591 1391 2666; x_wconf 73' lang='lat' dir='ltr'><strong>eampum</strong></span> 
     </span>
     <span class='ocr_line' id='line_1_23' title="bbox 281 2674 1393 2766; baseline -0.004 -25"><span class='ocrx_word' id='word_1_166' title='bbox 281 2677 526 2766; x_wconf 63' lang='lat' dir='ltr'><strong>propediamar</strong></span> <span class='ocrx_word' id='word_1_167' title='bbox 548 2674 690 2754; x_wconf 83' lang='lat' dir='ltr'><strong>alterins,</strong></span> <span class='ocrx_word' id='word_1_168' title='bbox 714 2675 762 2739; x_wconf 77' lang='lat' dir='ltr'><strong>tic</strong></span> <span class='ocrx_word' id='word_1_169' title='bbox 786 2675 929 2739; x_wconf 84' lang='lat' dir='ltr'><strong>lectorem</strong></span> <span class='ocrx_word' id='word_1_170' title='bbox 951 2675 1103 2739; x_wconf 86' lang='lat' dir='ltr'><strong>monendo</strong></span> <span class='ocrx_word' id='word_1_171' title='bbox 1115 2677 1268 2762; x_wconf 80' lang='lat' dir='ltr'><strong>praefari</strong></span> <span class='ocrx_word' id='word_1_172' title='bbox 1283 2674 1393 2763; x_wconf 78' lang='lat' dir='ltr'><strong>aliquid</strong></span> 
     </span>
     <span class='ocr_line' id='line_1_24' title="bbox 288 2771 1390 2862; baseline -0.006 -21"><span class='ocrx_word' id='word_1_173' title='bbox 288 2778 495 2841; x_wconf 74' lang='lat' dir='ltr'><strong>neceesarium</strong></span> <span class='ocrx_word' id='word_1_174' title='bbox 511 2773 669 2852; x_wconf 80' lang='lat' dir='ltr'><strong>domimus,</strong></span> <span class='ocrx_word' id='word_1_175' title='bbox 682 2797 719 2836; x_wconf 89' lang='lat' dir='ltr'><strong>ne</strong></span> <span class='ocrx_word' id='word_1_176' title='bbox 732 2773 808 2858; x_wconf 85' lang='lat' dir='ltr'><strong>qaid</strong></span> <span class='ocrx_word' id='word_1_177' title='bbox 823 2771 970 2836; x_wconf 79' lang='lat' dir='ltr'><strong>scandali</strong></span> <span class='ocrx_word' id='word_1_178' title='bbox 976 2771 1118 2858; x_wconf 80' lang='lat' dir='ltr'><strong>pusillas</strong></span> <span class='ocrx_word' id='word_1_179' title='bbox 1134 2777 1239 2839; x_wconf 89' lang='lat' dir='ltr'><strong>animo</strong></span> <span class='ocrx_word' id='word_1_180' title='bbox 1246 2779 1390 2862; x_wconf 78' lang='lat' dir='ltr'><strong>patiatur,</strong></span> 
     </span>
     <span class='ocr_line' id='line_1_25' title="bbox 288 2869 1391 2961; baseline -0.008 -22"><span class='ocrx_word' id='word_1_181' title='bbox 288 2877 317 2940; x_wconf 86' lang='lat' dir='ltr'><strong>si</strong></span> <span class='ocrx_word' id='word_1_182' title='bbox 345 2873 470 2961; x_wconf 81' lang='lat' dir='ltr'><strong>quando</strong></span> <span class='ocrx_word' id='word_1_183' title='bbox 507 2873 613 2936; x_wconf 83' lang='lat' dir='ltr'><strong>ridere</strong></span> <span class='ocrx_word' id='word_1_184' title='bbox 650 2872 814 2956; x_wconf 81' lang='lat' dir='ltr'><strong>contiperit</strong></span> <span class='ocrx_word' id='word_1_185' title='bbox 844 2869 1107 2934; x_wconf 78' lang='lat' dir='ltr'><strong>abominationem</strong></span> <span class='ocrx_word' id='word_1_186' title='bbox 1136 2871 1339 2938; x_wconf 83' lang='lat' dir='ltr'><strong>desolationis</strong></span> <span class='ocrx_word' id='word_1_187' title='bbox 1364 2873 1391 2932; x_wconf 85' lang='lat' dir='ltr'><strong>in</strong></span> 
     </span>
     <span class='ocr_line' id='line_1_26' title="bbox 289 2969 1439 3059; baseline -0.009 -22"><span class='ocrx_word' id='word_1_188' title='bbox 289 2971 420 3059; x_wconf 84' lang='lat' dir='ltr'><strong>templo,</strong></span> <span class='ocrx_word' id='word_1_189' title='bbox 454 2971 509 3035; x_wconf 83' lang='lat' dir='ltr'><strong>sed</strong></span> <span class='ocrx_word' id='word_1_190' title='bbox 540 2971 640 3054; x_wconf 80' lang='lat' dir='ltr'><strong>nrapis</strong></span> <span class='ocrx_word' id='word_1_191' title='bbox 671 2970 799 3032; x_wconf 83' lang='lat' dir='ltr'><strong>miretur</strong></span> <span class='ocrx_word' id='word_1_192' title='bbox 830 2978 858 3030; x_wconf 91' lang='lat' dir='ltr'><strong>et</strong></span> <span class='ocrx_word' id='word_1_193' title='bbox 889 2979 1069 3054; x_wconf 81' lang='lat' dir='ltr'><strong>copnoscat,</strong></span> <span class='ocrx_word' id='word_1_194' title='bbox 1102 2970 1137 3030; x_wconf 86' lang='lat' dir='ltr'><strong>in</strong></span> <span class='ocrx_word' id='word_1_195' title='bbox 1166 2974 1234 3058; x_wconf 84' lang='lat' dir='ltr'><strong>ejas</strong></span> <span class='ocrx_word' id='word_1_196' title='bbox 1263 2969 1391 3036; x_wconf 71' lang='lat' dir='ltr'><strong>acestodia</strong></span> <span class='ocrx_word' id='word_1_197' title='bbox 1438 3029 1439 3040; x_wconf 50' lang='grc'>,</span> 
     </span>
     <span class='ocr_line' id='line_1_27' title="bbox 289 3065 1439 3156; baseline -0.002 -20"><span class='ocrx_word' id='word_1_198' title='bbox 289 3073 429 3136; x_wconf 80' lang='lat' dir='ltr'><strong>divinam</strong></span> <span class='ocrx_word' id='word_1_199' title='bbox 452 3067 620 3156; x_wconf 79' lang='lat' dir='ltr'><strong>incipitare</strong></span> <span class='ocrx_word' id='word_1_200' title='bbox 634 3069 822 3154; x_wconf 87' lang='lat' dir='ltr'><strong>potentiam,</strong></span> <span class='ocrx_word' id='word_1_201' title='bbox 846 3089 914 3130; x_wconf 83' lang='lat' dir='ltr'><strong>cum</strong></span> <span class='ocrx_word' id='word_1_202' title='bbox 927 3087 991 3130; x_wconf 87' lang='lat' dir='ltr'><strong>non</strong></span> <span class='ocrx_word' id='word_1_203' title='bbox 1006 3077 1041 3128; x_wconf 84' lang='lat' dir='ltr'><strong>at</strong></span> <span class='ocrx_word' id='word_1_204' title='bbox 1055 3065 1129 3130; x_wconf 83' lang='lat' dir='ltr'><strong>olim</strong></span> <span class='ocrx_word' id='word_1_205' title='bbox 1146 3066 1390 3132; x_wconf 73' lang='lat' dir='ltr'><strong>abominatam</strong></span> <span class='ocrx_word' id='word_1_206' title='bbox 1438 3125 1439 3134; x_wconf 70' lang='grc'>,</span> 
     </span>
     <span class='ocr_line' id='line_1_28' title="bbox 290 3155 1439 3252; baseline -0.002 -20"><span class='ocrx_word' id='word_1_207' title='bbox 290 3180 410 3234; x_wconf 80' lang='lat' dir='ltr'><strong>tantam</strong></span> <span class='ocrx_word' id='word_1_208' title='bbox 432 3177 538 3230; x_wconf 85' lang='lat' dir='ltr'><strong>secuta</strong></span> <span class='ocrx_word' id='word_1_209' title='bbox 561 3189 634 3230; x_wconf 81' lang='lat' dir='ltr'><strong>moe</strong></span> <span class='ocrx_word' id='word_1_210' title='bbox 649 3165 757 3250; x_wconf 84' lang='lat' dir='ltr'><strong>faerit</strong></span> <span class='ocrx_word' id='word_1_211' title='bbox 779 3164 934 3228; x_wconf 83' lang='lat' dir='ltr'><strong>desolatio</strong></span> <span class='ocrx_word' id='word_1_212' title='bbox 959 3163 1077 3250; x_wconf 85' lang='lat' dir='ltr'><strong>templi,</strong></span> <span class='ocrx_word' id='word_1_213' title='bbox 1101 3165 1318 3252; x_wconf 77' lang='lat' dir='ltr'><strong>intellipatqae</strong></span> <span class='ocrx_word' id='word_1_214' title='bbox 1333 3159 1389 3227; x_wconf 83' lang='lat' dir='ltr'><strong>mli·</strong></span> <span class='ocrx_word' id='word_1_215' title='bbox 1438 3155 1439 3230; x_wconf 72' lang='lat' dir='ltr'>J</span> 
     </span>
     <span class='ocr_line' id='line_1_29' title="bbox 289 3247 1439 3349; baseline -0.002 -21"><span class='ocrx_word' id='word_1_216' title='bbox 289 3265 432 3330; x_wconf 78' lang='lat' dir='ltr'><strong>‹lioribus</strong></span> <span class='ocrx_word' id='word_1_217' title='bbox 466 3263 522 3328; x_wconf 85' lang='lat' dir='ltr'><strong>illo</strong></span> <span class='ocrx_word' id='word_1_218' title='bbox 557 3265 619 3328; x_wconf 89' lang='lat' dir='ltr'><strong>niti</strong></span> <span class='ocrx_word' id='word_1_219' title='bbox 652 3265 706 3326; x_wconf 80' lang='lat' dir='ltr'><strong>loc</strong></span> <span class='ocrx_word' id='word_1_220' title='bbox 733 3261 973 3349; x_wconf 83' lang='lat' dir='ltr'><strong>fundamentis,</strong></span> <span class='ocrx_word' id='word_1_221' title='bbox 1008 3283 1117 3348; x_wconf 88' lang='lat' dir='ltr'><strong>nempe</strong></span> <span class='ocrx_word' id='word_1_222' title='bbox 1146 3259 1391 3348; x_wconf 77' lang='lat' dir='ltr'><strong>promissionibus</strong></span> <span class='ocrx_word' id='word_1_223' title='bbox 1438 3247 1439 3326; x_wconf 38' lang='grc' dir='ltr'><strong><em>Ῐ</em></strong></span> 
     </span>
     <span class='ocr_line' id='line_1_30' title="bbox 294 3358 1390 3447; baseline -0.012 -17"><span class='ocrx_word' id='word_1_224' title='bbox 294 3363 413 3430; x_wconf 77' lang='lat' dir='ltr'><strong>Christi</strong></span> <span class='ocrx_word' id='word_1_225' title='bbox 425 3361 624 3447; x_wconf 78' lang='lat' dir='ltr'><strong>firmioribus</strong></span> <span class='ocrx_word' id='word_1_226' title='bbox 647 3371 733 3425; x_wconf 88' lang='lat' dir='ltr'><strong>terra</strong></span> <span class='ocrx_word' id='word_1_227' title='bbox 756 3358 908 3446; x_wconf 80' lang='lat' dir='ltr'><strong>coeloque,</strong></span> <span class='ocrx_word' id='word_1_228' title='bbox 932 3369 966 3423; x_wconf 84' lang='lat' dir='ltr'><strong>ot</strong></span> <span class='ocrx_word' id='word_1_229' title='bbox 989 3360 1055 3446; x_wconf 89' lang='lat' dir='ltr'><strong>ipse</strong></span> <span class='ocrx_word' id='word_1_230' title='bbox 1074 3369 1204 3424; x_wconf 82' lang='lat' dir='ltr'><strong>testatas</strong></span> <span class='ocrx_word' id='word_1_231' title='bbox 1221 3372 1269 3424; x_wconf 83' lang='lat' dir='ltr'><strong>est</strong></span> <span class='ocrx_word' id='word_1_232' title='bbox 1284 3359 1390 3423; x_wconf 84' lang='lat' dir='ltr'><strong>dicens:</strong></span> 
     </span>
     <span class='ocr_line' id='line_1_31' title="bbox 294 3453 1388 3543; baseline -0.009 -17"><span class='ocrx_word' id='word_1_233' title='bbox 294 3459 418 3526; x_wconf 81' lang='lat' dir='ltr'><strong>Caelum</strong></span> <span class='ocrx_word' id='word_1_234' title='bbox 441 3471 470 3525; x_wconf 87' lang='lat' dir='ltr'><strong>et</strong></span> <span class='ocrx_word' id='word_1_235' title='bbox 495 3473 581 3524; x_wconf 84' lang='lat' dir='ltr'><strong>terra</strong></span> <span class='ocrx_word' id='word_1_236' title='bbox 605 3453 801 3538; x_wconf 85' lang='lat' dir='ltr'><strong>transibant,</strong></span> <span class='ocrx_word' id='word_1_237' title='bbox 835 3457 930 3522; x_wconf 84' lang='lat' dir='ltr'><strong>verba</strong></span> <span class='ocrx_word' id='word_1_238' title='bbox 954 3468 1057 3521; x_wconf 83' lang='lat' dir='ltr'><strong>autem</strong></span> <span class='ocrx_word' id='word_1_239' title='bbox 1079 3480 1148 3520; x_wconf 87' lang='lat' dir='ltr'><strong>mea</strong></span> <span class='ocrx_word' id='word_1_240' title='bbox 1170 3480 1234 3520; x_wconf 89' lang='lat' dir='ltr'><strong>non</strong></span> <span class='ocrx_word' id='word_1_241' title='bbox 1252 3453 1388 3543; x_wconf 69' lang='lat' dir='ltr'><strong>praem-ri</strong></span> 
     </span>
     <span class='ocr_line' id='line_1_32' title="bbox 291 3554 1439 3646; baseline -0.006 -24"><span class='ocrx_word' id='word_1_242' title='bbox 291 3557 407 3645; x_wconf 55' lang='lat' dir='ltr'><strong>bnntfl)</strong></span> <span class='ocrx_word' id='word_1_243' title='bbox 431 3597 474 3605; x_wconf 92' lang='lat'>—</span> <span class='ocrx_word' id='word_1_244' title='bbox 497 3557 677 3643; x_wconf 82' lang='lat' dir='ltr'><strong>Postquam</strong></span> <span class='ocrx_word' id='word_1_245' title='bbox 701 3555 778 3622; x_wconf 91' lang='lat' dir='ltr'><strong>dein</strong></span> <span class='ocrx_word' id='word_1_246' title='bbox 802 3557 957 3639; x_wconf 84' lang='lat' dir='ltr'><strong>asseruit,</strong></span> <span class='ocrx_word' id='word_1_247' title='bbox 991 3554 1078 3618; x_wconf 83' lang='lat' dir='ltr'><strong>mala</strong></span> <span class='ocrx_word' id='word_1_248' title='bbox 1101 3575 1185 3640; x_wconf 85' lang='lat' dir='ltr'><strong>quae</strong></span> <span class='ocrx_word' id='word_1_249' title='bbox 1209 3563 1289 3618; x_wconf 88' lang='lat' dir='ltr'><strong>tunc</strong></span> <span class='ocrx_word' id='word_1_250' title='bbox 1311 3571 1388 3638; x_wconf 72' lang='lat' dir='ltr'><strong>passa</strong></span> <span class='ocrx_word' id='word_1_251' title='bbox 1438 3615 1439 3646; x_wconf 12' lang='grc' dir='ltr'>ἒ</span> 
     </span>
     <span class='ocr_line' id='line_1_33' title="bbox 291 3651 1387 3742; baseline -0.01 -20"><span class='ocrx_word' id='word_1_252' title='bbox 291 3668 338 3723; x_wconf 87' lang='lat' dir='ltr'><strong>est</strong></span> <span class='ocrx_word' id='word_1_253' title='bbox 361 3656 513 3722; x_wconf 82' lang='lat' dir='ltr'><strong>Ecclesia</strong></span> <span class='ocrx_word' id='word_1_254' title='bbox 546 3655 670 3742; x_wconf 87' lang='lat' dir='ltr'><strong>majora</strong></span> <span class='ocrx_word' id='word_1_255' title='bbox 701 3655 803 3719; x_wconf 88' lang='lat' dir='ltr'><strong>fuisse</strong></span> <span class='ocrx_word' id='word_1_256' title='bbox 827 3657 883 3736; x_wconf 86' lang='lat' dir='ltr'><strong>iis,</strong></span> <span class='ocrx_word' id='word_1_257' title='bbox 918 3675 1003 3739; x_wconf 85' lang='lat' dir='ltr'><strong>quae</strong></span> <span class='ocrx_word' id='word_1_258' title='bbox 1026 3675 1172 3738; x_wconf 88' lang='lat' dir='ltr'><strong>unquam</strong></span> <span class='ocrx_word' id='word_1_259' title='bbox 1197 3651 1239 3716; x_wconf 89' lang='lat' dir='ltr'><strong>ab</strong></span> <span class='ocrx_word' id='word_1_260' title='bbox 1264 3652 1387 3736; x_wconf 78' lang='lat' dir='ltr'><strong>Impera·</strong></span> 
     </span>
     <span class='ocr_line' id='line_1_34' title="bbox 289 3745 1439 3840; baseline -0.011 -19"><span class='ocrx_word' id='word_1_261' title='bbox 289 3755 415 3821; x_wconf 90' lang='lat' dir='ltr'><strong>toribus</strong></span> <span class='ocrx_word' id='word_1_262' title='bbox 447 3753 626 3840; x_wconf 87' lang='lat' dir='ltr'><strong>gentilibus</strong></span> <span class='ocrx_word' id='word_1_263' title='bbox 658 3764 756 3839; x_wconf 84' lang='lat' dir='ltr'><strong>etque</strong></span> <span class='ocrx_word' id='word_1_264' title='bbox 788 3751 830 3816; x_wconf 88' lang='lat' dir='ltr'><strong>ab</strong></span> <span class='ocrx_word' id='word_1_265' title='bbox 860 3751 1035 3815; x_wconf 86' lang='lat' dir='ltr'><strong>haereticis</strong></span> <span class='ocrx_word' id='word_1_266' title='bbox 1066 3761 1098 3813; x_wconf 91' lang='lat' dir='ltr'><strong>et</strong></span> <span class='ocrx_word' id='word_1_267' title='bbox 1128 3749 1339 3814; x_wconf 86' lang='lat' dir='ltr'><strong>schismaticis</strong></span> <span class='ocrx_word' id='word_1_268' title='bbox 1364 3745 1386 3806; x_wconf 78' lang='lat' dir='ltr'><strong>ci</strong></span> <span class='ocrx_word' id='word_1_269' title='bbox 1438 3827 1439 3836; x_wconf 9' lang='grc' dir='ltr'>ἵ</span> 
     </span>
     <span class='ocr_line' id='line_1_35' title="bbox 291 3847 1387 3938; baseline -0.016 -19"><span class='ocrx_word' id='word_1_270' title='bbox 291 3855 381 3919; x_wconf 87' lang='lat' dir='ltr'><strong>illata</strong></span> <span class='ocrx_word' id='word_1_271' title='bbox 405 3863 497 3918; x_wconf 89' lang='lat' dir='ltr'><strong>sunt:</strong></span> <span class='ocrx_word' id='word_1_272' title='bbox 521 3853 566 3916; x_wconf 88' lang='lat' dir='ltr'><strong>At</strong></span> <span class='ocrx_word' id='word_1_273' title='bbox 588 3875 752 3938; x_wconf 73' lang='lat' dir='ltr'><strong>persenam,</strong></span> <span class='ocrx_word' id='word_1_274' title='bbox 777 3851 833 3930; x_wconf 85' lang='lat' dir='ltr'><strong>ait,</strong></span> <span class='ocrx_word' id='word_1_275' title='bbox 858 3852 922 3913; x_wconf 86' lang='lat' dir='ltr'><strong>ista</strong></span> <span class='ocrx_word' id='word_1_276' title='bbox 945 3849 1149 3925; x_wconf 83' lang='lat' dir='ltr'><strong>maledices,</strong></span> <span class='ocrx_word' id='word_1_277' title='bbox 1174 3847 1296 3911; x_wconf 79' lang='lat' dir='ltr'><strong>stende</strong></span> <span class='ocrx_word' id='word_1_278' title='bbox 1310 3853 1387 3908; x_wconf 80' lang='lat' dir='ltr'><strong>tanto</strong></span> 
     </span>
     <span class='ocr_line' id='line_1_36' title="bbox 291 3941 1387 4035; baseline -0.015 -19"><span class='ocrx_word' id='word_1_279' title='bbox 291 3954 428 4016; x_wconf 82' lang='lat' dir='ltr'><strong>omnium</strong></span> <span class='ocrx_word' id='word_1_280' title='bbox 461 3950 662 4016; x_wconf 78' lang='lat' dir='ltr'><strong>acerbissima</strong></span> <span class='ocrx_word' id='word_1_281' title='bbox 696 3959 862 4035; x_wconf 78' lang='lat' dir='ltr'><strong>tempestas</strong></span> <span class='ocrx_word' id='word_1_282' title='bbox 894 3947 1028 4010; x_wconf 74' lang='lat' dir='ltr'><strong>exorta?</strong></span> <span class='ocrx_word' id='word_1_283' title='bbox 1073 3945 1132 4010; x_wconf 81' lang='lat' dir='ltr'><strong>Est</strong></span> <span class='ocrx_word' id='word_1_284' title='bbox 1158 3943 1257 4032; x_wconf 83' lang='lat' dir='ltr'><strong>plane</strong></span> <span class='ocrx_word' id='word_1_285' title='bbox 1288 3953 1318 4006; x_wconf 83' lang='lat' dir='ltr'><strong>ut</strong></span> <span class='ocrx_word' id='word_1_286' title='bbox 1342 3941 1387 4002; x_wconf 62' lang='lat' dir='ltr'><strong>sss·</strong></span> 
     </span>
     <span class='ocr_line' id='line_1_37' title="bbox 292 4035 1385 4136; baseline -0.016 -21"><span class='ocrx_word' id='word_1_287' title='bbox 292 4052 409 4136; x_wconf 80' lang='lat' dir='ltr'><strong>aliquis</strong></span> <span class='ocrx_word' id='word_1_288' title='bbox 432 4049 555 4131; x_wconf 84' lang='lat' dir='ltr'><strong>credat,</strong></span> <span class='ocrx_word' id='word_1_289' title='bbox 586 4051 647 4111; x_wconf 89' lang='lat' dir='ltr'><strong>imo</strong></span> <span class='ocrx_word' id='word_1_290' title='bbox 671 4069 725 4110; x_wconf 77' lang='lat' dir='ltr'><strong>rrae</strong></span> <span class='ocrx_word' id='word_1_291' title='bbox 748 4047 803 4110; x_wconf 82' lang='lat' dir='ltr'><strong>cim</strong></span> <span class='ocrx_word' id='word_1_292' title='bbox 826 4045 951 4130; x_wconf 80' lang='lat' dir='ltr'><strong>quidem</strong></span> <span class='ocrx_word' id='word_1_293' title='bbox 973 4045 1016 4108; x_wconf 91' lang='lat' dir='ltr'><strong>sit</strong></span> <span class='ocrx_word' id='word_1_294' title='bbox 1038 4043 1226 4120; x_wconf 80' lang='lat' dir='ltr'><strong>credituras,</strong></span> <span class='ocrx_word' id='word_1_295' title='bbox 1256 4041 1312 4104; x_wconf 65' lang='lat' dir='ltr'><strong>arisi</strong></span> <span class='ocrx_word' id='word_1_296' title='bbox 1330 4035 1385 4098; x_wconf 69' lang='lat' dir='ltr'><strong>suis</strong></span> 
     </span>
    </p>
   </div>
   <div class='ocr_carea' id='block_1_3' title="bbox 367 4259 913 4334">
    <p class='ocr_par' dir='ltr' id='par_1_4' title="bbox 367 4259 913 4334">
     <span class='ocr_line' id='line_1_38' title="bbox 367 4259 913 4334; baseline -0.004 -18"><span class='ocrx_word' id='word_1_297' title='bbox 367 4263 387 4334; x_wconf 87' lang='lat'><strong>¹)</strong></span> <span class='ocrx_word' id='word_1_298' title='bbox 406 4261 516 4316; x_wconf 87' lang='lat' dir='ltr'><strong>Ibidem.</strong></span> <span class='ocrx_word' id='word_1_299' title='bbox 626 4259 647 4330; x_wconf 73' lang='lat'><strong>²)</strong></span> <span class='ocrx_word' id='word_1_300' title='bbox 667 4259 708 4313; x_wconf 77' lang='lat' dir='ltr'><strong>Ad</strong></span> <span class='ocrx_word' id='word_1_301' title='bbox 727 4276 751 4315; x_wconf 88' lang='lat' dir='ltr'><strong>a.</strong></span> <span class='ocrx_word' id='word_1_302' title='bbox 770 4260 823 4312; x_wconf 81' lang='lat'><strong>900</strong></span> <span class='ocrx_word' id='word_1_303' title='bbox 843 4275 867 4312; x_wconf 88' lang='lat' dir='ltr'><strong>n.</strong></span> <span class='ocrx_word' id='word_1_304' title='bbox 890 4260 913 4314; x_wconf 93' lang='lat' dir='ltr'><strong>l.</strong></span> 
     </span>
    </p>
   </div>
   <div class='ocr_carea' id='block_1_4' title="bbox 0 0 1466 4834">
    <p class='ocr_par' dir='ltr' id='par_1_5' title="bbox 0 0 1466 4834">
     <span class='ocr_line' id='line_1_39' title="bbox 0 0 1466 4834; baseline 0 0"><span class='ocrx_word' id='word_1_305' title='bbox 0 0 1466 4834; x_wconf 95' lang='lat' dir='ltr'><strong> </strong></span> 
     </span>
    </p>
   </div>
  </div>
 </body>
</html>
