2904 4834
329 466 478 524 Concilium
496 467 694 524 assumentem
711 474 844 526 octavum.
1094 474 1147 528 407

124 613 174 676 98.
206 611 332 676 Vinarii
363 611 625 698 patriarcharum
655 611 864 678 orientalium
901 615 1045 680 redonas
1075 614 1148 680 illas

46 709 157 774 diluere
179 709 315 796 quidem
339 731 405 774 non
428 719 589 795 poterant,
614 709 672 774 sed
688 709 908 776 Orientalium
927 713 1047 786 animis
1070 714 1148 778 insi·

46 807 156 872 debant
178 806 464 892 Caesaropapiami
494 807 659 891 principia
689 806 730 871 de
761 807 984 893 dependentia
1014 809 1149 874 ditionis

44 905 274 970 ecclesiasticae
297 928 317 968 a
340 905 466 970 ditione
489 903 637 989 politica,
667 905 765 970 simul
789 928 866 970 vero
891 904 1035 972 OPtanis
1059 906 1149 970 obse·

44 1005 146 1088 quium
167 1011 337 1088 praestare
360 1001 526 1067 volebant.
573 1000 659 1066 Cum
674 1002 809 1087 Bulgari
833 1003 1004 1086 dixissent,
1029 1005 1064 1068 in
1087 1006 1149 1070 isto

46 1121 132 1184 regno
161 1100 265 1166 fuisse
294 1121 430 1184 graecos
458 1098 682 1185 presbyteros,
715 1101 847 1186 quando
871 1100 1007 1185 Bulgari
1037 1101 1072 1166 id
1096 1124 1150 1166 ex·

45 1207 238 1310 pugnarunt,
264 1198 337 1283 jam
367 1196 446 1262 inde
469 1198 586 1262 vicarii
616 1197 791 1264 orientales
821 1197 1046 1280 deduxerunt,
1080 1221 1150 1285 prc-

46 1297 178 1360 vinciam
211 1298 409 1382 pertinuisse
441 1295 485 1360 ad
517 1295 776 1380 patriarchatum
810 1294 991 1362 OPtsnum.
1038 1296 1150 1377 Quum

46 1415 112 1457 vero
133 1393 234 1478 legati
252 1392 425 1458 Pontificis
447 1392 511 1458 hoe
535 1403 765 1478 argumentum
788 1393 997 1474 refutassent,
1019 1417 1152 1481 respon·
1167 1399 1319 1506 0⁸⁸AE

46 1490 167 1604 derunt.
191 1493 330 1556 Etiamsi
346 1513 528 1575 praecerum
542 1491 796 1578 presbyterorum
812 1479 1043 1557 ordinationum
1055 1495 1153 1558 cesti

38 1589 236 1675 praefinisse
259 1589 414 1668 aaran,
437 1589 529 1654 iliam
552 1600 656 1654 tamen
672 1590 818 1676 patriam
845 1589 1036 1654 Graeccmnn
1057 1614 1152 1677 repnc

44 1689 220 1770 pertinuisse
244 1709 403 1772 nusquam
425 1709 539 1773 nepme
556 1689 742 1773 poteritis..
761 1737 768 1753 .
787 1736 794 1752 .
819 1687 909 1753 Satis
929 1688 1076 1754 indecens
1097 1700 1152 1768 cst,

45 1794 75 1846 ut
93 1807 142 1848 cos
164 1787 220 1870 qui
234 1785 426 1850 Graecorum
448 1786 614 1870 imperium
637 1785 847 1850 detractantes
870 1787 1066 1850 araneam
1080 1787 1153 1872 foe·

45 1881 370 1963 camminensem,
403 1884 438 1946 ia
459 1905 553 1968 repnc
577 1884 679 1946 nostri
695 1883 858 1970 principis
881 1884 1056 1950 ordinandi
1073 1889 1154 1972 jura

46 1981 170 2044 enm.
221 1977 423 2066 Quapropter
447 1979 655 2066 Buiparcrum
681 1982 841 2067 patriam,
874 2004 967 2067 quam
989 2004 1029 2046 ecc
1056 1980 1154 2046 Grae-

45 2097 139 2140 eomm
156 2088 315 2163 potestate
338 2077 457 2142 dadano
471 2077 579 2163 finisse
607 2089 637 2142 et
659 2101 787 2165 praeces
810 2079 988 2144 sacerdotes
1011 2079 1154 2145 tabuisse

45 2175 255 2259 conperimus,
279 2185 408 2239 sanatae
432 2174 579 2240 ecelesiae
607 2175 768 2255 CPlanae,
797 2200 818 2240 a
841 2200 903 2262 pua
921 2199 983 2263 per
1001 2181 1155 2264 peponis-

50 2293 120 2334 mum
132 2283 313 2351 recesserat,
336 2297 420 2336 nunc
433 2297 496 2359 per
511 2273 776 2338 christianismum
790 2275 915 2338 restitui
930 2275 1122 2363 judicamus.
1130 2275 1155 2356 ¹)

48 2365 154 2450 Legati
169 2369 341 2434 Pontificis
365 2391 440 2434 eum
464 2372 578 2455 vigore
602 2382 828 2456 reposuerunt,
852 2373 1049 2436 sententiam
1068 2371 1185 2437 hanc·

51 2473 150 2549 utpote
173 2466 335 2552 prolatam
358 2464 401 2531 ab
426 2469 467 2532 iis
492 2470 548 2553 qui
573 2467 699 2532 nullum
719 2468 775 2553 jus
798 2470 996 2534 sententiam
1021 2468 1154 2534 dicendi

50 2559 217 2644 haberent,
257 2585 292 2628 se
327 2566 458 2649 penitus
492 2565 678 2630 rescindere
713 2587 817 2652 usque
852 2566 895 2631 ad
930 2566 1155 2632 definitionem

51 2657 203 2726 Hadriani
217 2661 399 2728 Pontificis.
438 2663 527 2728 Dein
548 2663 708 2746 gravibus
723 2663 834 2728 verbis
849 2673 1047 2730 monuerunt
1061 2665 1156 2748 Igna-

49 2758 123 2821 tinm
152 2781 193 2823 ne
217 2781 251 2824 se
275 2762 428 2824 misceret
449 2759 611 2844 gubernio
635 2761 794 2826 ecclesiae
817 2761 1029 2846 Bulgaricae,
1061 2763 1157 2848 eique

50 2856 247 2920 tradiderunt
274 2857 445 2942 epistelam
469 2858 651 2940 Hadriani,
685 2881 784 2944 quam
814 2859 855 2923 de
885 2861 1015 2942 negotio
1039 2858 1158 2943 Balga-

51 2973 149 3018 rornm
179 2954 386 3040 patriarchae
414 2955 702 3021 transmittendam
725 2957 829 3022 Roma
857 2957 1044 3022 attulerant.
1091 2955 1157 3020 Sed

50 3047 205 3134 ligonius,
230 3055 286 3138 qui
311 3054 345 3118 in
369 3055 441 3138 ipsa
465 3055 656 3140 quaestione
678 3054 837 3138 agitanda
859 3054 1027 3120 silentium
1050 3075 1159 3118 serva·

52 3159 143 3230 serat,
166 3161 254 3216 certe
273 3161 384 3216 tamen
407 3173 492 3238 qnae
511 3151 643 3236 agenda
665 3162 759 3216 erant
777 3163 924 3230 noverat,
948 3151 1020 3216 licet
1033 3175 1158 3238 maam-

46 3267 115 3328 pere
128 3251 264 3314 mondus
288 3248 458 3334 epistolam
473 3249 581 3334 legere
600 3248 736 3331 distulit,
762 3272 802 3313 ac
816 3248 898 3314 hacc
913 3259 1041 3314 tantum
1056 3249 1159 3313 verba

53 3345 225 3430 respondit:
258 3347 351 3411 Absit
374 3371 394 3410 a
416 3369 480 3424 mc,
512 3357 548 3410 ut
570 3369 624 3433 epe
647 3349 695 3412 aa
713 3346 1026 3434 praesumptionibus
1050 3357 1160 3412 contra

52 3441 180 3508 &wem
202 3455 330 3510 sauctae
347 3443 438 3510 Scau
461 3443 654 3531 apostolicae
676 3445 827 3532 implicer,
852 3447 907 3530 pai
927 3465 983 3508 nec
1006 3447 1054 3509 ita
1070 3449 1160 3534 juce·

52 3539 150 3604 uiliter
172 3566 247 3630 apo,
280 3552 315 3606 at
336 3544 412 3607 nint
433 3543 557 3629 subripi
579 3543 701 3622 caleat,
733 3565 789 3608 nec
811 3545 860 3606 ita
882 3541 1024 3607 seniliter
1047 3540 1160 3620 deliro,

54 3647 83 3698 ut
103 3639 237 3723 praedia
261 3639 338 3704 eliis
359 3641 582 3726 reprehendere
605 3641 710 3719 dedeo,
733 3642 801 3727 ipse
824 3639 1053 3721 committam²)

132 3737 183 3802 99.
207 3737 282 3802 Hae
304 3740 431 3803 radone
455 3739 558 3824 igitur
579 3738 752 3804 collocutio
769 3740 832 3803 ista
852 3737 946 3802 finita
961 3747 1019 3819 est,
1044 3739 1161 3821 inqua
1208 3763 1211 3771 ·

56 3829 227 3900 Orientales
250 3857 344 3901 suam
368 3837 410 3901 de
433 3835 627 3923 pentarchia
647 3837 808 3901 theoriam
832 3837 866 3900 in
883 3836 1051 3900 Romanae
1066 3832 1163 3898 Sedis

58 3929 198 4014 injuriam
231 3937 376 4018 practice
405 3933 624 4020 applicarunt.
670 3934 748 4000 Post
779 3933 963 4018 legatorum
995 3954 1074 3997 vero
1099 3931 1164 3996 dis·

121 4155 140 4225 ¹)
156 4155 188 4210 In
213 4156 277 4209 Vita
296 4155 449 4218 Hadriani.
470 4172 508 4212 cc.
528 4156 572 4212 LI.
591 4155 662 4211 LVI.

120 4233 141 4306 ²)
156 4236 265 4300 Ibidem,
284 4251 321 4290 sc.
340 4234 424 4292 LVII.
442 4234 545 4292 LVIII.
