2904 4834
326 511 475 566 Concilium
493 511 691 566 oecumenicum
709 515 841 564 octavum.
1091 505 1144 560 387

47 657 245 736 detineretur,
280 655 427 740 synodus
461 656 523 718 ista
559 655 691 718 nonnisi
727 673 839 718 mense
874 651 976 717 Junio
1012 671 1042 714 a.
1079 648 1143 712 869

48 753 139 818 habits
161 755 250 834 est.¹)
348 815 352 824 ,

119 851 166 916 ts.
189 849 229 914 In
260 849 323 914 hac
354 847 480 933 synodo
510 851 612 936 igitur
640 850 680 915 de
705 871 805 914 causa
828 846 949 932 Ignatii
979 855 1013 908 et
1034 844 1143 910 Photii
1184 847 1285 951 affl:

45 964 136 1013 ectum
158 957 191 1012 et
213 955 372 1012 statutum
397 957 454 1012 est.
495 948 588 1013 Inter
610 948 675 1012 alia
698 957 764 1012 tres
786 944 890 1009 lectae
913 941 1056 1008 suntad
1079 943 1143 1027 epi·
1238 963 1241 974 ¹

45 1069 142 1133 scopos
163 1044 405 1128 Allocutiones,
430 1067 570 1132 quarum
594 1045 710 1110 ultima
734 1043 934 1130 principium
958 1040 1144 1125 exponitur,

48 1145 209 1208 Romanum
232 1141 428 1207 Pontificem
459 1144 608 1207 omnium
641 1145 870 1228 episcoporum
889 1138 1039 1224 judicem
1063 1157 1144 1216 esse,

44 1242 91 1305 sed
116 1264 133 1304 e
160 1242 293 1306 nemine
317 1239 463 1326 judicari
495 1262 600 1326 posse.
646 1239 686 1304 In
718 1239 835 1304 eedem
863 1237 904 1300 de
933 1235 1145 1300 damnatione

47 1341 164 1403 Honorii
182 1340 292 1402 minus
306 1347 459 1401 accurate
476 1337 655 1420 disseritur,
672 1335 953 1424 quemadmodum
968 1336 1002 1398 in
1019 1334 1146 1398 Disser-

47 1440 151 1501 tatione
182 1437 232 1500 De
265 1458 363 1500 causa
390 1436 531 1500 Honorii
558 1439 598 1502 a.
630 1437 666 1502 P.
698 1461 731 1501 u.
763 1437 808 1500 83
838 1431 1145 1498 animadvertimus.

48 1535 118 1598 llsin
139 1533 180 1598 ab
204 1533 376 1598 Hadriano
400 1535 563 1599 sententia
587 1533 738 1599 luteast.
780 1531 890 1596 Photii
914 1541 1028 1596 conus
1050 1530 1145 1616 Igna·

46 1635 113 1696 tium
142 1643 174 1696 et
206 1631 239 1696 S.
273 1629 393 1695 Sedem
426 1634 520 1696 varia
553 1630 790 1714 conciliabula,
825 1639 916 1712 acta,
950 1631 1082 1696 decreta
1114 1640 1146 1693 et

47 1732 149 1815 scripta
172 1728 330 1793 damnata
345 1739 430 1793 sunt.
478 1728 617 1794 Photius
633 1733 703 1815 ipse
718 1751 830 1793 rursus
850 1727 1146 1794 anathematizatus

46 1839 94 1910 cst,
115 1831 158 1892 ita
181 1836 292 1891 tamen
316 1836 353 1890 ut
378 1829 404 1891 si
421 1827 550 1891 Nicolai
574 1827 591 1892 I
614 1837 647 1892 et
667 1827 831 1891 Hadriani
854 1825 889 1890 II
913 1825 1052 1889 decretis
1073 1824 1146 1889 obe-

45 1925 187 1990 dientiam
212 1923 406 2012 sponderet,
440 1927 628 1990 communio
652 1925 737 1991 laica
766 1926 795 1988 ei
827 1922 1071 1987 concederetur.
1117 1923 1145 1986 li

45 2026 92 2107 qui
118 2025 199 2087 actis
222 2021 467 2108 pseudosynodi
491 2022 602 2087 Photii
635 2033 748 2087 eontra
771 2019 946 2085 Nicolaum
976 2042 1147 2085 consense-

46 2131 107 2184 rant
128 2132 159 2184 et
182 2118 455 2206 subscripserant,
479 2122 506 2184 si
530 2129 605 2185 ecta
627 2120 683 2184 illa
707 2120 850 2184 flammis
865 2118 1074 2196 tradiderint,
1093 2116 1147 2181 de·

45 2220 127 2281 cretis
141 2216 270 2282 Nicolai
288 2238 411 2282 morem
426 2221 587 2304 gesserint
603 2228 635 2283 et
648 2217 808 2282 redierint
823 2217 867 2281 ad
882 2218 1147 2281 communionem

45 2314 150 2398 Ignatii
185 2315 408 2401 patriarchae,
447 2317 481 2380 in
514 2318 780 2380 communionem
810 2313 979 2379 Ecclesiae
1013 2315 1147 2400 recepti,

44 2414 86 2476 sin
107 2415 213 2478 minus
237 2435 276 2478 ea
299 2413 428 2498 indigni
453 2412 610 2478 declarati
635 2423 721 2477 sunt.
768 2411 892 2478 Omnes
916 2414 973 2498 qui
997 2412 1148 2477 eoncilia·

48 2509 102 2574 buli
132 2511 285 2576 Photiani
319 2521 393 2575 aeta
426 2510 661 2576 absconderint
692 2510 746 2574 vel
779 2510 988 2575 defenderint
1019 2520 1051 2574 et
1083 2532 1149 2575 non

45 2610 139 2693 potius
162 2611 230 2694 igni
257 2609 470 2691 devoverint,
501 2611 528 2673 si
553 2610 619 2674 sint
642 2607 752 2672 cleriei
778 2629 795 2670 e
818 2608 924 2694 gradu
947 2631 1005 2674 suo
1030 2609 1148 2694 dejecti

43 2721 118 2780 stent,
142 2709 167 2770 si
193 2707 269 2770 laici
292 2705 496 2770 anathemati
521 2705 704 2793 subjecti.²)
748 2704 917 2770 Postremo
948 2727 1062 2770 ornnes
1093 2709 1149 2793 qui

45 2805 71 2868 in
93 2805 215 2890 synodo
249 2804 403 2884 ederant,
438 2826 479 2868 ex
510 2804 649 2868 ecclesia
673 2803 707 2870 S.
730 2803 819 2868 Petri
844 2806 963 2889 egressi
993 2814 1085 2881 sunt,
1119 2816 1151 2868 et

45 2903 71 2965 in
86 2901 240 2986 gradibus
264 2902 376 2988 templi
400 2903 505 2967 codex
522 2903 576 2967 ille
600 2904 656 2990 qui
674 2912 749 2966 acta
770 2899 980 2966 conciliabuli
996 2901 1150 2965 Photiani

43 3001 236 3080 continebat,
261 3021 370 3064 coram
395 3001 549 3066 omnibus
573 3001 642 3085 igni
666 3001 806 3065 traditus
829 3011 887 3066 est.
937 2997 1034 3074 Quem
1060 3001 1151 3064 aimi-

42 3119 114 3177 rum,
147 3101 195 3163 sit
217 3107 332 3162 auctor
355 3099 453 3162 Vitae
478 3098 656 3179 Hadriani,
688 3121 782 3184 ropus
804 3109 839 3162 ut
853 3097 1033 3183 fomentum
1054 3097 1149 3182 qood-

42 3191 105 3258 dom
132 3199 215 3282 ipsis
246 3197 384 3282 excepit,
418 3207 448 3258 et
464 3219 568 3282 paene
593 3207 760 3281 antequam
782 3199 960 3260 semicoctum
988 3197 1074 3259 credi
1090 3217 1149 3281 po-

43 3293 149 3373 inisset,
173 3317 242 3357 mm
262 3316 374 3378 mopso
389 3293 514 3380 foetere
533 3294 676 3380 picisque
691 3294 785 3358 odore
809 3296 1009 3379 consumpsit,
1030 3304 1061 3357 et
1083 3316 1151 3357 cum.

33 3389 112 3472 sorte
127 3393 224 3478 socru
239 3391 448 3456 denunciatione
457 3391 589 3478 pluviae
603 3389 796 3456 naturaliter
812 3391 966 3458 debuisset
982 3393 1150 3478 exstingui,

42 3489 77 3550 od
100 3487 246 3576 pluviam
275 3491 367 3574 quasi
396 3489 441 3553 ud
469 3500 575 3576 pultes
605 3487 668 3552 olei
687 3490 821 3576 flammo
851 3489 1024 3570 conualuit,
1058 3501 1088 3554 et
1116 3491 1151 3553 iu

41 3581 143 3652 laudes
165 3590 230 3652 Dei
252 3588 501 3674 sanctissimique
525 3589 635 3673 Papae
653 3585 794 3667 Nicoloi,
818 3587 968 3672 ametque
985 3587 1153 3652 Hadriani

109 3799 128 3856 ¹'t
147 3797 300 3853 Communis
319 3797 376 3852 fere
395 3798 499 3866 opinio,
519 3814 598 3865 quam
616 3798 757 3864 Beronius,
777 3798 848 3868 Pagi
866 3805 987 3866 uterque,
1009 3799 1151 3863 Schrdclrk,

40 3871 132 3944 Jsgcr,
150 3885 307 3946 sequuntur,
328 3893 360 3932 ss
375 3885 441 3942 erat,
461 3878 527 3932 illud
546 3878 686 3933 concilium
702 3879 760 3946 jem
778 3894 848 3933 anuo
860 3877 913 3934 868
925 3878 1048 3934 habitum
1060 3880 1151 3935 fouisse.

42 3955 87 4008 Sed
105 3957 175 4013 June
192 3959 222 4014 in
241 3958 368 4028 Regestie
388 3959 446 4014 RB.
464 3959 625 4014 Pontificum
644 3958 770 4022 ostendit,
790 3975 859 4014 enno
877 3959 930 4013 869
948 3960 1077 4026 synodum
1095 3975 1153 4014 esse

42 4034 249 4104 edmribendsm,
274 4053 343 4105 quse
360 4040 498 4093 sententie
517 4045 593 4092 certe
615 4040 672 4108 jem
690 4055 707 4092 a
725 4039 893 4108 gravissimis
917 4040 1085 4104 auctoribus,
1109 4040 1152 4093 uti

41 4121 101 4167 sunt
119 4117 211 4173 Heiele
230 4125 259 4173 et
276 4117 497 4188 Hergenrttlner‚
516 4119 647 4188 adoptata
666 4126 694 4174 et
712 4119 851 4174 vindicata
870 4125 919 4173 est
957 4120 1010 4173 Otr.
1031 4121 1154 4189 Hergcn·

44 4194 142 4259 roches,
160 4197 278 4264 Photius,
297 4199 329 4254 B.
348 4198 386 4253 Π.
405 4214 432 4267 p.
451 4201 493 4253 aa.

111 4279 132 4345 ²)
149 4277 180 4333 V.
198 4277 277 4333 Oonc.
296 4293 396 4334 cecum.
415 4279 493 4337 VIII.
513 4279 573 4333 Act.
593 4277 657 4335 VII.
685 4277 776 4334 Lebbe
795 4279 871 4333 l'lII.
894 4280 961 4331 1087
980 4295 1035 4345 sqq.

996 4369 1047 4420 25*

1231 1119 1236 1150 l
