2952 4832
286 501 323 555 De
341 499 593 555 Pracdeeessoribus
612 500 636 555 S.
657 501 783 570 Gregorii
803 501 862 555 VIL
1098 503 1151 557 255

120 645 173 710 45.
220 644 261 709 In
285 643 466 709 Germania
496 643 653 708 videlicet
679 645 740 709 sub
765 645 910 710 Henrieo
933 646 983 710 IV
1017 648 1149 710 interim
1162 649 1239 730 Μ
1253 661 1327 694 ¹¹¹¹·

44 765 87 806 res
109 741 224 807 civiles
246 753 279 805 et
294 741 534 807 ecclesiastieae
559 745 593 806 in
608 753 728 806 tetrum
744 753 865 807 statum
882 743 1047 808 adductae
1064 756 1151 813 sunt.
1162 731 1186 762 ¹⁵
1204 720 1323 763 ΘΜ*

43 839 232 925 Reliquam,
262 841 309 903 uti
334 839 490 920 vidimus,
521 839 687 903 Henricus
711 839 762 904 111
786 841 929 905 moriens
952 863 1039 905 anno
1066 841 1153 906 1056

44 939 279 1024 quinquennem
304 935 410 1000 filium
434 959 530 1000 suum
555 937 616 1000 sub
641 936 745 1002 tutela
758 937 897 1021 Agnetis
921 941 1046 1004 matris.
1074 939 1154 1003 Post

42 1057 155 1120 paucos
178 1056 284 1100 annos
307 1037 348 1116 (a.
375 1033 475 1120 1062)
499 1036 667 1120 principes
694 1046 727 1098 et
750 1035 917 1120 praesules
941 1035 1151 1126 Germaniae,

41 1155 127 1215 aegre
160 1135 304 1198 ferentes
328 1131 489 1195 muliebre
512 1134 688 1218 imperium
713 1143 745 1196 et
767 1135 990 1218 arrogantiam
1013 1133 1152 1198 Henrici

40 1232 178 1316 episcopi
204 1230 375 1314 Augustae
399 1229 661 1311 vindelicorum,
694 1233 750 1316 qui
773 1231 980 1316 imperatrici
1003 1255 1024 1295 a
1048 1234 1151 1296 consi·

40 1327 86 1392 liis
101 1339 172 1393 erat
187 1337 229 1410 et,
253 1327 336 1392 falso
353 1328 500 1413 quidem,
524 1329 647 1392 nimiae
664 1331 828 1414 cumipse
847 1329 1081 1394 familiaritatis
1104 1355 1152 1396 ar-

40 1427 205 1509 guebatur,
235 1435 345 1491 amota
369 1426 499 1510 Agnete
527 1428 614 1509 regis
645 1429 886 1492 institutionem
918 1439 950 1492 et
979 1430 1071 1514 regni
1096 1430 1152 1493 ad-

39 1526 306 1588 ministrationem
331 1524 606 1590 commendarunt
628 1527 806 1609 praecipue
838 1549 863 1590 s.
887 1525 1022 1591 Annoni
1047 1529 1152 1594 archi·

39 1623 188 1708 episeopo
205 1621 406 1687 Coloniensi.
452 1621 567 1707 Agnes
590 1621 790 1707 Imperatrix
813 1644 922 1686 rerum
947 1633 1151 1691 terrenarum

38 1731 183 1803 pertaesa
206 1721 242 1784 in
265 1721 501 1784 monasterium
525 1722 670 1804 primum
688 1721 929 1793 Fructuarense
953 1725 988 1786 in
1001 1724 1151 1808 Burgun-

38 1815 95 1898 dio,
118 1840 163 1882 ac
187 1817 265 1882 dein
288 1839 375 1881 anno
400 1818 486 1883 1064
509 1818 648 1882 Romam
674 1839 708 1881 se
722 1820 856 1903 recepit,
881 1817 938 1882 ubi
964 1820 1025 1885 sub
1050 1822 1152 1887 direc-

38 1916 118 1978 tione
143 1937 170 1979 ε.
196 1914 284 1978 Petri
309 1916 466 1980 Damiani
491 1917 674 2001 piissimam
699 1915 796 1979 duxit
819 1918 932 1982 vitam.
962 1916 1029 1982 Sed
1051 1922 1152 1985 Anno

35 2035 183 2077 recusare
217 2011 306 2076 haud
336 2015 457 2098 potuit,
497 2025 533 2076 ut
563 2015 597 2078 in
629 2015 768 2100 imperio
799 2013 1016 2098 gnbemando
1052 2029 1154 2104 atque

35 2112 126 2175 etiam
154 2113 189 2175 in
214 2110 410 2175 educatione
433 2111 571 2174 Henrici
597 2133 666 2174 sese
696 2113 727 2175 ei
749 2111 947 2197 adjungeret
968 2119 1152 2199 potentissi-

37 2229 103 2272 mus
126 2208 400 2294 archiepiscopus
415 2210 604 2274 Bremensis
619 2208 830 2291 Adalbertus‚
854 2213 907 2274 vir
923 2214 978 2296 qui
1004 2215 1038 2276 in
1054 2214 1154 2280 rebus

37 2305 259 2371 saecularibus
284 2307 417 2393 quidem
442 2309 591 2392 apprime
616 2319 764 2372 versatus
787 2319 865 2390 erat,
890 2310 948 2373 sed
971 2313 1093 2376 nimiae
1117 2316 1152 2378 in

33 2425 139 2484 regem
168 2427 307 2488 puerum
331 2404 568 2487 indulgentiae.
618 2407 773 2470 Edeecats'o
796 2409 893 2491 repis,
918 2408 1033 2472 scribit
1055 2411 1151 2475 Lam·

31 2501 138 2566 bertus
165 2503 412 2568 Hersfeldensis
442 2503 484 2567 ad
519 2525 548 2567 a.
576 2503 671 2582 1063,
708 2515 799 2590 atque
822 2506 982 2569 ordinatio
1015 2511 1153 2572 omnium

28 2623 129 2664 rernm
157 2602 362 2688 publicarum
386 2624 488 2688 penes
520 2604 682 2689 episcopos
715 2613 793 2680 erat,
828 2603 1038 2690 eminebatque
1069 2609 1155 2670 inter

31 2719 77 2760 eos
108 2700 295 2783 Mopuntini
325 2711 354 2763 et
387 2699 583 2766 Coloniensis
621 2701 925 2787 archiepiscoporum
966 2705 1152 2770 auctoritas.

29 2797 54 2858 Α
78 2798 195 2882 quibus
218 2821 310 2882 mum
332 2798 366 2861 in
384 2810 512 2884 partem
536 2799 662 2862 consilii
684 2798 877 2862 Adaibertus
899 2801 1077 2864 &emensis
1101 2827 1151 2866 ar·

29 2893 245 2981 clispiaeopus
259 2907 438 2982 assumptus
449 2897 580 2982 suisset,
605 2907 668 2960 tum
678 2906 814 2982 propter
828 2896 1004 2962 claritatem
1017 2903 1153 2983 panerio,

28 3003 87 3055 tum
116 3004 254 3080 prepter
286 2996 401 3058 aetatis
433 3005 526 3080 atque
568 2996 855 3081 archiepiscopatus
881 2998 1151 3082 praeropativam,

27 3090 77 3155 iile
102 3093 237 3177 saepius
261 3089 473 3176 colloquendo,
500 3093 693 3178 obsequendo
718 3095 812 3156 etiam
829 3105 920 3178 atque
945 3098 1150 3169 assentando,

26 3192 70 3253 ita
95 3190 165 3254 sibi
194 3211 295 3272 nepem
328 3190 413 3252 breoi
443 3191 642 3267 detinuerat,
674 3202 708 3253 nt
733 3193 864 3254 caeteris
886 3193 1042 3277 episcopis
1062 3207 1149 3278 post·

23 3290 153 3368 habitis,
180 3297 263 3350 toties
286 3289 320 3350 in
343 3311 410 3350 eam
435 3289 652 3364 inclinaretur,
678 3299 707 3350 et
730 3289 798 3373 ipse
821 3289 856 3351 in
878 3313 972 3375 repno
996 3295 1155 3354 communi

20 3412 124 3471 paene
152 3387 364 3449 monarchiam
388 3407 542 3470 usurpare
566 3385 733 3449 uideretur.
782 3384 944 3450 Secundae
972 3399 1049 3473 post
1082 3413 1152 3451 eum

17 3497 136 3572 partes
160 3483 286 3568 repebat
318 3485 481 3547 Werenlser
513 3505 623 3562 comes,
651 3485 780 3571 jrovenio
813 3494 876 3546 tam
908 3485 1031 3568 impertio
1057 3509 1150 3570 quam

24 3596 130 3648 aetate
154 3583 263 3669 seron.
311 3583 359 3645 Hi
391 3582 453 3646 duo
477 3604 541 3667 pro
572 3603 642 3665 repe
664 3580 905 3666 imperitabant,
934 3582 974 3646 ab
996 3584 1045 3646 bis
1068 3585 1151 3668 epis·

22 3695 162 3769 capatus
185 3693 214 3744 et
238 3679 404 3756 abbatiae,
429 3679 468 3742 ab
492 3681 539 3742 tn
563 3679 716 3764 quidquid
739 3677 1037 3758 ecclesiasticarum,
1061 3681 1150 3766 quid-

22 3781 99 3865 quid
112 3779 329 3842 saecularium
344 3778 533 3862 diaetarum
547 3788 602 3856 eet,
619 3777 785 3856 emebatur,
811 3799 865 3839 nec
881 3777 980 3840 alicui
993 3778 1150 3864 conquam,

20 3881 93 3944 licet
117 3879 281 3942 industrio
305 3887 335 3940 ct
358 3878 478 3963 egregio
502 3878 580 3953 ciro,
603 3897 675 3961 spes
698 3874 899 3961 adipiscendi
919 3876 1045 3938 honoris
1059 3873 1149 3938 illius

20 3991 100 4057 erat,
127 3999 224 4061 qstane
249 3985 282 4038 ut
303 3975 357 4037 bos
379 3975 470 4059 prius
494 3975 615 4059 inperiti
634 3972 825 4059 profusione
843 3974 1053 4058 pecuniarum
1077 3997 1148 4036 sua·

21 4097 90 4138 rum
116 4071 300 4136 redemisset
316 4073 349 4151 ¹).

98 4211 116 4263 ¹t
151 4205 285 4274 Indignae
308 4205 459 4258 collationis
484 4204 686 4272 episcopatuum
711 4203 872 4258 Lambertns
896 4204 931 4257 ad
956 4219 979 4257 s.
1001 4203 1069 4258 1065
1095 4201 1151 4255 duo

21 4289 87 4344 haec
108 4285 200 4342 refert
217 4287 347 4354 exempla.
385 4286 490 4339 Mortuo
518 4285 546 4338 in
573 4283 793 4353 peregrinatione
810 4284 1055 4350 Hierosolymitaua
1073 4283 1149 4336 Gun-
