2898 4836
313 500 364 553 114
579 497 656 552 XIX.
674 493 880 550 Controversiae
898 498 927 550 et
945 493 1056 562 Imperii
1075 492 1185 548 indoles.

314 643 377 705 tius
405 641 517 705 babere
550 639 745 724 dignoscitur
764 688 771 704 .
789 685 823 702 ..
858 637 927 702 Nec
957 636 1128 702 damnatus
1152 636 1341 726 justificare,
1366 659 1405 698 aa

311 739 473 824 depositus
496 739 627 823 eripere,
660 759 717 800 occ
740 734 858 820 lipotus
875 745 982 821 potest
1004 756 1186 820 quenquam
1212 757 1275 820 per
1304 735 1404 820 impoti·

311 837 425 900 tionem
447 858 559 900 monus
578 834 766 920 proretam
788 831 983 920 impossibile
1007 841 1053 896 est
1076 832 1156 896 erum
1179 832 1287 896 bonam
1309 829 1406 915 aliqud

311 933 420 1008 lieri-¹)

400 1047 431 1111 6.
469 1046 580 1111 Etiam
604 1046 639 1108 in
668 1065 768 1110 causa
792 1043 943 1109 Ebbonis
972 1041 1214 1129 archiepiscopi
1238 1043 1408 1109 Rhememis

203 1124 256 1155 ’Μ’
312 1145 453 1232 depositi
477 1165 656 1230 eorumque
680 1144 739 1229 qui
762 1140 805 1206 ab
830 1143 901 1228 ipso
926 1141 1070 1206 ordinati
1094 1152 1204 1224 erant,
1238 1163 1278 1206 aa
1301 1141 1409 1205 videtu

312 1267 332 1308 a
355 1241 506 1330 pluribus
530 1242 693 1327 episcopis
715 1237 845 1304 Galliae
868 1241 1037 1326 proposita
1060 1239 1162 1304 fuisse
1186 1241 1352 1322 sententia,
1376 1259 1409 1301 or·

313 1341 500 1406 dinationes
531 1361 552 1402 a
584 1338 742 1424 depositis
776 1335 984 1422 praesulibus
1013 1336 1119 1401 factas
1152 1335 1319 1402 Invalidas
1348 1356 1409 1400 esse.

313 1441 352 1503 ln
377 1435 526 1502 conciliis
549 1437 651 1500 variis
674 1434 982 1517 suessionensibus,
1014 1433 1134 1522 quibus
1158 1445 1310 1519 praeerat
1330 1433 1410 1498 Hinc·

314 1557 434 1619 marus,
454 1535 554 1620 juxta
569 1533 690 1598 Morini
705 1531 972 1618 explicationem,
997 1553 1036 1596 ea
1059 1532 1247 1618 praevaluit
1261 1532 1411 1597 sententis.

314 1631 489 1714 Videntur,
513 1631 560 1695 ait
582 1630 741 1712 Morinus,
766 1631 813 1694 ita
836 1629 958 1694 sentire
982 1628 1024 1693 de
1047 1637 1209 1714 potestate
1233 1629 1362 1706 ordinis,
1386 1642 1412 1689 m

314 1752 404 1796 nunc
427 1727 577 1793 Ecclesia
600 1725 642 1792 de
665 1735 825 1813 potestate
843 1726 1103 1813 jurisdictionis:
1128 1726 1295 1815 depositos
1309 1726 1412 1791 seilicet

315 1827 439 1893 nullam
463 1823 640 1891 ordinandi
657 1833 852 1910 potestatem
876 1823 1009 1908 habere,
1040 1825 1170 1892 irritum
1194 1848 1265 1890 esse
1288 1835 1320 1890 et
1334 1827 1413 1890 iosus

315 1924 478 2013 quidquid
501 1923 644 2006 saoiunt;
669 1924 829 1988 canonice
845 1933 956 1988 tamen
980 1923 1147 1988 restitutos
1171 1924 1315 2010 priorem
1329 1932 1414 2008 potes·

315 2033 416 2088 tatem
446 2041 650 2106 recuperare.
706 2021 831 2085 Verum
871 2018 1122 2105 distinguebant
1157 2021 1242 2086 inter
1277 2019 1414 2086 canonice

315 2119 483 2185 ordinatos
506 2126 539 2183 et
552 2128 667 2204 postea
691 2118 867 2204 depositos,
885 2126 917 2182 et
940 2141 960 2182 a
984 2117 1141 2204 depositis
1157 2117 1334 2184 ordinatos.
1362 2115 1415 2180 Hos

316 2221 435 2284 iterum
468 2214 649 2281 credebant
681 2214 902 2296 ordinandos,
937 2223 1050 2302 utpote
1083 2218 1139 2302 qui
1164 2213 1247 2281 nihil
1278 2215 1321 2280 ab
1350 2212 1438 2278 ordi

316 2324 417 2380 nante
441 2313 589 2399 deposito
613 2322 815 2399 receperant.
862 2311 939 2378 Illos
971 2323 1082 2378 autem
1115 2334 1135 2376 a
1165 2312 1305 2378 concilio
1337 2305 1438 2375 caua

317 2415 449 2499 cognita
462 2411 607 2497 legitime
622 2413 798 2492 restitutos,
823 2431 912 2474 nova
936 2409 1143 2476 ordinatione
1171 2432 1254 2497 opus
1283 2432 1348 2474 non
1376 2407 1417 2470 br·

316 2511 405 2576 bere.
451 2509 566 2596 Itaque
590 2508 836 2590 existimabant,
860 2506 1103 2574 ordinationem
1127 2531 1148 2574 a
1171 2507 1332 2573 catholico
1354 2507 1417 2590 epis-

317 2631 400 2697 copo
424 2606 585 2674 catholice
609 2606 721 2671 datam
745 2604 847 2680 deleri
870 2627 937 2671 nou
960 2627 1074 2691 posse,
1099 2605 1158 2671 sed
1181 2605 1269 2670 illius
1292 2607 1359 2670 vim
1379 2603 1418 2666 de-

317 2709 479 2793 positione
512 2707 557 2768 ita
588 2706 722 2790 reprimi
747 2714 780 2769 et
808 2703 976 2785 hebetari,
1005 2712 1042 2767 ut
1073 2701 1173 2768 aliam
1197 2703 1417 2768 ordinationem

317 2826 475 2892 generare
504 2824 571 2868 non
602 2801 737 2866 valeret.
783 2799 943 2868 Similiter
974 2800 1175 2884 sentiebant,
1214 2801 1418 2866 ordinationes

318 2915 432 2968 contra
455 2921 597 2966 canones
620 2899 725 2964 factas
747 2921 819 2964 esse
841 2901 950 2964 irritas
973 2908 1006 2962 et
1028 2897 1236 2983 iterandas.¹)

409 3020 437 3082 7.
477 3015 651 3101 Tanquam
684 3015 814 3098 insigne
846 3015 1030 3079 iterationis
1062 3014 1217 3078 ordinum
1249 3011 1418 3098 exemploru

217 3171 251 3201 a.
318 3117 412 3182 citari
436 3114 541 3180 solent
563 3134 603 3176 ea
621 3133 716 3198 quae,
742 3111 869 3199 dejecto
894 3110 1110 3177 Constantino
1133 3115 1302 3199 antipapa,
1326 3133 1345 3174 a
1366 3107 1418 3172 Sta

229 3269 233 3275 .
317 3215 428 3302 phano
443 3211 495 3276 111
505 3209 561 3298 (al.
574 3209 638 3296 IV)
656 3210 792 3298 eiusque
808 3210 934 3294 synodo
949 3219 1072 3275 statuta
1092 3222 1179 3275 sunt.
1204 3209 1421 3276 &nemausus

319 3312 429 3378 adhuc
451 3309 556 3374 laicus
579 3317 654 3393 post
676 3319 815 3372 mortem
829 3306 922 3372 Pauli
936 3307 963 3388 I,
987 3308 1136 3392 flauum,
1162 3309 1219 3394 qui
1237 3308 1358 3372 Romae
1380 3325 1419 3390 po

319 3419 424 3474 tentes
448 3413 550 3488 erant,
575 3425 647 3490 ope,
671 3405 901 3492 pontificatum
925 3406 1073 3492 arripuit,
1099 3427 1243 3492 moxque
1266 3403 1421 3470 ordinibus

320 3507 496 3593 insignitus
523 3511 557 3568 et
578 3502 734 3567 Pontifex
764 3513 974 3568 consecratus
998 3524 1018 3567 a
1041 3503 1200 3588 Gregorio
1224 3501 1437 3589 Praenestini

320 3605 485 3692 episeopo,
510 3623 568 3687 per
591 3602 671 3665 anni
700 3603 844 3686 spatium
868 3611 901 3665 et
924 3622 1070 3666 mensem
1095 3622 1198 3667 uuum
1215 3601 1336 3668 Sedem
1349 3599 1420 3682 Apo·

319 3702 469 3768 stolioam
494 3702 644 3764 invasam
668 3701 784 3764 tenuit.
808 3699 904 3764 'Iunc
927 3721 946 3763 e
970 3699 1047 3764 sede
1071 3699 1218 3785 dejectus
1241 3709 1298 3780 est,
1324 3707 1355 3762 et
1366 3695 1419 3759 Sta

320 3801 451 3888 phanus
474 3797 526 3862 III
546 3797 694 3881 legitima
721 3795 881 3861 electione
899 3797 1055 3861 Pontifex
1081 3806 1221 3862 creatus.
1261 3795 1420 3862 Consecra-

320 3908 415 3963 verat
434 3905 544 3961 autem
565 3893 801 3961 Constantinus
822 3896 993 3980 episcopos
1013 3904 1096 3976 octo,
1120 3893 1330 3981 presbyteros
1350 3902 1419 3956 octo.

321 4007 354 4062 et
377 3995 533 4060 diaconos
557 4001 708 4079 quatuor,
732 4002 830 4078 atque
855 3991 896 4056 de
920 3991 1010 4056 hisce
1034 3990 1132 4078 paulo
1156 4003 1230 4078 post
1251 3993 1285 4057 in
1310 3987 1420 4075 synodo

395 4198 415 4268 ¹)
433 4199 485 4264 Ap.
504 4194 596 4250 Labbe
613 4194 692 4250 VIII.
711 4195 771 4250 335.
791 4195 852 4250 337.

395 4275 416 4345 ¹)
435 4276 563 4343 Horisius,
582 4277 623 4330 De
640 4291 707 4332 sacr.
726 4274 789 4332 Ord.
808 4273 838 4330 P.
857 4275 908 4330 III.
928 4273 1095 4330 Exercitatio
1114 4273 1147 4330 V.
1166 4291 1190 4333 o.
1208 4273 1254 4330 IV.
1271 4287 1298 4329 n
1319 4269 1390 4328 IIII
