2952 4832
306 445 359 496 230
555 445 629 500 xxi.
651 445 690 500 De
708 445 735 499 S.
754 443 886 513 Gregorio
905 443 957 497 VII
976 443 1050 497 Rom.
1073 443 1211 497 Pontifice.

308 586 461 670 eligendo
486 587 645 652 Pontifiee
677 587 893 668 consulerent,
930 588 977 650 eis
1000 588 1148 673 quinque
1171 588 1260 652 viros
1282 585 1341 650 boc
1362 609 1409 652 no·

310 686 398 748 mine
428 685 546 768 dignos
569 687 597 749 is
619 687 798 771 proposuit,
830 683 1107 767 Hildebrandum‚
1139 686 1196 770 qui
1230 685 1325 748 etiam
1355 685 1412 750 sub

134 785 297 839 mauu
309 783 442 846 Victore
479 784 611 867 negotia
636 785 781 848 maxime
804 782 1095 847 administraverat
1117 782 1332 868 Pontificique
1354 805 1409 848 mo

308 882 405 944 rienti
435 879 615 962 adstiterat,
648 881 870 946 Humbertum
896 879 1117 964 Cardinalem,
1147 879 1311 945 Joaunem
1340 885 1411 966 epie-

307 999 426 1063 oopum
443 977 715 1060 Veliternensem,
740 979 932 1064 episcopum
945 979 1153 1060 Perusinum,
1178 988 1212 1040 et
1234 981 1412 1064 episcopum

306 1075 599 1140 Tusculanensem.
629 1075 695 1141 Sed
710 1077 851 1141 Romani
876 1078 1078 1141 unanimiter
1090 1078 1200 1161 ipsum
1217 1076 1410 1142 Fridericum

307 1175 339 1236 in
374 1173 568 1238 Pontificem
602 1173 866 1258 postulaverunt,
901 1173 1147 1261 deductumque
1180 1174 1215 1236 in
1252 1175 1411 1240 ecclesiam

306 1294 330 1336 s.
355 1272 443 1336 Petri
467 1271 510 1336 ad
525 1270 661 1336 vincula
684 1271 861 1358 elegerunt,
895 1283 927 1335 et
949 1293 1050 1359 quum
1074 1283 1161 1337 esset
1183 1277 1256 1342 dies
1279 1275 1338 1338 2⁶¹·
1356 1275 1413 1336 Au-

305 1371 391 1452 gusti
417 1368 608 1455 Stephanum
625 1371 673 1433 IX
693 1370 954 1456 appellaverunt.
985 1369 1141 1436 Pontifex
1166 1377 1268 1460 igitur
1290 1383 1358 1440 erat
1377 1395 1413 1436 ex

306 1466 431 1532 familia
447 1469 636 1553 principum
651 1470 963 1552 potentissimorum,
988 1489 1073 1554 quae
1090 1472 1276 1538 simultates
1288 1471 1416 1537 acerbas

305 1587 381 1631 curn
418 1568 518 1651 stirpe
551 1564 660 1631 Salica
693 1565 854 1651 imperiali
891 1564 1061 1632 habuerat.
1113 1569 1222 1655 Ipsius
1254 1569 1415 1634 Pontificis

304 1665 405 1729 frater
434 1663 635 1728 Godefridus
665 1666 836 1748 patritiatu
870 1663 1033 1742 Romano,
1073 1667 1121 1729 uti
1157 1667 1320 1748 diximus,
1353 1680 1414 1730 erat

304 1773 439 1826 ornatus
462 1785 501 1826 ac
525 1763 594 1826 dux
617 1760 854 1845 Lethariugiae
878 1771 911 1826 et
926 1761 1085 1844 Tusciae3
1110 1765 1176 1829 imo
1200 1769 1303 1830 etiam
1326 1765 1413 1830 duca·

303 1871 356 1924 tus
379 1859 503 1946 Spoleti
536 1869 568 1924 et
592 1858 759 1924 Camerini
797 1881 839 1923 ex
870 1861 1090 1924 conventione
1122 1861 1165 1926 ab
1196 1863 1343 1928 Hearieo
1371 1863 1414 1928 Ill

303 1959 430 2023 sancita
461 1968 536 2044 post
567 1967 705 2022 mortem
729 1957 873 2022 Victoris
896 1957 948 2022 111
980 1960 1083 2044 ipsius
1111 1960 1248 2026 feudum
1282 1961 1415 2040 fiebant3

302 2056 483 2142 Imperium
520 2077 597 2120 vero
637 2055 771 2120 suberat
802 2055 923 2140 Agneti
953 2057 1075 2121 viduae
1112 2068 1144 2121 et
1173 2059 1314 2144 puerulo
1338 2059 1414 2123 Hen-

303 2156 370 2219 rioo
394 2155 453 2219 IV.
492 2154 581 2218 Hinc
605 2154 763 2239 adjuncta
785 2177 895 2219 rerum
919 2155 1115 2222 brevissimo
1145 2159 1305 2241 temporis
1329 2160 1418 2222 inter-

304 2252 390 2317 vallo
409 2253 480 2338 jam
505 2255 637 2338 penitus
661 2263 786 2317 mutata
810 2252 1020 2319 videbantur.

395 2405 444 2469 15.
491 2404 679 2491 Stephanus
710 2405 760 2469 IX
799 2404 923 2469 luctam
957 2415 1071 2468 contra
1101 2405 1225 2468 abusus
1260 2405 1418 2490 intrepide

301 2513 493 2588 prosecutus
523 2516 581 2572 est.
616 2506 796 2592 quantique
827 2501 1022 2588 disciplinae
1055 2503 1249 2566 restauratio
1275 2505 1307 2567 ei
1332 2503 1417 2567 cordi

302 2611 387 2666 esset
409 2602 561 2686 ostendit,
593 2603 672 2668 dum
696 2603 831 2668 Petrum
855 2601 1069 2681 Damianum,
1100 2601 1275 2686 regidioris
1307 2603 1418 2665 sancti·

302 2703 379 2764 tatis
410 2699 567 2764 cultorem
598 2713 697 2786 atque
728 2701 938 2782 magistrum,
980 2695 1192 2764 Cardinalem
1228 2701 1419 2786 episcopum

302 2797 487 2863 Ostiensem
511 2801 653 2863 invitum
679 2807 710 2862 et
724 2797 940 2861 reluctantem
958 2797 1170 2860 constitueret
1183 2797 1298 2884 (Febr.
1314 2797 1419 2876 1058),

302 2904 400 2982 atque
417 2897 461 2960 ita
478 2918 554 2959 eum
569 2895 705 2980 collegio
723 2894 951 2959 Cardinalium
968 2893 1171 2979 praeficeret.
1201 2893 1320 2960 Plures
1343 2893 1421 2959 alios

301 2993 513 3078 dignissimos
538 2991 730 3058 Cardinales
760 2993 883 3079 pariter
914 2994 984 3078 ipse
1008 2993 1143 3056 creavit.
1174 3031 1217 3039 —
1249 2991 1359 3057 Multa
1391 3003 1420 3056 et

302 3113 422 3174 magna
445 3091 600 3156 Pontifex
631 3093 741 3155 animo
765 3089 900 3154 volvere
924 3087 1101 3154 videbatur
1133 3101 1202 3155 tum
1235 3091 1350 3177 quoad
1373 3115 1420 3156 res

300 3190 539 3254 ecclesiastieae
563 3203 633 3253 tum
651 3188 759 3275 quoad
783 3211 834 3252 res
849 3187 1010 3276 politices.
1042 3187 1082 3252 Ei
1098 3189 1308 3274 propositum
1323 3189 1420 3253 fuisse

301 3289 415 3352 coaevi
432 3289 549 3368 ferunt,
563 3299 598 3352 ut
612 3287 849 3374 Imperatorem
867 3296 1037 3351 coronaret
1053 3283 1275 3351 Godefridunr
1292 3287 1418 3354 ducem.

301 3397 334 3450 et
356 3409 395 3450 ea
427 3389 553 3451 ratione
578 3386 746 3451 efficacius
771 3384 940 3449 Ecclesiae
975 3386 1171 3472 protectioni
1195 3394 1229 3448 et
1252 3387 1417 3450 securitati

299 3483 498 3571 provideret,
530 3483 804 3569 Normannosque
832 3505 873 3546 ex
896 3481 993 3546 Italia
1028 3481 1172 3568 pelleret.
1219 3482 1287 3547 Res
1311 3493 1418 3547 tamen

301 3580 398 3646 valde
434 3581 537 3646 dubia
561 3583 703 3647 videtur.
750 3581 843 3646 Misit
866 3589 954 3645 certe
978 3579 1076 3666 paulo
1100 3589 1277 3666 postquam
1300 3580 1415 3646 Sedere

299 3679 522 3766 pontificalem
555 3680 749 3744 ascenderat
781 3681 815 3744 in
839 3677 1053 3743 Germaniam
1077 3675 1348 3744 Hildebrandnm
1379 3679 1418 3744 ad

296 3780 425 3843 curiam
449 3778 663 3864 imperialem,
693 3788 729 3841 ut
752 3778 793 3841 de
817 3800 876 3842 sua
900 3776 1058 3840 electione
1081 3775 1217 3840 referret
1244 3777 1345 3841 etde
1369 3801 1418 3841 nr-

297 3879 396 3962 gotiis
420 3874 650 3942 ecclesiasticis
674 3885 829 3940 tractaret
841 3877 877 3956 ¹).
925 3874 1075 3956 Quatuor
1097 3875 1165 3938 fere
1198 3895 1331 3939 menses
1355 3875 1419 3942 Ste-

374 4148 394 4213 ¹)
419 4143 578 4198 humbertus
596 4143 803 4198 Herafeldiensis
822 4142 917 4196 scribit
941 4141 969 4197 iu
983 4142 1039 4196 suis
1058 4140 1209 4196 Annalibus
1235 4141 1273 4195 ad
1291 4157 1317 4195 a.
1338 4141 1415 4195 lffit:

300 4224 375 4289 „Rex
403 4221 578 4278 nativitatem
596 4223 704 4278 Domini
723 4221 894 4306 Mereinbnrg
922 4221 1081 4288 celebrarit,
1110 4221 1259 4288 aderatque
1284 4221 1322 4276 ibi
1346 4221 1417 4276 inter
