2898 4836
364 487 556 540 accusationes
575 489 772 554 expenduntur.
1094 493 1130 545 49

31 653 111 714 porro
140 630 268 714 Sergius
302 629 353 694 III
386 651 517 717 quoque
550 653 592 694 ex
623 631 750 696 familia
783 635 940 698 comitum
973 634 1129 698 Tuscula-

30 751 145 810 uorum3
177 726 263 792 filius
300 730 388 792 enim
423 738 494 792 erat
525 727 698 794 Benedicti
735 733 845 814 magni
882 733 992 796 fratris
1026 733 1129 817 ipsius

30 825 196 911 albericist)
242 826 341 891 Unde
375 825 487 907 vides,
523 849 624 912 quum
660 825 837 892 Albericus
872 841 957 892 esset
992 839 1129 915 patruus

27 927 125 1009 Sergii,
155 927 329 991 Marotiam
352 924 501 989 Alberici
526 945 663 989 uxorem
687 925 852 991 affinitate
875 927 973 992 valde
998 931 1129 1014 propin·

26 1045 108 1108 quam
138 1025 239 1089 fuisse
269 1023 394 1107 Sergio.
441 1023 617 1086 Marotiam
652 1033 762 1088 autem
794 1025 918 1090 dixeris
949 1025 1052 1090 multo
1077 1027 1129 1111 ju·

25 1123 132 1186 niorem
164 1122 266 1186 luisse
298 1119 465 1184 Alberico.
512 1120 598 1184 Nam
632 1123 660 1184 is
693 1121 808 1186 saltem
836 1124 908 1208 jam
942 1144 1030 1187 anno
1064 1123 1129 1188 888

23 1219 74 1282 sub
88 1219 239 1286 (luidone
262 1219 464 1305 Imperatore
489 1229 603 1283 contra
618 1219 856 1304 Berengarium
882 1219 1128 1300 militabatur‚¹)
1185 1226 1250 1278 ougo

22 1318 154 1404 adeoque
184 1339 260 1382 eum
291 1328 406 1381 nattum
439 1337 607 1380 censerem
639 1318 725 1381 inter
757 1339 882 1382 annum
908 1319 973 1382 860
997 1329 1029 1382 ct
1053 1317 1128 1399 870,
1154 1288 1279 1330 “ml

22 1417 92 1480 l'orte
101 1417 173 1502 jam
188 1418 297 1501 prius3
323 1416 498 1480 Marotiam
512 1425 622 1478 autem
639 1416 726 1478 fama
742 1414 1001 1500 pulchritudinis
1018 1425 1128 1480 uotam

21 1537 44 1578 a.
59 1515 118 1580 905
141 1513 384 1579 adolescentem
408 1513 509 1578 fuisse
533 1533 719 1598 supponere
743 1513 792 1576 fas
817 1525 875 1578 est.
909 1513 959 1577 Eo
984 1527 1130 1599 tempore

22 1615 112 1676 vitam
141 1612 330 1676 liberiorem
359 1621 391 1675 et
414 1610 575 1674 laxiorem
598 1611 699 1675 fuisse
723 1613 758 1675 iu
782 1611 918 1676 familiis
941 1613 1130 1696 principum

19 1732 52 1772 ac
70 1733 254 1794 procerum,
286 1719 355 1773 tum
379 1708 495 1772 Italiae
519 1718 588 1772 tum
613 1707 752 1773 aliorum
777 1711 959 1794 regionum,
992 1731 1034 1772 ex
1057 1707 1132 1773 aliis

19 1807 215 1873 documentis
239 1817 337 1871 etex
361 1806 568 1892 Luitprando
593 1806 702 1892 colligi
727 1816 848 1892 potest,
883 1808 1036 1892 quamvis
1060 1827 1131 1869 nar-

20 1909 91 1970 ratio
120 1906 221 1991 hujus
251 1903 564 1989 exaggerationibus
592 1914 625 1968 et
648 1903 813 1968 erroribus
837 1915 971 1970 scateat.
1020 1904 1130 1984 Quum

18 2027 85 2068 vcro
109 2005 234 2068 Romae
258 2013 350 2067 tauta
374 2013 458 2066 esset
480 2003 663 2066 factionum
687 2005 834 2088 agitati0‚
864 2004 954 2069 baud
980 2001 1130 2085 dubium,

16 2105 105 2168 etiam
128 2123 279 2166 rumores
303 2099 482 2164 malevolos
504 2102 629 2186 passim
654 2123 784 2186 sparsos
807 2101 908 2166 fuisse
933 2111 1048 2166 contra
1063 2121 1131 2165 mu-

15 2199 116 2282 lieres,
153 2221 239 2286 quae
271 2210 341 2263 tum
372 2199 518 2284 potentia
543 2219 603 2262 sua
625 2208 697 2262 tum
722 2197 854 2264 dotibus
878 2201 1023 2286 corporis
1048 2201 1130 2262 iuvi-

16 2298 95 2362 diam
126 2298 330 2362 excitabant.
377 2296 421 2359 Et
451 2318 552 2382 quum
578 2295 712 2380 Sergius
736 2319 866 2383 quoque
891 2300 925 2361 iu
950 2298 1131 2382 agitatione

14 2396 61 2462 illa
90 2397 277 2462 factionum
305 2415 371 2458 uon
396 2392 578 2459 mediocres
601 2404 711 2478 partes
734 2393 904 2460 habuisset
927 2407 959 2460 et
982 2393 1129 2460 Alberici

13 2517 46 2558 ac
62 2497 224 2559 Marotiae
248 2492 384 2557 familiis
407 2493 523 2556 intime
547 2513 654 2556 nexus
678 2503 771 2572 esset,
796 2492 893 2558 facile
918 2494 988 2558 fieri
1013 2494 1130 2580 potuit,

13 2605 41 2656 ut
69 2593 113 2658 ab
145 2591 364 2671 adversariis,
399 2601 574 2675 questum
599 2601 675 2653 ante
699 2591 928 2674 pontificatum
953 2600 1023 2654 turn
1047 2591 1130 2655 Pon-

11 2691 85 2754 tifex
118 2692 230 2755 factus
260 2687 441 2775 permultos
471 2686 631 2767 habebat,
666 2689 737 2751 sive
769 2711 809 2751 ex
833 2687 968 2752 levitate
992 2691 1063 2752 sive
1088 2711 1130 2752 ex

11 2789 240 2854 maledicentia
272 2807 419 2850 rumores
449 2795 682 2871 spargerentur
705 2785 858 2850 malitiosi
884 2807 1033 2850 umorum
1059 2784 1130 2849 Ser·

9 2890 93 2971 glum
129 2891 216 2952 inter
249 2896 348 2970 atque
371 2883 557 2947 llarotiam.
604 2884 833 2968 Luitprandus
861 2896 987 2966 autem,
1022 2904 1129 2969 aquo

9 2985 67 3050 solo
105 2987 269 3070 scriptore
303 2982 433 3046 illorum
469 2993 654 3066 temporum
690 2983 864 3064 asseritur,
901 2981 1052 3066 Sergium
1088 3004 1131 3046 ex

10 3085 146 3148 llarotia
169 3083 323 3168 genuisse
345 3081 510 3145 Joannem
535 3079 600 3158 XI,
633 3079 729 3144 facile
753 3082 901 3165 sequitur
924 3080 1129 3166 garrulorum

7 3203 173 3246 sermones
204 3179 326 3256 aniles,
360 3189 392 3242 et
422 3178 511 3242 dicta
535 3177 698 3242 malitiosa
723 3179 931 3264 invidorum,
965 3189 1064 3265 atque
1096 3180 1129 3242 in

4 3281 183 3344 factionem
200 3277 319 3342 Italam
343 3279 496 3362 passione
520 3275 690 3339 vindictae
715 3277 890 3342 ferebatur.
938 3277 1036 3342 Unde
1059 3299 1129 3362 pro-

4 3401 61 3442 nus
100 3390 191 3457 erat,
234 3388 271 3440 ut
303 3398 387 3462 quae
420 3383 548 3460 poterat
579 3376 614 3438 in
647 3374 861 3459 opprobrium
895 3375 994 3461 hujus
1027 3377 1130 3460 partis

5 3478 169 3563 colligere,
195 3473 335 3538 verbosa
358 3473 493 3538 levitate
517 3471 690 3558 afferreti)

142 3639 219 3646 ....-

71 3720 96 3787 ι)
117 3717 191 3772 Vide
203 3717 324 3771 arborem
337 3713 541 3784 genealogicam
554 3711 687 3767 Comitum
699 3711 810 3766 Tusculi
823 3727 864 3780 ap.
877 3711 980 3776 Hosser,
994 3711 1130 3766 Deutsche

4 3799 109 3867 Ptpste,
131 3797 165 3850 B.
179 3795 201 3850 1.
220 3795 332 3864 Bcilage
344 3795 399 3862 V1;
418 3793 603 3849 Marchiouum
616 3791 731 3846 tusciae
750 3808 792 3859 ep.
807 3791 974 3860 Damberger
990 3791 1021 3844 G.
1034 3790 1067 3848 Β.
1080 3789 1127 3844 IV.

71 3877 175 3945 ¹)Cfr.
195 3876 328 3930 liniatori
355 3876 455 3930 Annali
480 3889 504 3930 a.
525 3877 586 3929 910.
618 3903 648 3912 —
678 3873 763 3926 Addit
787 3871 934 3936 Moratum,
962 3871 1034 3925 forte
1058 3870 1129 3924 huuc

4 3960 160 4014 uteucum
184 3956 297 4010 cundem
322 3972 380 4011 esse
405 3957 449 4024 qui
470 3955 528 4024 jam
552 3971 576 4008 a.
596 3954 648 4006 976
673 3952 762 4006 adluit
787 3951 903 4006 comitiis
921 3951 1009 4005 Ticini
1028 3950 1130 4004 habitis

4 4055 81 4106 anum
95 4037 214 4094 Carolus
226 4035 326 4092 Calvus
343 4036 372 4092 in
391 4053 483 4106 regem
496 4035 596 4090 Italiae
615 4033 777 4102 eligeretur;
796 4033 842 4087 sed
861 4047 917 4086 rem
936 4031 1044 4085 dubiam
1062 4045 1128 4086 esse.

4 4121 58 4175 linc
76 4121 108 4176 in
129 4117 316 4185 suppositione
331 4117 389 4186 jam
407 4123 472 4171 ante
490 4131 591 4170 anuum
610 4112 663 4167 960
682 4127 743 4167 eum
760 4119 855 4167 uatum
874 4113 982 4166 dixeris¹

71 4202 93 4256 ἰ
114 4197 249 4254 Advertit
266 4197 399 4252 Muratori
418 4196 525 4258 (annal.
545 4211 568 4249 s.
589 4193 668 4257 919),
693 4193 727 4246 ab
752 4193 809 4261 ipso
834 4209 924 4248 omnes
942 4208 1039 4247 uxores
1059 4193 1130 4260 priu-

4 4283 90 4351 cipum
111 4279 216 4334 Italiae
233 4277 353 4332 exhiberi
372 4283 404 4330 ut
422 4277 569 4345 impudicos
588 4274 754 4340 meretrices,
780 4273 844 4341 quin
863 4273 958 4328 mariti
976 4289 1068 4328 earum
1087 4273 1130 4326 vel

29 4385 179 4430 Jnnguunn,
195 4379 380 4428 Dbssertutioucs.
396 4377 460 4416 Tum.
477 4377 515 4416 1v.
1005 4363 1023 4414 4
