2922 4832
300 511 340 564 Ite
359 513 529 579 oppressione
548 510 684 564 libertatis
702 509 847 565 Ecclesiae.
1103 513 1154 567 195

47 665 96 731 cst,
118 653 172 717 sed
197 655 243 718 ite
267 675 435 738 praeceps,
461 663 497 716 ut
514 653 699 737 Imperator
722 653 793 738 ejus
817 655 980 716 rationem
1004 675 1071 717 non
1096 654 1154 718 ha·

50 751 156 832 luerit,
190 761 222 815 et
248 749 482 835 Menigardum
515 753 734 814 camerarium
766 749 949 834 Willegisii
974 751 1154 838 archiepis·

45 852 108 934 copi
131 847 315 934 Mogentini
341 850 529 929 nominarit,
554 869 652 934 quem
677 857 710 912 et
733 850 812 936 ipae
826 850 920 912 venit
943 851 1103 914 missums
1118 853 1152 914 in

46 947 127 1012 Sedis
149 969 228 1011 suae
251 949 500 1032 possessionem.
524 984 569 994 —
591 946 714 1010 Narrat
736 945 948 1011 'I'hietmarus
972 949 1083 1030 etiem,
1116 959 1155 1012 ut

46 1048 104 1130 ipse
132 1045 175 1108 ad
206 1043 410 1131 episcopales
443 1042 566 1108 infulas
595 1046 725 1107 venerit
758 1043 1047 1130 Merseburgeuaes
1078 1057 1154 1131 post

44 1143 184 1206 Guiberti
208 1143 347 1206 obitum.
385 1143 505 1207 Jussus
528 1152 578 1206 est
600 1141 786 1226 Augustam
810 1143 975 1227 proficisci
999 1143 1057 1207 ubi
1072 1153 1154 1207 tunc

46 1240 132 1304 Curia
154 1239 365 1321 versabatur3
390 1239 437 1305 ibi
461 1239 505 1304 ad
529 1239 690 1324 capellam
715 1241 861 1325 episcopi
886 1242 997 1304 statim
1022 1241 1153 1324 ductus,

43 1361 150 1422 araga
173 1337 259 1423 pedo
282 1336 439 1424 pastorali
463 1347 539 1401 ante
556 1339 730 1401 missarum
754 1337 916 1401 solemnia
937 1337 1079 1403 donatus
1093 1349 1153 1420 est,

42 1436 241 1500 adstantibus
270 1437 434 1521 episcopis
458 1447 491 1499 et
513 1435 734 1520 magnatibus,
764 1456 905 1520 quorum
930 1438 1154 1523 in-conspira-

44 1535 122 1598 tione
145 1543 178 1598 et
199 1533 361 1619 applausu
386 1533 552 1619 quoddam
579 1543 649 1596 erat
673 1534 777 1596 instar
800 1531 979 1597 electionis.
1028 1537 1082 1597 Mc
1109 1535 1156 1598 ad

41 1631 187 1717 capellam
210 1634 361 1718 episcopi,
384 1631 441 1696 nti
462 1655 521 1694 res
543 1629 739 1717 aspectabat,
765 1632 868 1694 demit.
895 1681 902 1694 .
928 1681 935 1695 .
961 1681 969 1694 .
993 1633 1066 1696 Rae
1086 1657 1156 1696 mem

41 1729 177 1792 electione
193 1731 413 1816 praesentium
440 1727 638 1815 pastoralem
670 1730 876 1792 miliciarum
903 1729 1056 1792 commisit
1085 1753 1156 1792 cam

39 1825 184 1906 lacula¹l
198 1863 237 1874 -
256 1827 385 1891 Mortuo
409 1827 581 1911 Taginone
605 1825 884 1911 Magdeburgensi
908 1826 1070 1912 praesule,
1093 1849 1156 1891 rex

40 1947 58 1986 a
79 1927 260 2010 praeposito
285 1925 420 2011 capituli
446 1927 666 2008 interrogatus
691 1923 731 1987 de
755 1945 814 1988 sua
830 1923 1011 2005 voluntate,
1035 1945 1155 1990 renun-

41 2024 109 2085 tiari
134 2024 226 2106 fecit,
263 2035 299 2086 ut
331 2027 364 2087 in
395 2023 539 2109 aliquem
573 2022 657 2086 clam
687 2024 928 2106 consentirent,
965 2021 1065 2108 idque
1089 2023 1154 2087 sibi

37 2121 266 2205 significarent,
289 2133 325 2185 ut
348 2119 456 2185 electio
490 2145 511 2185 a
533 2121 625 2184 nobis
661 2143 723 2184 naen
742 2121 816 2204 fiat,
851 2121 907 2184 ssd
938 2131 1060 2184 tantum
1082 2143 1154 2184 con·

36 2241 141 2282 sensus
162 2220 333 2297 unanimis,
356 2231 385 2284 et
408 2221 464 2283 doc
485 2219 644 2282 indicetur
668 2220 707 2282 ei.
732 2217 877 2303 Capituli
905 2228 981 2281 vota
1005 2219 1039 2284 in
1063 2239 1154 2303 prae·

39 2319 176 2400 positum
202 2317 390 2401 Walterum
414 2337 617 2381 convenere:
650 2315 687 2379 Si
711 2317 868 2380 Dominus
897 2318 1050 2380 consentit
1074 2319 1157 2380 etsi

36 2413 100 2478 cult
120 2437 187 2480 rec.
223 2415 290 2482 Sed
313 2417 554 2501 superveniens
576 2413 789 2478 Thietmarus
813 2415 1043 2497 suffraganeus
1067 2414 1156 2478 sedis

37 2512 339 2598 llagdeburgensis,
363 2516 420 2599 qui
445 2523 477 2577 et
500 2516 571 2598 ipse
593 2522 709 2576 votum
733 2511 890 2594 habebat,
916 2513 1045 2575 monuit
1067 2514 1156 2598 capi-

35 2610 156 2693 tulum,
191 2623 227 2674 ut
245 2613 323 2697 jura
347 2635 407 2675 sua
430 2621 602 2676 tuerentur
625 2620 657 2674 et
681 2612 877 2674 eanonicam
901 2610 1050 2673 facerent
1073 2609 1155 2674 elec-

35 2709 166 2775 tionem.
205 2709 329 2790 Senior,
354 2710 450 2784 dixit,
475 2733 560 2773 meus
584 2707 795 2796 (Imperator)
819 2709 950 2793 imperet
973 2708 1155 2794 quodcelit,

34 2829 85 2870 cos
120 2819 224 2872 autem
263 2808 346 2894 quaed
377 2810 543 2894 accepistis
576 2831 596 2870 a
634 2807 702 2870 Deo
736 2817 765 2870 et
798 2806 1046 2870 antecessoribus
1078 2807 1156 2884 suis,

33 2907 133 2969 ridete
156 2929 194 2970 ne
219 2907 380 2993 perdatis.
405 2943 449 2954 -
472 2905 655 2990 Elegerunt
678 2904 756 2968 dein
780 2906 940 2968 canonice
963 2902 1156 2968 Walterum

32 3005 275 3090 praepositum,
307 3025 475 3090 quumque
505 3005 539 3068 in
573 3005 699 3066 curiam
731 3005 759 3065 is
792 3005 953 3082 venisset,
986 3003 1158 3087 acquievit

30 3093 128 3166 facile
162 3126 187 3168 s.
212 3103 393 3184 Henricus,
425 3112 459 3166 ct
488 3103 633 3186 imagine
665 3099 807 3186 quadam
841 3100 1011 3164 electionis
1044 3121 1157 3164 coram

30 3201 100 3283 ipso
125 3211 296 3282 renovata,
321 3200 412 3264 illum
440 3201 621 3264 investivit.
657 3199 769 3280 Quum
786 3198 959 3263 Walterus
982 3209 1057 3284 post
1073 3197 1157 3262 duos

30 3319 162 3363 menses
186 3298 330 3378 obiisset,
357 3299 509 3363 canonici
525 3296 695 3382 elegerunt
710 3295 954 3360 Theodericum
972 3297 1157 3361 Thietmari

29 3407 204 3482 nepotem3
237 3397 295 3461 sed
327 3397 512 3482 Imperator
543 3417 620 3460 mox
643 3393 816 3459 blanditiis
846 3415 902 3458 eos
926 3394 1083 3479 adduxit,
1120 3406 1158 3458 ut

26 3493 192 3580 eligerent
214 3493 380 3560 Geronem
412 3493 619 3580 capellanum
651 3495 773 3578 ipsius,
807 3493 864 3577 qui
896 3492 973 3556 dein
998 3491 1157 3556 baculum

25 3592 228 3677 pastoralem
267 3592 309 3656 ab
341 3613 378 3656 eo
411 3593 582 3678 recepit2).
630 3591 758 3655 Bremis
790 3589 889 3675 paulo
921 3600 998 3654 ante
1027 3590 1157 3654 obitum

27 3693 158 3756 Lievisi
183 3691 437 3776 archiepiscopi,
464 3693 535 3776 ipso
567 3699 703 3754 curante
728 3713 748 3752 a
772 3688 921 3774 capitulo
946 3688 1070 3752 electus
1093 3689 1158 3752 fuit

25 3793 57 3854 in
82 3809 311 3854 successorem
336 3788 433 3854 Oddo
466 3791 657 3853 eanonicus.
706 3787 784 3851 Post
808 3786 935 3850 obitum
960 3787 1087 3850 Lievisi
1112 3785 1158 3848 ad

24 3887 170 3954 Curiam
200 3887 291 3952 Ocldo
314 3888 439 3952 clericis
463 3887 686 3951 comitantibus
718 3897 748 3949 st
780 3885 873 3948 laicis
902 3886 1040 3972 supplex
1071 3885 1158 3948 uenit

23 3999 52 4050 et
74 3987 168 4073 repis
189 3987 336 4070 patiam,
361 3985 441 4048 ncne
458 3987 564 4070 prius,
589 3985 632 4046 ud
655 3982 891 4069 completionem
915 3984 1077 4047 electionis
1094 4007 1159 4069 per

12 4085 106 4168 ‚fidos
130 4087 355 4148 intercessores
372 4082 528 4169 postulat.
579 4081 665 4154 Quos
687 4104 745 4145 cecc
768 4080 951 4146 nullatenus
974 4081 1078 4159 audit,
1102 4080 1160 4144 sed

98 4291 120 4360 ¹)
142 4287 177 4342 L.
197 4287 245 4342 VI.
264 4303 284 4340 c
305 4288 348 4341 27.
603 4288 623 4354 ¹)
643 4286 744 4340 ibidem
765 4301 801 4340 cc.
820 4287 855 4340 42
874 4301 930 4352 sqq.

995 4374 1050 4426 13*
