3002 4836
292 485 327 545 '20
645 491 685 544 us
702 489 806 544 haeresi
826 489 1059 545 Icorroclsstarum.

292 645 372 699 nent
405 633 555 719 symbola
586 635 679 717 agni,
712 632 903 712 columbae,
936 635 1055 718 piscis,
1089 633 1213 717 Moysis
1247 657 1288 698 ex
1318 645 1416 720 petr-a

292 753 411 819 aquam
437 732 615 814 elicientis,
648 732 748 795 Ionae
779 731 957 816 prophetae
987 731 1179 816 prodeuntis
1204 754 1246 794 en
1269 753 1324 796 ore
1349 736 1414 817 pis-

293 832 356 914 cis,
378 830 529 895 Danielis
552 828 788 910 interleones,
813 839 845 892 et
872 827 1081 916 alia-quibus
1105 830 1251 892 maxime
1276 853 1315 894 ea
1337 853 1413 915 pro-

292 928 500 1014 ponebantur
523 928 696 1012 dogmata,
720 947 779 1012 per
799 949 883 1013 quae
898 929 984 991 inter
1006 929 1249 1011 persecutiones
1272 939 1305 992 et
1327 931 1416 1013 peri·

292 1025 366 1090 'cula
390 1026 476 1091 illius
501 1025 616 1090 aetatis
641 1024 787 1089 fidelium
809 1045 883 1110 spes
899 1023 1092 1105 fovebatur,
1117 1027 1285 1112 animique
1309 1029 1413 1111 erige-

291 1123 422 1189 bantur.
467 1123 537 1188 Nec
570 1135 680 1186 tamen
711 1122 831 1187 desunt
862 1145 905 1187 cx
938 1122 1002 1187 illis
1026 1123 1164 1187 saeculis
1188 1136 1413 1210 repraesenta-

291 1224 396 1286 tiones
420 1243 550 1308 quoque
562 1221 764 1301 ‘historicam
790 1221 837 1284 uti
861 1222 1122 1284 annuntiationis
1140 1221 1178 1286 B.
1196 1222 1321 1286 Mariae
1338 1224 1415 1286 Vir-

290 1322 377 1404 ginis
412 1321 677 1405 adorationisque
714 1339 898 1403 magorum,
940 1317 993 1382 vel
1033 1319 1194 1402 imagines
1232 1320 1412 1405 Deiparae,

291 1419 348 1484 SS.
382 1418 613 1506 Apostolorum
645 1417 733 1480 Petri
768 1427 800 1480 et
828 1416 922 1481 Pauli
955 1418 1187 1502 variorumque
1217 1429 1415 1502 martyrum.

290 1517 464 1581 Posteriori
498 1524 645 1600 tempore
675 1515 979 1600 repraesentationes
1011 1514 1088 1578 illae
1110 1517 1276 1579 historicae
1300 1519 1416 1601 potius

290 1637 351 1678 usu
376 1615 611 1700 frequentiores
641 1616 792 1692 luerunt,
817 1614 864 1675 ita
896 1623 932 1675 ut
955 1623 1025 1675 tum
1049 1623 1188 1677 eventus
1211 1616 1313 1695 sacri,
1338 1625 1412 1678 tum

289 1735 456 1800 personae¹
472 1710 717 1778 exhiberentur.
747 1709 934 1786 Pictoribus
958 1719 1067 1774 autern
1092 1711 1200 1796 quoad
1225 1714 1413 1796 imaginum

290 1833 386 1876 usum
409 1811 553 1896 antiquis
586 1807 788 1894 temporibus
813 1818 920 1871 certae
944 1819 1037 1872 erant
1060 1810 1242 1873 servandae
1265 1811 1415 1895 regulae,

290 1909 332 1973 ab
365 1907 577 1972 ecelesiarum
612 1906 806 1992 praepositis
835 1907 1067 1992 praescriptae.
1114 1907 1204 1970 luter
1238 1907 1297 1972 has
1331 1931 1414 1972 vero

290 2006 419 2088 regulas
442 2007 542 2070 etiam
575 2027 614 2068 ea
648 2015 793 2089 tempore
824 2005 1089 2089 persecutionum
1118 2006 1233 2070 merito
1258 2019 1416 2072 censetur

289 2105 408 2186 irrisae,
444 2105 605 2187 imagines
626 2125 764 2184 sacras,
795 2125 837 2166 ne
872 2102 1092 2188 profanationi
1125 2123 1329 2187 paganorum
1354 2128 1413 2170 ex-

288 2209 502 2288 ponerentur,
520 2199 747 2286 depingendas
763 2201 871 2285 potius
894 2221 962 2264 esse
987 2201 1022 2263 in
1046 2200 1268 2266 subterraneis
1282 2207 1416 2288 cryptis

289 2301 415 2386 hasque
440 2299 564 2364 eisdem
591 2299 770 2375 ornandas,
792 2297 883 2361 haud
899 2319 976 2361 vero
994 2300 1082 2382 ipsas
1105 2296 1262 2362 ecclesias
1283 2311 1316 2363 et
1339 2323 1411 2366 ora-

289 2401 373 2462 toria
396 2397 549 2461 omnibus
573 2398 699 2482 pervia.
745 2397 857 2482 Atque
885 2395 949 2460 hue
974 2397 1132 2480 pertinet,
1157 2407 1320 2482 quantum
1342 2403 1413 2464 exi·

289 2499 478 2576 stimamus,
508 2505 604 2559 notus
637 2494 691 2558 ille
721 2515 828 2558 canon
858 2494 978 2558 XXVI
1008 2493 1140 2558 concilii
1170 2495 1354 2560 Elvirensis
1378 2519 1413 2562 a.

289 2596 353 2658 306
386 2593 510 2658 habiti:
546 2593 672 2658 Placuit
697 2595 845 2680 picturus
875 2595 910 2656 ia
943 2592 1073 2656 ecclesia
1106 2614 1170 2658 esee
1200 2617 1263 2657 aaa
1286 2593 1414 2673 debere,

290 2719 326 2757 ae
349 2694 432 2780 quod
455 2693 570 2756 colitur
584 2703 613 2756 et
627 2692 830 2756 adoraturis
847 2691 1027 2777 parietibus
1051 2691 1249 2776 depingatur.
1299 2691 1411 2771 Quem

289 2811 448 2854 canonem
474 2792 558 2853 varii
581 2799 731 2854 auctores
756 2791 847 2854 vario
877 2788 973 2853 modo
998 2788 1232 2873 exposuere¹);
1271 2789 1412 2874 quidam

290 2911 367 2952 vero
390 2900 607 2969 censuerunt,
631 2887 747 2952 eodem
772 2886 938 2972 prohiberi
963 2887 1143 2969 imagines,
1169 2909 1210 2950 ue
1234 2886 1349 2951 fideles
1373 2890 1411 2952 in

289 2985 506 3051 idololatriam
529 2983 764 3050 relaberentur.
811 2983 876 3050 Sed
900 2983 999 3048 talem
1024 2983 1115 3048 haud
1138 2984 1238 3048 fuisse
1262 2995 1411 3050 mentem

288 3083 456 3148 Ecclesiae
489 3105 530 3147 ex
553 3083 817 3168 frequentissimo
842 3104 903 3145 usu
927 3083 1128 3165 imaginum,
1153 3084 1201 3145 uti
1226 3083 1412 3160 innuimus,

288 3185 421 3246 omnino
444 3181 626 3265 colligitur3
650 3181 820 3266 aptissime
853 3201 931 3242 vero
957 3181 1017 3244 iste
1041 3201 1147 3244 canon
1171 3203 1208 3244 eo
1234 3202 1297 3266 quo
1321 3180 1412 3245 dixi-

288 3302 360 3344 mus
393 3280 489 3344 modo
514 3277 740 3364 explicatur¹).
782 3277 816 3343 Si
843 3299 920 3342 vero
944 3277 1027 3342 forte
1051 3299 1118 3342 non
1140 3279 1272 3364 penitus
1296 3277 1410 3342 delue-

287 3389 364 3442 runt
396 3380 480 3441 inter
514 3387 571 3440 ant
572 3378 666 3462 iquos
690 3375 820 3456 fideles,
845 3377 901 3482 qui
930 3377 1197 3460 pertimescentes
1220 3375 1410 3488 periculum

286 3477 458 3540 affinitatis
481 3497 558 3539 curn
577 3473 667 3538 cultu
682 3426 941 3554 simuladrordrn,
963 3482 1161 3558 exaggerato
1128 3471 1318 3536 tcuidam
1343 3477 1411 3558 spi

288 3574 469 3638 ritualismo
502 3574 643 3636 nimium
677 3571 852 3636 sedarent
881 3581 915 3634 et
937 3569 1072 3634 cultui
1064 3571 1247 3656 imaginum
1271 3591 1336 3634 non
1361 3575 1410 3634 la

290 3683 420 3752 vorent,
446 3671 523 3735 inde
546 3669 672 3735 nullum
699 3670 940 3755 praejudicium
965 3677 1079 3732 eontra
1102 3689 1197 3730 usum
1225 3681 1257 3731 ct
1280 3667 1409 3732 cultum

286 3791 452 3833 sacrarum
476 3771 659 3852 imaginum
685 3768 833 3853 depromi
857 3775 972 3851 potest.

290 3987 497 4006 ,....-.-...-.

360 4116 453 4187 ¹)Cir.
473 4115 615 4169 Helelet.
636 4113 668 4169 G
688 4115 710 4168 B
738 4113 796 4180 Le*
799 4115 873 4178 13,
888 4111 1142 4180 Hergenrotlrerli.
1163 4111 1195 4165 G.
1211 4109 1242 4164 B.
1263 4109 1284 4163 I.
1305 4109 1408 4165 Saso

359 4193 972 4266 11)Οιι.Ρ.Χ.Κιιιιιι,ιιιιιιιιιειιιὶοριιίιιι
997 4191 1044 4245 der
1069 4191 1241 4244 clertstlr'chra
1266 4188 1410 4242 litertln'r-

287 4295 352 4335 ιιιι.
373 4277 473 4342 (1ι,880
458 4277 551 4329 rtrt.
571 4273 704 4328 Biblische
723 4271 941 4340 Darstelluugen,
961 4277 990 4325 et
1008 4269 1198 4338 Bildercyclus.
