3002 4836
286 459 321 514 68
639 462 681 517 De
699 461 803 516 haeresi
821 462 1055 517 Iconoclsstsrum.

288 607 385 669 visse.
432 604 536 690 quue
569 625 607 668 eo
631 604 762 670 facilius
785 605 848 668 sibi
872 614 1116 690 persuaserunt,
1142 606 1231 692 quod
1255 606 1410 672 Orienta-

285 702 382 784 libus,
408 705 456 767 uti
480 703 659 784 innuimus,
684 723 722 767 eo
745 713 893 788 tempore
904 703 1025 766 Franci
1050 702 1170 767 infensi
1196 712 1314 769 essent.
1350 703 1410 766 Vi-

287 800 406 865 dentur
437 801 536 884 legati
560 799 731 866 Pontificis
755 802 816 866 isto
850 799 891 864 de
914 801 1046 884 negotio
1070 799 1153 867 nihil
1178 804 1213 866 in
1238 801 1411 866 mandatis

286 898 453 978 habuisse,
487 921 548 962 nec
571 901 715 984 potuisse
740 899 900 984 dissipare
924 899 1151 963 confusionem
1176 907 1209 963 et
1232 921 1410 964 erroneam

286 998 475 1083 opinionem
499 997 704 1062 Francorum
728 996 770 1060 de
793 997 944 1062 doctrina
961 995 1191 1062 Orientalium.
1238 996 1407 1062 Hadriani

286 1105 396 1160 autem
429 1116 620 1179 responsum
653 1094 695 1159 ad
723 1093 908 1181 Capimlare
940 1095 1003 1180 ipsi
1028 1096 1164 1159 missum
1187 1094 1336 1160 nondum
1362 1095 1406 1158 ad

288 1192 442 1258 Carolum
466 1194 657 1278 pervenisse
682 1192 816 1258 dixeris.

132 1318 192 1361 nnn
207 1317 270 1361 aa
378 1292 428 1354 ts.
452 1291 587 1356 Praeter
609 1289 692 1355 haec
708 1313 747 1355 sa
763 1300 869 1354 aetate
885 1291 926 1354 de
943 1291 1134 1376 quaestione
1149 1293 1213 1354 ista
1236 1293 1269 1354 in
1294 1291 1410 1356 lucem

174 1380 222 1423 Μ
286 1389 408 1474 prodiit
431 1410 513 1474 opus
537 1388 750 1453 distributum
774 1391 808 1454 in
833 1398 973 1474 quatuor
995 1388 1106 1470 libros,
1131 1391 1188 1475 qui
1211 1398 1324 1475 postea
1349 1411 1407 1454 no-

286 1508 362 1550 men
386 1487 551 1551 Librorum
579 1483 800 1552 Carolinorum
831 1496 1043 1572 acceperunt,
1078 1508 1116 1550 eo
1147 1487 1236 1574 quod
1269 1488 1413 1551 nomine

284 1595 318 1648 et
340 1584 422 1648 forte
447 1584 578 1648 hortatu
603 1583 711 1649 Caroli
736 1585 780 1650 M.
806 1584 886 1649 editi
918 1584 1068 1649 fuissent.
1092 1584 1133 1649 In
1156 1585 1208 1649 his
1231 1584 1324 1649 libris
1349 1607 1408 1671 pa-

284 1684 364 1746 riter·
397 1681 537 1746 Consilii
568 1683 708 1746 Nicaeni
732 1683 827 1764 Acta,
859 1682 1140 1768 quemadmodum
1172 1705 1212 1746 ea
1235 1683 1270 1746 in
1297 1705 1408 1768 prava

284 1783 434 1846 versione
457 1780 661 1865 legebantur,
685 1783 804 1844 acriter
832 1791 864 1844 et
887 1780 1101 1846 immoderate
1125 1781 1411 1866 perstringuntur.

285 1879 404 1959 Quoad
442 1878 701 1964 publicationem
740 1877 870 1942 illorum
900 1877 1060 1943 librorum
1090 1877 1264 1942 advertere
1291 1879 1406 1963 juvat,

284 1987 398 2041 notum
415 1975 549 2062 quidem
573 1975 673 2040 fuisse
693 1977 778 2039 inter
794 1976 949 2058 eruditos,
965 1999 986 2039 a
1009 1975 1129 2040 Carolo
1153 1997 1230 2060 rege
1253 1975 1307 2039 vel
1331 1977 1412 2062 ejus-

283 2076 417 2140 nomine
448 2073 610 2160 quaedam
643 2075 765 2160 scripta
788 2075 898 2138 fuisse.
946 2073 1137 2137 Hadrianus
1170 2074 1316 2138 enimin
1342 2097 1407 2137 sua

283 2172 421 2258 epistola
444 2195 501 2257 pro
526 2171 660 2256 Synodo
684 2171 842 2253 Nicaena,
867 2173 915 2235 uti
939 2171 1094 2252 vidimus,
1120 2171 1247 2236 indicat
1273 2170 1411 2258 Capitu-

283 2271 351 2335 larc
383 2293 403 2334 a
436 2268 553 2334 Oarolo
586 2271 739 2352 missum,
765 2279 798 2334 et
830 2269 1031 2356 objectiones
1060 2269 1166 2333 factas
1198 2271 1279 2333 citat
1301 2281 1407 2356 atque

282 2370 422 2450 refutat3
449 2370 636 2453 pariterque
659 2391 679 2431 a
711 2377 877 2432 conventu
900 2367 1077 2432 Parisiensi
1107 2389 1137 2432 a.
1162 2365 1227 2432 825
1252 2366 1313 2432 sub
1336 2368 1406 2432 Lu·

284 2467 402 2532 dorico
425 2467 485 2530 Pio
508 2464 641 2546 habito,
675 2475 708 2530 et
730 2467 772 2530 ab
796 2467 978 2530 Hincmaro
1003 2467 1156 2552 episcopo
1183 2465 1411 2550 Rhomensi¹)

284 2565 339 2629 illa
372 2566 494 2651 scripta
518 2575 825 2630 commemorantur.
850 2563 977 2628 Textus
1000 2573 1111 2627 tumen
1135 2563 1313 2628 Librorum
1339 2561 1404 2628 Oa-

282 2663 462 2727 roliuorum
487 2664 618 2748 ignotus
642 2672 720 2744 erat,
746 2662 852 2726 donec
875 2685 904 2727 a.
933 2662 1017 2726 1549
1042 2661 1143 2726 iidem
1159 2661 1295 2726 Parisiis
1318 2659 1408 2726 editi

282 2771 359 2826 sunt
382 2760 424 2825 ab
441 2762 630 2844 Anonymo,
647 2761 703 2846 qui
728 2760 792 2824 fuit
806 2761 827 2825 J
830 2783 952 2824 oannes
969 2760 1015 2824 du
1029 2759 1129 2824 Tillet
1143 2759 1288 2846 (Tilius),
1314 2781 1406 2845 pres-

282 2859 378 2944 byter
417 2859 584 2936 eruditus,
622 2868 734 2943 postea
771 2860 946 2944 episcopus
979 2858 1028 2924 Sti
1059 2859 1169 2922 Brioci
1207 2856 1323 2944 (1553)
1362 2880 1406 2922 ac

282 2957 360 3022 dein
384 2957 499 3043 (1564)
524 2955 744 3041 Meldensis¹).
793 2955 990 3020 Calvinismi
1023 2955 1078 3020 hic
1101 2957 1154 3019 vir
1177 2967 1247 3019 erat
1270 2977 1407 3040 suspec-

281 3067 343 3120 tus.
367 3093 408 3102 -
433 3054 513 3118 Mox
527 3055 749 3118 Protestautes
772 3053 837 3117 illis
852 3053 945 3118 libris
968 3052 1063 3118 abusi
1088 3063 1164 3118 sunt
1187 3063 1301 3118 contra
1325 3052 1404 3116 doc·

282 3155 403 3218 trinam
444 3151 639 3216 catholicam
675 3151 715 3216 de
749 3150 839 3215 cultu
875 3173 1042 3216 sacrarum
1077 3153 1279 3236 imaginum3
1315 3151 1408 3214 inter

281 3250 459 3316 catholicos
483 3251 657 3335 scriptores
673 3259 783 3312 autem
806 3253 1029 3314 controversia
1044 3261 1114 3314 orta
1129 3259 1178 3313 est
1201 3248 1241 3311 de
1265 3258 1405 3312 auctore

281 3348 409 3414 illorum
428 3347 587 3412 librorum
602 3345 840 3432 Carolinorum,
858 3369 940 3432 quos
954 3347 1060 3411 Tilius
1077 3346 1234 3411 ediderat.
1265 3345 1406 3410 Etenim

281 3447 453 3528 Batonius,
477 3444 707 3526 Bellarminus,
741 3443 857 3509 Surius
887 3445 1009 3532 aliique
1033 3445 1282 3525 contenderunt,
1307 3466 1404 3529 prae·

280 3546 365 3608 fatos
388 3544 488 3608 libros
513 3564 663 3628 nequeo
687 3541 804 3607 Carolo
838 3543 882 3608 Μ.
890 3594 898 3624 ,
924 3565 1031 3629 neque
1055 3544 1125 3628 ejus
1150 3542 1315 3623 mandato,
1342 3544 1404 3606 sed

281 3642 341 3707 sub
367 3643 438 3728 ejus
462 3642 594 3706 nomine
618 3639 785 3727 abaliquo
806 3641 969 3706 haeretico
991 3640 1204 3706 iconomacho
1230 3651 1287 3704 aut
1310 3638 1407 3704 illins

280 3752 338 3805 aut
367 3739 558 3804 recentioris
590 3740 707 3802 aetatis
740 3739 876 3826 (saeculi
909 3738 1018 3826 XVI),
1052 3741 1152 3804 fuisse
1186 3740 1401 3824 conscriptos.

279 3837 350 3901 Nec
383 3837 502 3901 desunt
532 3837 588 3920 qui
621 3845 731 3900 nostro
765 3847 911 3922 tempore
945 3839 991 3901 ita
1021 3839 1223 3919 existimant,
1252 3857 1292 3900 ac
1315 3836 1403 3900 sorte

280 3959 299 3999 a
322 3935 423 3999 fratre
437 3935 577 3999 Joannis
596 3932 674 3998 ‘lilii
699 3957 780 4020 opus
804 3937 1011 4021 suppositum
1035 3935 1088 3999 vel
1112 3944 1302 4020 corruptum
1328 3957 1403 3998 esse

355 4093 374 4164 ¹)
393 4092 494 4148 Contra
511 4092 648 4147 Hincmar.
666 4091 879 4159 Laudunensern,
898 4110 919 4148 c.
940 4095 984 4150 20.

352 4173 373 4243 ³)
392 4173 491 4228 Postea
509 4173 628 4227 Goldost.
637 4173 752 4230 constit.
771 4173 902 4242 imperial.
921 4175 973 4229 vol.
993 4175 1008 4228 I
1026 4188 1071 4228 eos
1089 4172 1171 4228 libros
1189 4170 1348 4240 publicarit,
1369 4187 1406 4226 sc

278 4252 340 4308 dein
359 4269 383 4309 a.
405 4255 470 4308 1731
491 4255 524 4307 Α.
543 4253 693 4309 Heumann.
