2932 4836
467 493 553 548 Initio
570 493 714 550 scissionis.
1040 517 1043 532 ·
1099 498 1152 552 845

45 639 192 702 affinitate
220 658 347 718 nexus,
381 659 458 703 cnm
482 647 623 724 quatuor
644 636 869 723 praesulibus,
902 660 942 703 ac
972 660 1152 725 permagna

45 757 169 800 munera
192 735 407 822 Imperatoris
430 734 529 820 legati
553 733 778 820 afferebant.¹)
824 734 857 801 S.
881 735 1038 801 Nicolaus
1061 740 1153 824 Papa

44 834 155 918 legatos
178 855 256 898 cum
279 833 397 898 litteris
419 833 563 918 benigne
582 833 718 918 quidem
739 835 873 918 recepit,
898 844 1044 900 attamen
1058 839 1153 920 srsgis

44 930 219 996 munoribus
238 933 310 1017 jam
325 929 663 1018 percrebescentibus,
687 933 759 1016 ipse
776 930 1007 1017 suspicabatur
1019 933 1153 998 fraudes

43 1029 246 1111 Graecorum,
270 1040 303 1094 et
327 1051 448 1114 magne
472 1049 546 1094 cum
571 1028 747 1116 prudentia
771 1051 822 1094 res
845 1030 1016 1116 disposuit.
1058 1030 1154 1122 Cujus

43 1127 170 1212 (Photii)
195 1127 397 1215 lepotionm
422 1129 468 1192 ait
491 1127 700 1208 Anastasius,
719 1127 893 1213 praefatae
915 1151 1051 1193 summus
1074 1130 1153 1193 Pon-

42 1225 115 1310 afa
144 1227 320 1312 mmeipiens
353 1236 383 1290 et
408 1235 631 1312 pertractans,
667 1225 739 1290 licet
770 1227 922 1312 hncneqne
945 1229 1154 1291 versutiarum

42 1327 100 1410 ejas
121 1334 214 1409 atone
236 1335 393 1410 pestomcm
416 1325 564 1410 iprenses,
591 1345 697 1411 paene
720 1335 832 1390 concta
855 1347 934 1410 qnae
958 1324 998 1388 ab
1022 1347 1056 1388 eo
1080 1336 1153 1390 acta

35 1422 171 1506 fenam
195 1423 307 1507 rapaci
328 1421 533 1508 deprehendit
556 1420 740 1506 acuatum)
778 1421 915 1505 Syncdo
936 1421 1014 1486 dein
1030 1421 1154 1486 Romae

42 1518 147 1584 habits
170 1519 319 1584 decrevit
349 1519 433 1584 duos
455 1519 580 1604 legatos
605 1518 926 1604 Constantinopolim
959 1520 1087 1584 mittere
1111 1519 1153 1584 cd

42 1620 163 1702 negotis
187 1617 412 1682 ecclesiastica
435 1616 561 1682 ibidem
594 1615 779 1683 tractanda.
827 1616 917 1698 Quid
941 1617 981 1682 iis
1005 1619 1153 1682 commis·
1170 1621 1316 1726 ¹23⁰*

41 1737 105 1780 sum
129 1716 247 1796 fuerit,
281 1715 368 1780 clare
392 1713 558 1800 colligitur
589 1735 631 1780 ex
656 1715 795 1800 epistole
817 1717 850 1780 9·
875 1713 1021 1794 Nicolei,
1055 1737 1153 1801 quam
1278 1716 1282 1724 ’

41 1813 202 1900 aliquanto
235 1824 309 1900 post
339 1813 384 1878 ed
417 1813 615 1879 Michsdlem
646 1814 733 1898 Imp.
766 1815 906 1899 scripsit.
956 1811 1040 1886 Quia
1073 1815 1156 1878 inter

40 1923 167 1992 coemto,
192 1913 310 1998 inquit,
337 1935 417 1998 qaae
440 1912 480 1976 de
503 1913 665 1976 rememora
681 1916 754 1999 jam
769 1911 867 1996 fatae
894 1909 1040 1977 CPtanoe
1064 1911 1155 1976 eccle·

40 2011 99 2072 sine
122 2011 156 2074 ta·
176 2011 232 2094 qni
252 2010 343 2074 missi
356 2009 495 2094 fecerant
518 2009 725 2087 testabantur,
748 2011 885 2072 manime
909 2009 1048 2072 eamdem
1064 2007 1155 2072 eccle·

39 2107 113 2169 riam
149 2105 190 2170 nd
226 2108 439 2171 Iconomccltio
473 2107 646 2171 recidivam
682 2107 909 2170 contuitionem
945 2107 1156 2172 tmcitantidns

40 2202 216 2268 comebant
237 2205 360 2285 nemori,
388 2202 605 2290 Christumque
624 2226 686 2291 per
709 2203 836 2290 sinpula
859 2203 1075 2268 conventicula
1091 2203 1156 2270 tta-

40 2302 208 2385 spiemari:
230 2301 349 2366 idcirco
373 2303 453 2366 dnos
476 2303 640 2389 episcopos
662 2303 717 2388 qni
738 2301 898 2366 nobiscnm
921 2311 1022 2380 erant,
1045 2303 1156 2388 quique

40 2399 78 2460 cd
108 2401 163 2464 loc
196 2411 320 2464 tontum
346 2400 573 2486 perficiendum
605 2421 684 2486 opas
715 2399 825 2464 idonei
861 2423 926 2464 ecce
958 2399 1156 2479 uidebantur,

41 2495 237 2560 liodoaldnm
266 2495 385 2562 scilieet
419 2509 449 2562 et
479 2499 683 2575 Zaclmriam,
716 2521 781 2561 nna
811 2521 879 2561 cnm
912 2497 1043 2562 ecclesia
1078 2521 1157 2583 qnae

41 2595 121 2678 opud
143 2617 202 2660 nos
225 2605 285 2674 est,
309 2597 397 2660 dotis
419 2595 535 2662 litteris
556 2593 877 2681 Constantinopolim,
904 2595 988 2658 mem
1010 2597 1158 2660 nimirum

36 2692 194 2774 picenium
226 2704 426 2771 ecca-antes,
462 2717 477 2756 e
510 2693 610 2757 latere
632 2703 740 2758 nostro
774 2693 965 2772 diremimus,
1000 2693 1081 2757 attii
1113 2696 1159 2759 eis

36 2792 159 2872 persiam
181 2794 402 2880 injurcyentee,
424 2793 491 2856 nisi
512 2801 547 2854 nt
572 2791 784 2855 tantummodo
808 2813 936 2854 cansam
959 2792 1080 2876 Ipnatii
1096 2815 1157 2878 pa·

42 2889 191 2954 marciae
220 2891 276 2974 qni
298 2901 371 2954 cote
394 2890 433 2953 de
457 2888 587 2952 ecclesia
605 2887 721 2974 polonie
750 2910 844 2972 pacm
875 2887 915 2950 ab
939 2889 1045 2976 aliquo
1070 2913 1157 2955 acme·

41 2997 122 3050 mina
143 2989 326 3066 rutilant,
359 2985 528 3071 dilipenter
549 2985 790 3070 inoestiparent,
820 2996 850 3048 et
871 2986 942 3048 sedi
964 2987 1158 3071 apostolicae

41 3085 196 3149 mucidus
213 3084 344 3170 plenius
366 3084 525 3171 referrent
547 3083 711 3148 indiciis..
729 3131 758 3147 ..
783 3083 890 3147 Plautii
911 3105 983 3147 cero
1000 3105 1159 3150 consecra·

42 3183 150 3245 tionem
172 3205 236 3248 non
259 3181 360 3248 colom
381 3183 508 3246 minime
533 3183 659 3246 interim
683 3179 914 3246 admittendam
936 3202 1001 3246 esse
1024 3181 1159 3246 credidi·

42 3299 115 3356 mas,
136 3281 358 3346 verumetiam
382 3281 463 3366 iperio
487 3279 601 3365 lepntis
622 3279 741 3342 nostris
762 3299 802 3344 ne
822 3301 889 3342 cnm
908 3280 979 3365 ipso
994 3282 1159 3344 commum·

41 3387 154 3456 amerit,
166 3377 333 3464 frequente
346 3401 385 3442 ac
398 3377 560 3442 mnodo
571 3377 716 3467 jussione
729 3378 961 3463 praecepimus.
1003 3373 1159 3449 Quoniam

42 3473 119 3536 siam
137 3474 356 3561 moperc'loqnns
378 3476 441 3540 Leo
459 3498 555 3562 papa
578 3473 716 3539 scribam
738 3473 783 3537 ad
806 3483 947 3538 sanaem
968 3473 1160 3539 Flauianum

42 3571 119 3634 dicit
148 3574 340 3640 andenam:
371 3574 442 3638 Nos
464 3574 519 3659 qni
541 3572 740 3636 sacerdotnm
762 3571 895 3635 Domini
925 3581 1053 3636 matura
1075 3570 1159 3636 coln·

43 3691 107 3733 taces
129 3691 190 3734 esse
206 3671 353 3761 judicia,
377 3669 459 3736 citit
475 3693 646 3758 possumne
667 3670 838 3756 incopnitis
860 3668 953 3734 rebus
978 3673 1160 3758 cnyncqnam

39 3767 143 3849 partis
171 3769 206 3832 in
231 3769 469 3858 praejudicinm
499 3768 660 3855 diffinire,
688 3768 878 3854 prinsquam
900 3767 1048 3831 aniverso
1080 3789 1159 3852 qnae

46 3931 247 3942 μνη-ὴ..-

117 4016 137 4080 ¹)
153 4015 183 4072 V.
203 4019 329 4072 inustas
349 4015 377 4070 in
404 4016 466 4070 Vito
485 4015 597 4071 Nicolcc'
620 4031 643 4072 c.
663 4014 772 4080 XVIII,
792 4019 820 4070 et
838 4013 985 4070 Baronium
1011 4013 1045 4070 sd
1064 4029 1088 4070 a.
1107 4015 1160 4070 859

43 4111 68 4148 n
85 4095 133 4150 59.
151 4127 179 4136 -
198 4097 413 4167 Descriptionem
430 4096 561 4152 donorum
584 4111 643 4150 oum
661 4095 770 4150 erudito
788 4094 970 4164 explicatione
988 4093 1070 4150 habes
1089 4095 1161 4163 apud

44 4174 141 4229 Heisle
157 4175 184 4234 0.
201 4177 233 4233 G.
251 4177 282 4232 a
301 4176 349 4234 IV.
368 4177 394 4248 g.
412 4177 474 4232 mn.

119 4263 141 4331 ¹)
158 4263 241 4321 Praei.
260 4266 289 4320 in
307 4265 386 4320 Gouc.
406 4263 489 4330 VII1;
508 4263 599 4318 stbe
618 4263 695 4320 VIII.
713 4263 777 4318 idi.
