2922 4832
352 538 393 592 De
413 538 474 607 lege
493 538 640 594 coelibatus
659 539 771 596 violata.
1094 545 1146 597 177

48 701 130 764 quum
152 683 241 746 enim
266 682 353 745 inter
374 681 476 746 laicos
500 705 623 769 magna
637 705 766 748 morum
789 683 949 749 relaxatio
974 686 1147 772 obtineret,

49 779 74 841 in
93 779 170 844 clero
194 801 326 866 quoque
349 789 487 865 peccata
522 783 633 867 turpia
657 805 691 846 se
722 793 957 868 propagarunt.
1004 784 1148 872 Objicie·

47 874 111 940 bant
130 877 209 942 talia
233 879 256 942 ii
281 878 468 943 sacerdotes
491 879 548 965 qni
565 879 769 944 connubium
793 879 987 946 clericorum
1012 881 1148 948 tueban-

46 984 87 1038 tnr
106 975 300 1040 adversariis
324 977 409 1058 suis,
446 979 494 1041 uti
517 976 671 1042 Andreas
694 977 868 1064 presbyter
890 979 1149 1045 Mediolanensis

45 1075 78 1152 (a.
88 1074 190 1161 1065),
200 1074 528 1160 qucmLandulphus
542 1097 610 1141 sen.
627 1078 661 1140 in
675 1099 734 1141 sua
746 1077 893 1141 Historia
906 1077 1146 1143 Mediolanensi

44 1173 79 1236 ita
100 1173 223 1238 inducit
246 1171 452 1258 loquentem:
503 1173 589 1248 Quid
611 1197 682 1238 vcro
701 1199 764 1262 per
793 1177 931 1240 homines
945 1175 1024 1260 fleri
1039 1186 1148 1263 potest

43 1270 188 1350 stolidius,
221 1271 298 1357 qnid
328 1271 457 1335 diuinae
487 1271 706 1336 maledictioni
733 1271 921 1358 oblipatias,
957 1296 1049 1358 qaam
1079 1295 1147 1337 cam

43 1368 134 1454 aliqui,
157 1371 206 1434 acl
218 1371 361 1455 episcopi
382 1368 538 1448 uidelicet,
563 1367 612 1434 rel
636 1371 863 1449 archidiaconi,
884 1374 931 1434 ita
949 1372 1146 1458 praccipites

41 1469 93 1530 sint
119 1469 151 1530 in
184 1466 348 1531 libidinem
354 1516 364 1546 ,
396 1477 432 1530 at
459 1490 557 1553 neque
581 1467 744 1532 adulteria
765 1491 863 1553 neque
887 1470 1025 1532 incestas
1047 1489 1147 1554 meque

41 1566 232 1630 matorum
256 1565 351 1651 (prole
368 1565 514 1652 padari)
545 1567 743 1652 turpissimos
776 1565 942 1652 amplexus
966 1568 1069 1630 sciant
1093 1565 1146 1631 ab·

39 1663 163 1742 tomas,
195 1663 280 1750 qaod
303 1674 392 1726 casta
415 1663 597 1726 clericorum
620 1664 767 1753 conjnpia
789 1663 852 1726 sibi
884 1664 995 1727 dicant
1009 1664 1146 1750 foetere,

39 1771 63 1823 ct
81 1762 116 1826 ab
138 1766 184 1827 eis
207 1784 272 1826 non
293 1784 385 1824 verae
402 1762 551 1849 justitiae
575 1762 790 1847 compassione
803 1761 942 1840 clericos,
966 1771 1002 1825 ut
1025 1783 1146 1826 conscr-

38 1882 82 1923 cos
100 1871 208 1948 repant
229 1859 279 1923 ecl
301 1869 448 1922 maneant
471 1861 629 1922 continere
636 1908 646 1938 ,
681 1859 736 1922 scd
758 1869 793 1922 ut
826 1882 930 1923 seruos
950 1859 1086 1949 jubeant
1108 1883 1147 1924 ac

37 1971 133 2042 repant
164 1959 332 2024 abstinere.
386 1955 440 2020 Ad
472 1960 561 2046 cajus
596 1957 741 2050 imperii
761 1966 825 2020 tam
849 1957 983 2043 fatuam
1024 1968 1147 2044 tamque

36 2065 143 2143 turpem
166 2057 292 2121 addant
315 2056 551 2141 suppcstionem,
575 2065 610 2118 nt
634 2055 762 2119 dicant:
795 2056 953 2119 honestans
978 2067 1023 2119 est
1040 2056 1146 2142 pluri·

35 2152 81 2216 bin
103 2153 219 2218 occulte
243 2153 414 2247 inplicari,
438 2177 532 2238 paam
556 2165 665 2240 aperte
688 2154 893 2217 inhominem
916 2154 1006 2218 vultu
1028 2165 1058 2217 ct
1075 2177 1145 2218 con·

34 2253 155 2318 scicntia
179 2275 246 2316 cam
269 2275 335 2315 nna
359 2252 529 2336 lipari...
555 2251 602 2315 Hi
626 2262 700 2315 sant
723 2251 870 2330 domines,
904 2253 958 2337 qai
974 2253 1070 2339 prins
1094 2251 1146 2316 de·

33 2348 127 2415 laert
149 2350 241 2415 nobis
258 2351 466 2436 persuadere,
490 2361 525 2413 ut
539 2351 574 2413 in
598 2359 763 2436 conspectu
779 2353 845 2438 ejus
869 2351 920 2418 cai
935 2353 1041 2414 omnia
1056 2349 1146 2414 nuda

32 2459 57 2510 et
77 2460 190 2534 aperta
212 2459 286 2512 sant
317 2447 533 2512 erabescamas
563 2458 744 2534 peccatores
767 2469 848 2528 esec,
882 2471 976 2533 qnam
1007 2450 1042 2512 in
1074 2470 1145 2512 con·

31 2559 127 2631 specta
162 2548 320 2610 bominum
350 2547 531 2610 studeamus
562 2545 672 2610 mandi
704 2547 810 2627 esse.¹)
868 2543 935 2608 Ista
970 2547 1145 2610 manifeste

31 2656 222 2730 exaggerata
246 2654 332 2726 sunt,
358 2653 390 2707 et
419 2644 605 2730 passionem
629 2645 757 2728 spirant
781 2642 962 2707 defensoris
986 2643 1143 2708 connubi-

30 2761 113 2807 orum
138 2743 229 2808 cleri.
267 2743 311 2806 Et
335 2743 488 2828 quamvis
512 2741 678 2806 interdum
702 2741 792 2827 apud
817 2741 953 2806 clericos
977 2743 1060 2806 vitia
1079 2751 1144 2805 tur·

30 2841 77 2922 pia
93 2843 334 2922 invenirentur,
359 2840 441 2905 falso
465 2851 576 2905 tamen
601 2839 679 2904 inde
703 2851 935 2924 argumentum
960 2839 1143 2926 petebatur,

28 2939 260 3020 permittendas
291 2960 360 3003 esse
393 2941 526 3023 nuptias
563 2937 769 3003 clericorum.
826 2939 960 3002 Etenim
995 2949 1066 3002 tum
1101 2960 1143 3002 ex

27 3039 194 3124 principiis
217 3037 311 3120 fidei,
346 3049 416 3101 tum
450 3059 492 3100 ex
526 3039 731 3122 experientia
761 3035 1033 3123 praecedentium
1063 3046 1142 3100 tem·

26 3156 136 3219 porum
156 3137 229 3222 jam
246 3135 428 3218 constabat,
453 3147 585 3199 servata
609 3135 832 3199 ecclesiastica
849 3134 1026 3221 disciplina
1043 3136 1142 3199 etiam

26 3236 258 3298 continentiam
283 3257 302 3297 a
327 3233 455 3298 clericis
469 3231 559 3297 haud
577 3233 755 3298 difficulter
770 3254 866 3318 posse
889 3234 1024 3298 servari.
1049 3232 1143 3297 Idem

25 3351 95 3394 vero
119 3333 312 3418 posterioris
344 3334 460 3396 aetatis
484 3333 690 3418 experientia
713 3329 886 3416 splendide
910 3332 1142 3394 confirmatum

23 3427 89 3492 fnit.
137 3429 309 3494 Immerito
342 3439 452 3494 autem
477 3430 733 3494 Protestantium
762 3430 937 3515 scriptores
968 3428 1141 3515 (Gieselar,

23 3523 209 3614 blasheim)
239 3527 402 3613 ejusmodi
426 3527 514 3592 facta
539 3539 570 3592 et
594 3527 682 3592 dicta
708 3536 900 3612 congerunt,
925 3529 1037 3612 eisque
1069 3525 1142 3590 hor-

22 3624 136 3688 rendos
170 3623 351 3689 coelibatus
384 3626 520 3689 effectus
551 3626 651 3690 fuisse
685 3625 806 3689 inferre
836 3626 996 3689 nituntur.
1049 3622 1142 3687 Nihil

21 3719 106 3788 aliud
131 3725 222 3787 enim
247 3723 325 3787 inde
350 3723 459 3808 colligi
483 3734 598 3809 potest,
624 3725 686 3789 nisi
710 3722 856 3806 clericos,
888 3721 1020 3809 quando
1046 3721 1141 3786 disci-

21 3819 143 3902 plinam
170 3843 236 3886 non
261 3832 405 3902 servant,
430 3823 597 3886 exercitiis
620 3823 752 3908 pietatis
767 3843 833 3886 non
857 3821 1022 3901 insistunt,
1047 3841 1141 3882 suam

19 3918 192 4004 negligunt
215 3921 441 4001 vocationem,
475 3943 514 3984 ac
537 3919 692 4006 periculis
717 3942 750 3984 se
775 3927 965 4005 exponunt,
999 3919 1033 3982 in
1057 3917 1141 3980 vitia

19 4039 109 4081 ruere
135 4039 247 4104 posse,
284 4017 431 4104 adeoque
456 4020 535 4104 ipsis
559 4017 720 4082 orandum
755 4039 824 4081 esse
856 4026 888 4081 et
920 4014 1139 4100 vigilandum,

19 4139 55 4179 ne
78 4119 207 4182 intrent
230 4118 266 4181 in
290 4119 514 4185 tentationem.

87 4341 107 4410 ¹)
128 4342 182 4406 Ap,
203 4339 334 4392 Muratori
354 4337 451 4407 Script.
471 4353 521 4392 rer.
541 4337 605 4391 Ital.
624 4337 672 4393 lv.
693 4338 752 4390 112.

41 4438 186 4489 Jnngmann,
202 4439 388 4478 Dissertatloues.
403 4439 468 4478 Tora.
484 4439 523 4478 IV.
