<?xml version="1.0" encoding="UTF-8"?>
<!DOCTYPE html PUBLIC "-//W3C//DTD XHTML 1.0 Transitional//EN"
    "http://www.w3.org/TR/xhtml1/DTD/xhtml1-transitional.dtd">
<html xmlns="http://www.w3.org/1999/xhtml" xml:lang="en" lang="en">
 <head>
  <title>
</title>
<meta http-equiv="Content-Type" content="text/html;charset=utf-8" />
  <meta name='ocr-system' content='tesseract 3.04.00' />
  <meta name='ocr-capabilities' content='ocr_page ocr_carea ocr_par ocr_line ocrx_word'/>
</head>
<body>
  <div class='ocr_page' id='page_1' title='image "./dissertationess01junggoog_0750.png"; bbox 0 0 2952 4832; ppageno 0'>
   <div class='ocr_carea' id='block_1_1' title="bbox 348 487 1182 554">
    <p class='ocr_par' dir='ltr' id='par_1_1' title="bbox 348 487 1182 554">
     <span class='ocr_line' id='line_1_1' title="bbox 348 487 1182 554; baseline 0 -14"><span class='ocrx_word' id='word_1_1' title='bbox 348 489 386 540; x_wconf 85' lang='lat' dir='ltr'><strong>De</strong></span> <span class='ocrx_word' id='word_1_2' title='bbox 404 487 568 540; x_wconf 83' lang='lat' dir='ltr'><strong>l’ontiticatu</strong></span> <span class='ocrx_word' id='word_1_3' title='bbox 587 488 613 542; x_wconf 78' lang='lat' dir='ltr'><strong>S.</strong></span> <span class='ocrx_word' id='word_1_4' title='bbox 633 488 758 554; x_wconf 72' lang='lat' dir='ltr'><strong>Gregorii</strong></span> <span class='ocrx_word' id='word_1_5' title='bbox 779 488 842 542; x_wconf 79' lang='lat' dir='ltr'><strong>VII.</strong></span> <span class='ocrx_word' id='word_1_6' title='bbox 1129 489 1182 542; x_wconf 75' lang='lat' dir='ltr'><strong>eto</strong></span> 
     </span>
    </p>
   </div>
   <div class='ocr_carea' id='block_1_2' title="bbox 67 629 1182 1006">
    <p class='ocr_par' dir='ltr' id='par_1_2' title="bbox 67 629 1182 1006">
     <span class='ocr_line' id='line_1_2' title="bbox 67 629 1181 718; baseline 0.004 -29"><span class='ocrx_word' id='word_1_7' title='bbox 67 643 166 693; x_wconf 67' lang='lat' dir='ltr'><strong>tndem</strong></span> <span class='ocrx_word' id='word_1_8' title='bbox 193 632 403 694; x_wconf 81' lang='lat' dir='ltr'><strong>acrecnlurinrn</strong></span> <span class='ocrx_word' id='word_1_9' title='bbox 428 633 612 716; x_wconf 74' lang='lat' dir='ltr'><strong><em>principum</em></strong></span> <span class='ocrx_word' id='word_1_10' title='bbox 635 643 665 693; x_wconf 85' lang='lat' dir='ltr'><strong>et</strong></span> <span class='ocrx_word' id='word_1_11' title='bbox 682 643 848 718; x_wconf 85' lang='lat' dir='ltr'><strong>potentum</strong></span> <span class='ocrx_word' id='word_1_12' title='bbox 871 629 917 694; x_wconf 85' lang='lat' dir='ltr'><strong>cel</strong></span> <span class='ocrx_word' id='word_1_13' title='bbox 931 632 1064 695; x_wconf 82' lang='lat' dir='ltr'><strong>alterius</strong></span> <span class='ocrx_word' id='word_1_14' title='bbox 1079 634 1181 717; x_wconf 75' lang='lat' dir='ltr'><strong>dipisi-</strong></span> 
     </span>
     <span class='ocr_line' id='line_1_3' title="bbox 68 727 1182 815; baseline 0.004 -27"><span class='ocrx_word' id='word_1_15' title='bbox 68 731 138 790; x_wconf 84' lang='lat' dir='ltr'><strong>tntia</strong></span> <span class='ocrx_word' id='word_1_16' title='bbox 162 727 273 806; x_wconf 80' lang='lat' dir='ltr'><strong>laicas,</strong></span> <span class='ocrx_word' id='word_1_17' title='bbox 299 731 449 792; x_wconf 69' lang='lat' dir='ltr'><strong>adseram</strong></span> <span class='ocrx_word' id='word_1_18' title='bbox 474 751 661 792; x_wconf 84' lang='lat' dir='ltr'><strong>communem</strong></span> <span class='ocrx_word' id='word_1_19' title='bbox 685 742 950 793; x_wconf 86' lang='lat' dir='ltr'><strong>etconsonuutem</strong></span> <span class='ocrx_word' id='word_1_20' title='bbox 973 741 1065 815; x_wconf 73' lang='lat' dir='ltr'><strong>atquae</strong></span> <span class='ocrx_word' id='word_1_21' title='bbox 1090 753 1182 793; x_wconf 86' lang='lat' dir='ltr'><strong>enno-</strong></span> 
     </span>
     <span class='ocr_line' id='line_1_4' title="bbox 68 826 1181 912; baseline 0.004 -25"><span class='ocrx_word' id='word_1_22' title='bbox 68 829 163 889; x_wconf 85' lang='lat' dir='ltr'><strong>nicnm</strong></span> <span class='ocrx_word' id='word_1_23' title='bbox 193 828 372 890; x_wconf 75' lang='lat' dir='ltr'><em>electionem</em></span> <span class='ocrx_word' id='word_1_24' title='bbox 404 826 609 891; x_wconf 82' lang='lat' dir='ltr'><strong>ecclesiastici</strong></span> <span class='ocrx_word' id='word_1_25' title='bbox 631 828 756 891; x_wconf 82' lang='lat' dir='ltr'><strong>ordinis</strong></span> <span class='ocrx_word' id='word_1_26' title='bbox 779 849 871 912; x_wconf 73' lang='lat' dir='ltr'><strong>opere</strong></span> <span class='ocrx_word' id='word_1_27' title='bbox 895 831 1072 906; x_wconf 76' lang='lat' dir='ltr'><strong>tentaverit,</strong></span> <span class='ocrx_word' id='word_1_28' title='bbox 1104 851 1181 892; x_wconf 88' lang='lat' dir='ltr'><strong>anu-</strong></span> 
     </span>
     <span class='ocr_line' id='line_1_5' title="bbox 67 925 827 1006; baseline 0.003 -21"><span class='ocrx_word' id='word_1_29' title='bbox 67 927 160 987; x_wconf 79' lang='lat' dir='ltr'><strong>ticina</strong></span> <span class='ocrx_word' id='word_1_30' title='bbox 184 929 236 1004; x_wconf 82' lang='lat' dir='ltr'><strong>ait,</strong></span> <span class='ocrx_word' id='word_1_31' title='bbox 261 926 358 989; x_wconf 86' lang='lat' dir='ltr'><strong>donec</strong></span> <span class='ocrx_word' id='word_1_32' title='bbox 382 925 509 988; x_wconf 76' lang='lat' dir='ltr'><strong><em>obediat</em></strong></span> <span class='ocrx_word' id='word_1_33' title='bbox 531 937 561 988; x_wconf 87' lang='lat' dir='ltr'><strong>et</strong></span> <span class='ocrx_word' id='word_1_34' title='bbox 584 928 827 1006; x_wconf 68' lang='lat' dir='ltr'><strong>consentiut¹).“</strong></span> 
     </span>
    </p>
   </div>
   <div class='ocr_carea' id='block_1_3' title="bbox 150 1022 1315 1108">
    <p class='ocr_par' dir='ltr' id='par_1_3' title="bbox 150 1022 1315 1108">
     <span class='ocr_line' id='line_1_6' title="bbox 150 1022 1315 1108; baseline -0.002 -22"><span class='ocrx_word' id='word_1_35' title='bbox 150 1024 201 1088; x_wconf 76' lang='lat'><strong>70.</strong></span> <span class='ocrx_word' id='word_1_36' title='bbox 248 1023 501 1087; x_wconf 71' lang='lat' dir='ltr'><strong>advertendum</strong></span> <span class='ocrx_word' id='word_1_37' title='bbox 530 1034 700 1108; x_wconf 85' lang='lat' dir='ltr'><strong>praeterea</strong></span> <span class='ocrx_word' id='word_1_38' title='bbox 724 1035 787 1102; x_wconf 88' lang='lat' dir='ltr'><strong>est,</strong></span> <span class='ocrx_word' id='word_1_39' title='bbox 819 1023 1016 1107; x_wconf 84' lang='lat' dir='ltr'><strong>Gregorium</strong></span> <span class='ocrx_word' id='word_1_40' title='bbox 1040 1022 1104 1086; x_wconf 83' lang='lat' dir='ltr'><strong>Vll</strong></span> <span class='ocrx_word' id='word_1_41' title='bbox 1127 1045 1181 1108; x_wconf 88' lang='lat' dir='ltr'><strong>pa·</strong></span> <span class='ocrx_word' id='word_1_42' title='bbox 1222 1046 1239 1084; x_wconf 81' lang='lat' dir='ltr'><strong>c</strong></span> <span class='ocrx_word' id='word_1_43' title='bbox 1310 1051 1315 1060; x_wconf 92' lang='lat'>·</span> 
     </span>
    </p>
   </div>
   <div class='ocr_carea' id='block_1_4' title="bbox 53 1119 1181 4145">
    <p class='ocr_par' dir='ltr' id='par_1_4' title="bbox 53 1119 1181 4145">
     <span class='ocr_line' id='line_1_7' title="bbox 63 1119 1181 1208; baseline 0.004 -27"><span class='ocrx_word' id='word_1_44' title='bbox 63 1131 165 1184; x_wconf 88' lang='lat' dir='ltr'><strong>ratum</strong></span> <span class='ocrx_word' id='word_1_45' title='bbox 190 1123 300 1202; x_wconf 73' lang='lat' dir='ltr'><strong>finisse,</strong></span> <span class='ocrx_word' id='word_1_46' title='bbox 332 1131 368 1184; x_wconf 91' lang='lat' dir='ltr'><strong>ut</strong></span> <span class='ocrx_word' id='word_1_47' title='bbox 391 1143 467 1184; x_wconf 91' lang='lat' dir='ltr'><strong>cum</strong></span> <span class='ocrx_word' id='word_1_48' title='bbox 498 1119 707 1208; x_wconf 89' lang='lat' dir='ltr'><strong>principibus</strong></span> <span class='ocrx_word' id='word_1_49' title='bbox 731 1143 770 1184; x_wconf 89' lang='lat' dir='ltr'><strong>ac</strong></span> <span class='ocrx_word' id='word_1_50' title='bbox 794 1123 967 1208; x_wconf 79' lang='lat' dir='ltr'><strong>speciatim</strong></span> <span class='ocrx_word' id='word_1_51' title='bbox 991 1141 1068 1184; x_wconf 90' lang='lat' dir='ltr'><strong>cum</strong></span> <span class='ocrx_word' id='word_1_52' title='bbox 1091 1121 1181 1185; x_wconf 88' lang='lat' dir='ltr'><strong>Hen-</strong></span> 
     </span>
     <span class='ocr_line' id='line_1_8' title="bbox 63 1217 1181 1304; baseline 0.004 -26"><span class='ocrx_word' id='word_1_53' title='bbox 63 1220 125 1279; x_wconf 90' lang='lat' dir='ltr'><strong>rico</strong></span> <span class='ocrx_word' id='word_1_54' title='bbox 149 1217 198 1281; x_wconf 65' lang='lat' dir='ltr'><strong>It*</strong></span> <span class='ocrx_word' id='word_1_55' title='bbox 229 1233 351 1302; x_wconf 85' lang='lat' dir='ltr'><strong>ageret,</strong></span> <span class='ocrx_word' id='word_1_56' title='bbox 380 1222 406 1283; x_wconf 89' lang='lat' dir='ltr'><strong>si</strong></span> <span class='ocrx_word' id='word_1_57' title='bbox 431 1220 513 1304; x_wconf 75' lang='lat' dir='ltr'><strong>quid</strong></span> <span class='ocrx_word' id='word_1_58' title='bbox 536 1219 619 1283; x_wconf 88' lang='lat' dir='ltr'><strong>forte</strong></span> <span class='ocrx_word' id='word_1_59' title='bbox 644 1223 677 1283; x_wconf 93' lang='lat' dir='ltr'><strong>in</strong></span> <span class='ocrx_word' id='word_1_60' title='bbox 702 1243 740 1282; x_wconf 89' lang='lat' dir='ltr'><strong>eo</strong></span> <span class='ocrx_word' id='word_1_61' title='bbox 765 1220 896 1282; x_wconf 88' lang='lat' dir='ltr'><strong>decreto</strong></span> <span class='ocrx_word' id='word_1_62' title='bbox 927 1220 1181 1304; x_wconf 88' lang='lat' dir='ltr'><strong>temperandum</strong></span> 
     </span>
     <span class='ocr_line' id='line_1_9' title="bbox 63 1315 1180 1403; baseline 0.006 -29"><span class='ocrx_word' id='word_1_63' title='bbox 63 1315 235 1396; x_wconf 77' lang='lat' dir='ltr'><strong>videretur,</strong></span> <span class='ocrx_word' id='word_1_64' title='bbox 261 1328 297 1380; x_wconf 91' lang='lat' dir='ltr'><strong>nt</strong></span> <span class='ocrx_word' id='word_1_65' title='bbox 312 1340 426 1401; x_wconf 80' lang='lat' dir='ltr'><strong>regum</strong></span> <span class='ocrx_word' id='word_1_66' title='bbox 440 1318 556 1381; x_wconf 88' lang='lat' dir='ltr'><strong>honori</strong></span> <span class='ocrx_word' id='word_1_67' title='bbox 582 1320 752 1403; x_wconf 83' lang='lat' dir='ltr'><strong>provisum</strong></span> <span class='ocrx_word' id='word_1_68' title='bbox 777 1329 872 1383; x_wconf 88' lang='lat' dir='ltr'><strong>esset.</strong></span> <span class='ocrx_word' id='word_1_69' title='bbox 904 1318 992 1381; x_wconf 90' lang='lat' dir='ltr'><strong>Hinc</strong></span> <span class='ocrx_word' id='word_1_70' title='bbox 1009 1339 1076 1381; x_wconf 90' lang='lat' dir='ltr'><strong>non</strong></span> <span class='ocrx_word' id='word_1_71' title='bbox 1092 1317 1180 1381; x_wconf 90' lang='lat' dir='ltr'><strong>illico</strong></span> 
     </span>
     <span class='ocr_line' id='line_1_10' title="bbox 63 1405 1181 1501; baseline 0.004 -27"><span class='ocrx_word' id='word_1_72' title='bbox 63 1405 301 1496; x_wconf 77' lang='lat' dir='ltr'><strong>promulgatum</strong></span> <span class='ocrx_word' id='word_1_73' title='bbox 326 1416 388 1478; x_wconf 89' lang='lat' dir='ltr'><strong>fuit</strong></span> <span class='ocrx_word' id='word_1_74' title='bbox 412 1415 494 1480; x_wconf 88' lang='lat' dir='ltr'><strong>illud</strong></span> <span class='ocrx_word' id='word_1_75' title='bbox 520 1416 560 1479; x_wconf 88' lang='lat' dir='ltr'><strong>de</strong></span> <span class='ocrx_word' id='word_1_76' title='bbox 577 1417 784 1479; x_wconf 79' lang='lat' dir='ltr'><strong>investituris</strong></span> <span class='ocrx_word' id='word_1_77' title='bbox 808 1427 978 1494; x_wconf 90' lang='lat' dir='ltr'><strong>statutum,</strong></span> <span class='ocrx_word' id='word_1_78' title='bbox 1004 1416 1061 1478; x_wconf 87' lang='lat' dir='ltr'><strong>sed</strong></span> <span class='ocrx_word' id='word_1_79' title='bbox 1086 1418 1181 1501; x_wconf 91' lang='lat' dir='ltr'><strong>petiit</strong></span> 
     </span>
     <span class='ocr_line' id='line_1_11' title="bbox 63 1511 1179 1598; baseline 0.003 -25"><span class='ocrx_word' id='word_1_80' title='bbox 63 1511 221 1592; x_wconf 80' lang='lat' dir='ltr'><strong>Pontifex,</strong></span> <span class='ocrx_word' id='word_1_81' title='bbox 247 1525 283 1576; x_wconf 89' lang='lat' dir='ltr'><strong>nt</strong></span> <span class='ocrx_word' id='word_1_82' title='bbox 308 1514 504 1578; x_wconf 88' lang='lat' dir='ltr'><strong>consiliariis</strong></span> <span class='ocrx_word' id='word_1_83' title='bbox 528 1517 637 1578; x_wconf 89' lang='lat' dir='ltr'><strong>missis</strong></span> <span class='ocrx_word' id='word_1_84' title='bbox 658 1515 824 1577; x_wconf 88' lang='lat' dir='ltr'><strong>Henricns</strong></span> <span class='ocrx_word' id='word_1_85' title='bbox 849 1514 1021 1589; x_wconf 88' lang='lat' dir='ltr'><strong>indicaret,</strong></span> <span class='ocrx_word' id='word_1_86' title='bbox 1046 1515 1073 1576; x_wconf 87' lang='lat' dir='ltr'><strong>si</strong></span> <span class='ocrx_word' id='word_1_87' title='bbox 1098 1512 1179 1598; x_wconf 89' lang='lat' dir='ltr'><strong>quid</strong></span> 
     </span>
     <span class='ocr_line' id='line_1_12' title="bbox 62 1609 1180 1697; baseline 0.004 -27"><span class='ocrx_word' id='word_1_88' title='bbox 62 1631 95 1670; x_wconf 87' lang='lat' dir='ltr'><strong>ca</strong></span> <span class='ocrx_word' id='word_1_89' title='bbox 125 1609 166 1673; x_wconf 87' lang='lat' dir='ltr'><strong>de</strong></span> <span class='ocrx_word' id='word_1_90' title='bbox 200 1633 236 1674; x_wconf 91' lang='lat' dir='ltr'><strong>re</strong></span> <span class='ocrx_word' id='word_1_91' title='bbox 269 1612 465 1676; x_wconf 88' lang='lat' dir='ltr'><strong>mutandum</strong></span> <span class='ocrx_word' id='word_1_92' title='bbox 500 1621 645 1697; x_wconf 88' lang='lat' dir='ltr'><strong>cuperet.</strong></span> <span class='ocrx_word' id='word_1_93' title='bbox 693 1610 904 1697; x_wconf 85' lang='lat' dir='ltr'><strong>Colliguntur</strong></span> <span class='ocrx_word' id='word_1_94' title='bbox 927 1612 1009 1674; x_wconf 88' lang='lat' dir='ltr'><strong>haec</strong></span> <span class='ocrx_word' id='word_1_95' title='bbox 1034 1614 1180 1675; x_wconf 88' lang='lat' dir='ltr'><strong>maxime</strong></span> 
     </span>
     <span class='ocr_line' id='line_1_13' title="bbox 62 1709 1179 1796; baseline 0.003 -27"><span class='ocrx_word' id='word_1_96' title='bbox 62 1729 99 1769; x_wconf 83' lang='lat' dir='ltr'><strong>cx</strong></span> <span class='ocrx_word' id='word_1_97' title='bbox 114 1709 262 1792; x_wconf 87' lang='lat' dir='ltr'><strong>epistola,</strong></span> <span class='ocrx_word' id='word_1_98' title='bbox 287 1731 386 1796; x_wconf 91' lang='lat' dir='ltr'><strong>quam</strong></span> <span class='ocrx_word' id='word_1_99' title='bbox 403 1712 535 1796; x_wconf 86' lang='lat' dir='ltr'><strong>scripsit</strong></span> <span class='ocrx_word' id='word_1_100' title='bbox 556 1709 737 1794; x_wconf 80' lang='lat' dir='ltr'><strong>Gregorius</strong></span> <span class='ocrx_word' id='word_1_101' title='bbox 760 1709 804 1773; x_wconf 91' lang='lat' dir='ltr'><strong>ad</strong></span> <span class='ocrx_word' id='word_1_102' title='bbox 819 1711 1002 1774; x_wconf 90' lang='lat' dir='ltr'><strong>Henricum</strong></span> <span class='ocrx_word' id='word_1_103' title='bbox 1019 1709 1068 1772; x_wconf 91' lang='lat' dir='ltr'><strong>IV</strong></span> <span class='ocrx_word' id='word_1_104' title='bbox 1092 1732 1179 1773; x_wconf 84' lang='lat' dir='ltr'><strong>auno</strong></span> 
     </span>
     <span class='ocr_line' id='line_1_14' title="bbox 64 1807 1180 1894; baseline 0.004 -28"><span class='ocrx_word' id='word_1_105' title='bbox 64 1807 142 1868; x_wconf 74' lang='lat' dir='ltr'><strong>lota</strong></span> <span class='ocrx_word' id='word_1_106' title='bbox 176 1828 291 1871; x_wconf 83' lang='lat' dir='ltr'><strong>versus</strong></span> <span class='ocrx_word' id='word_1_107' title='bbox 322 1808 420 1872; x_wconf 90' lang='lat' dir='ltr'><strong>finem</strong></span> <span class='ocrx_word' id='word_1_108' title='bbox 454 1808 658 1887; x_wconf 78' lang='lat' dir='ltr'><strong>declinante,</strong></span> <span class='ocrx_word' id='word_1_109' title='bbox 694 1830 797 1894; x_wconf 90' lang='lat' dir='ltr'><strong>quum</strong></span> <span class='ocrx_word' id='word_1_110' title='bbox 830 1830 889 1870; x_wconf 89' lang='lat' dir='ltr'><strong>rex</strong></span> <span class='ocrx_word' id='word_1_111' title='bbox 914 1809 985 1893; x_wconf 88' lang='lat' dir='ltr'><strong>jam</strong></span> <span class='ocrx_word' id='word_1_112' title='bbox 1017 1810 1180 1892; x_wconf 85' lang='lat' dir='ltr'><strong>superatis</strong></span> 
     </span>
     <span class='ocr_line' id='line_1_15' title="bbox 63 1903 1179 1993; baseline 0.003 -28"><span class='ocrx_word' id='word_1_113' title='bbox 63 1903 248 1968; x_wconf 67' lang='lat' dir='ltr'><strong>Senonibus</strong></span> <span class='ocrx_word' id='word_1_114' title='bbox 270 1907 433 1992; x_wconf 89' lang='lat' dir='ltr'><strong>promissa</strong></span> <span class='ocrx_word' id='word_1_115' title='bbox 457 1909 566 1993; x_wconf 87' lang='lat' dir='ltr'><strong>priora</strong></span> <span class='ocrx_word' id='word_1_116' title='bbox 591 1907 688 1970; x_wconf 89' lang='lat' dir='ltr'><strong>factis</strong></span> <span class='ocrx_word' id='word_1_117' title='bbox 703 1905 857 1969; x_wconf 86' lang='lat' dir='ltr'><strong>redderet</strong></span> <span class='ocrx_word' id='word_1_118' title='bbox 869 1908 972 1984; x_wconf 89' lang='lat' dir='ltr'><strong>irrita,</strong></span> <span class='ocrx_word' id='word_1_119' title='bbox 997 1905 1179 1969; x_wconf 85' lang='lat' dir='ltr'><strong>Ecclesiae·</strong></span> 
     </span>
     <span class='ocr_line' id='line_1_16' title="bbox 62 2001 1177 2088; baseline 0.005 -27"><span class='ocrx_word' id='word_1_120' title='bbox 62 2023 117 2084; x_wconf 87' lang='lat' dir='ltr'><strong>que</strong></span> <span class='ocrx_word' id='word_1_121' title='bbox 141 2026 177 2066; x_wconf 91' lang='lat' dir='ltr'><strong>se</strong></span> <span class='ocrx_word' id='word_1_122' title='bbox 202 2006 281 2068; x_wconf 90' lang='lat' dir='ltr'><strong>satis</strong></span> <span class='ocrx_word' id='word_1_123' title='bbox 307 2005 472 2070; x_wconf 90' lang='lat' dir='ltr'><strong>infensum</strong></span> <span class='ocrx_word' id='word_1_124' title='bbox 497 2003 693 2069; x_wconf 83' lang='lat' dir='ltr'><strong>ostenderet.</strong></span> <span class='ocrx_word' id='word_1_125' title='bbox 731 2001 970 2088; x_wconf 66' lang='lat' dir='ltr'><strong>„Congregata</strong></span> <span class='ocrx_word' id='word_1_126' title='bbox 995 2003 1118 2083; x_wconf 84' lang='lat' dir='ltr'><strong>scribit,</strong></span> <span class='ocrx_word' id='word_1_127' title='bbox 1143 2005 1177 2067; x_wconf 91' lang='lat' dir='ltr'><strong>in</strong></span> 
     </span>
     <span class='ocr_line' id='line_1_17' title="bbox 62 2099 1179 2188; baseline 0.004 -28"><span class='ocrx_word' id='word_1_128' title='bbox 62 2099 116 2162; x_wconf 91' lang='lat' dir='ltr'><strong>hoc</strong></span> <span class='ocrx_word' id='word_1_129' title='bbox 139 2124 228 2166; x_wconf 86' lang='lat' dir='ltr'><strong>anno</strong></span> <span class='ocrx_word' id='word_1_130' title='bbox 245 2101 335 2186; x_wconf 88' lang='lat' dir='ltr'><strong>apud</strong></span> <span class='ocrx_word' id='word_1_131' title='bbox 351 2101 469 2166; x_wconf 78' lang='lat' dir='ltr'><strong>Sedem</strong></span> <span class='ocrx_word' id='word_1_132' title='bbox 484 2101 711 2188; x_wconf 87' lang='lat' dir='ltr'><strong>Apostolicam</strong></span> <span class='ocrx_word' id='word_1_133' title='bbox 729 2101 866 2186; x_wconf 79' lang='lat' dir='ltr'><strong>synodo,</strong></span> <span class='ocrx_word' id='word_1_134' title='bbox 891 2105 944 2165; x_wconf 90' lang='lat' dir='ltr'><strong>cui</strong></span> <span class='ocrx_word' id='word_1_135' title='bbox 962 2125 1020 2166; x_wconf 91' lang='lat' dir='ltr'><strong>nos</strong></span> <span class='ocrx_word' id='word_1_136' title='bbox 1036 2125 1179 2188; x_wconf 86' lang='lat' dir='ltr'><strong>superna</strong></span> 
     </span>
     <span class='ocr_line' id='line_1_18' title="bbox 62 2196 1178 2284; baseline 0.004 -27"><span class='ocrx_word' id='word_1_137' title='bbox 62 2196 259 2281; x_wconf 80' lang='lat' dir='ltr'><strong>dispensatio</strong></span> <span class='ocrx_word' id='word_1_138' title='bbox 294 2201 482 2284; x_wconf 82' lang='lat' dir='ltr'><strong>praesidere</strong></span> <span class='ocrx_word' id='word_1_139' title='bbox 514 2200 629 2275; x_wconf 88' lang='lat' dir='ltr'><strong>voluit,</strong></span> <span class='ocrx_word' id='word_1_140' title='bbox 661 2202 714 2264; x_wconf 86' lang='lat' dir='ltr'><strong>cui</strong></span> <span class='ocrx_word' id='word_1_141' title='bbox 748 2201 847 2263; x_wconf 90' lang='lat' dir='ltr'><strong>ctiam</strong></span> <span class='ocrx_word' id='word_1_142' title='bbox 873 2199 1022 2263; x_wconf 89' lang='lat' dir='ltr'><strong>nonnulli</strong></span> <span class='ocrx_word' id='word_1_143' title='bbox 1046 2211 1178 2262; x_wconf 89' lang='lat' dir='ltr'><strong>tuorum</strong></span> 
     </span>
     <span class='ocr_line' id='line_1_19' title="bbox 61 2295 1179 2381; baseline 0.004 -25"><span class='ocrx_word' id='word_1_144' title='bbox 61 2295 233 2361; x_wconf 59' lang='lat' dir='ltr'><strong>interfuere</strong></span> <span class='ocrx_word' id='word_1_145' title='bbox 259 2299 417 2380; x_wconf 87' lang='lat' dir='ltr'><strong>fidelium,</strong></span> <span class='ocrx_word' id='word_1_146' title='bbox 443 2300 595 2363; x_wconf 88' lang='lat' dir='ltr'><strong>videntes</strong></span> <span class='ocrx_word' id='word_1_147' title='bbox 620 2298 770 2362; x_wconf 87' lang='lat' dir='ltr'><strong>ordinem</strong></span> <span class='ocrx_word' id='word_1_148' title='bbox 795 2297 994 2362; x_wconf 79' lang='lat' dir='ltr'><strong>christianae</strong></span> <span class='ocrx_word' id='word_1_149' title='bbox 1010 2296 1179 2381; x_wconf 88' lang='lat' dir='ltr'><strong>religionis</strong></span> 
     </span>
     <span class='ocr_line' id='line_1_20' title="bbox 59 2393 1178 2482; baseline 0.002 -26"><span class='ocrx_word' id='word_1_150' title='bbox 59 2393 163 2458; x_wconf 87' lang='lat' dir='ltr'><strong>multis</strong></span> <span class='ocrx_word' id='word_1_151' title='bbox 199 2397 271 2482; x_wconf 87' lang='lat' dir='ltr'><strong>jam</strong></span> <span class='ocrx_word' id='word_1_152' title='bbox 310 2397 547 2462; x_wconf 87' lang='lat' dir='ltr'><strong>labefactatum</strong></span> <span class='ocrx_word' id='word_1_153' title='bbox 580 2397 800 2482; x_wconf 87' lang='lat' dir='ltr'><strong>temporibus,</strong></span> <span class='ocrx_word' id='word_1_154' title='bbox 837 2407 869 2459; x_wconf 89' lang='lat' dir='ltr'><strong>et</strong></span> <span class='ocrx_word' id='word_1_155' title='bbox 903 2394 1103 2481; x_wconf 84' lang='lat' dir='ltr'><strong>principales</strong></span> <span class='ocrx_word' id='word_1_156' title='bbox 1138 2417 1178 2458; x_wconf 86' lang='lat' dir='ltr'><strong>ae</strong></span> 
     </span>
     <span class='ocr_line' id='line_1_21' title="bbox 59 2492 1178 2578; baseline 0.002 -25"><span class='ocrx_word' id='word_1_157' title='bbox 59 2495 203 2577; x_wconf 87' lang='lat' dir='ltr'><strong>proprias</strong></span> <span class='ocrx_word' id='word_1_158' title='bbox 234 2494 469 2560; x_wconf 87' lang='lat' dir='ltr'><strong>lucrandarum</strong></span> <span class='ocrx_word' id='word_1_159' title='bbox 503 2497 689 2559; x_wconf 87' lang='lat' dir='ltr'><strong>animarum</strong></span> <span class='ocrx_word' id='word_1_160' title='bbox 723 2516 840 2557; x_wconf 89' lang='lat' dir='ltr'><strong>causas</strong></span> <span class='ocrx_word' id='word_1_161' title='bbox 870 2493 928 2558; x_wconf 89' lang='lat' dir='ltr'><strong>diu</strong></span> <span class='ocrx_word' id='word_1_162' title='bbox 953 2492 1122 2578; x_wconf 90' lang='lat' dir='ltr'><strong>prolapsas</strong></span> <span class='ocrx_word' id='word_1_163' title='bbox 1146 2505 1178 2555; x_wconf 89' lang='lat' dir='ltr'><strong>et</strong></span> 
     </span>
     <span class='ocr_line' id='line_1_22' title="bbox 58 2589 1176 2677; baseline 0.004 -30"><span class='ocrx_word' id='word_1_164' title='bbox 58 2589 211 2654; x_wconf 86' lang='lat' dir='ltr'><strong>suadente</strong></span> <span class='ocrx_word' id='word_1_165' title='bbox 236 2592 367 2658; x_wconf 91' lang='lat' dir='ltr'><strong>diabolo</strong></span> <span class='ocrx_word' id='word_1_166' title='bbox 398 2593 622 2674; x_wconf 88' lang='lat' dir='ltr'><strong>conculcatas,</strong></span> <span class='ocrx_word' id='word_1_167' title='bbox 657 2593 807 2656; x_wconf 87' lang='lat' dir='ltr'><strong>concussi</strong></span> <span class='ocrx_word' id='word_1_168' title='bbox 839 2590 984 2677; x_wconf 87' lang='lat' dir='ltr'><strong>periculo</strong></span> <span class='ocrx_word' id='word_1_169' title='bbox 1016 2602 1047 2653; x_wconf 92' lang='lat' dir='ltr'><strong>et</strong></span> <span class='ocrx_word' id='word_1_170' title='bbox 1076 2593 1176 2654; x_wconf 89' lang='lat' dir='ltr'><strong>mani-</strong></span> 
     </span>
     <span class='ocr_line' id='line_1_23' title="bbox 61 2685 1176 2776; baseline 0.006 -31"><span class='ocrx_word' id='word_1_171' title='bbox 61 2685 137 2749; x_wconf 81' lang='lat' dir='ltr'><strong>festa</strong></span> <span class='ocrx_word' id='word_1_172' title='bbox 160 2689 347 2774; x_wconf 83' lang='lat' dir='ltr'><strong>perditione</strong></span> <span class='ocrx_word' id='word_1_173' title='bbox 372 2691 530 2755; x_wconf 87' lang='lat' dir='ltr'><strong>dominici</strong></span> <span class='ocrx_word' id='word_1_174' title='bbox 546 2693 664 2776; x_wconf 86' lang='lat' dir='ltr'><strong>gregis,</strong></span> <span class='ocrx_word' id='word_1_175' title='bbox 690 2691 731 2754; x_wconf 90' lang='lat' dir='ltr'><strong>ad</strong></span> <span class='ocrx_word' id='word_1_176' title='bbox 754 2701 942 2753; x_wconf 87' lang='lat' dir='ltr'><strong>sanctorum</strong></span> <span class='ocrx_word' id='word_1_177' title='bbox 963 2687 1098 2751; x_wconf 81' lang='lat' dir='ltr'><strong>Petrum</strong></span> <span class='ocrx_word' id='word_1_178' title='bbox 1124 2688 1176 2752; x_wconf 92' lang='lat' dir='ltr'><strong>de-</strong></span> 
     </span>
     <span class='ocr_line' id='line_1_24' title="bbox 56 2785 1175 2875; baseline 0.009 -34"><span class='ocrx_word' id='word_1_179' title='bbox 56 2795 139 2848; x_wconf 85' lang='lat' dir='ltr'><strong>creta</strong></span> <span class='ocrx_word' id='word_1_180' title='bbox 164 2785 414 2875; x_wconf 87' lang='lat' dir='ltr'><strong>doctrinamque</strong></span> <span class='ocrx_word' id='word_1_181' title='bbox 437 2792 648 2866; x_wconf 87' lang='lat' dir='ltr'><strong>recurrimus,</strong></span> <span class='ocrx_word' id='word_1_182' title='bbox 682 2788 765 2852; x_wconf 87' lang='lat' dir='ltr'><strong>nihil</strong></span> <span class='ocrx_word' id='word_1_183' title='bbox 790 2789 879 2870; x_wconf 90' lang='lat' dir='ltr'><strong>novi,</strong></span> <span class='ocrx_word' id='word_1_184' title='bbox 911 2786 992 2852; x_wconf 90' lang='lat' dir='ltr'><strong>nihil</strong></span> <span class='ocrx_word' id='word_1_185' title='bbox 1017 2785 1175 2851; x_wconf 81' lang='lat' dir='ltr'><strong>adinven-</strong></span> 
     </span>
     <span class='ocr_line' id='line_1_25' title="bbox 57 2881 1175 2972; baseline 0.005 -30"><span class='ocrx_word' id='word_1_186' title='bbox 57 2881 139 2945; x_wconf 84' lang='lat' dir='ltr'><strong>tione</strong></span> <span class='ocrx_word' id='word_1_187' title='bbox 163 2897 276 2950; x_wconf 89' lang='lat' dir='ltr'><strong>nostra</strong></span> <span class='ocrx_word' id='word_1_188' title='bbox 301 2898 492 2968; x_wconf 85' lang='lat' dir='ltr'><strong>statuentes,</strong></span> <span class='ocrx_word' id='word_1_189' title='bbox 517 2887 574 2952; x_wconf 88' lang='lat' dir='ltr'><strong>sed</strong></span> <span class='ocrx_word' id='word_1_190' title='bbox 598 2890 740 2972; x_wconf 88' lang='lat' dir='ltr'><strong>primam</strong></span> <span class='ocrx_word' id='word_1_191' title='bbox 766 2897 797 2948; x_wconf 88' lang='lat' dir='ltr'><strong>et</strong></span> <span class='ocrx_word' id='word_1_192' title='bbox 822 2887 954 2948; x_wconf 88' lang='lat' dir='ltr'><strong>unicam</strong></span> <span class='ocrx_word' id='word_1_193' title='bbox 978 2884 1175 2949; x_wconf 90' lang='lat' dir='ltr'><strong>ecclesiasti-</strong></span> 
     </span>
     <span class='ocr_line' id='line_1_26' title="bbox 56 2979 1174 3068; baseline 0.006 -29"><span class='ocrx_word' id='word_1_194' title='bbox 56 2999 108 3042; x_wconf 86' lang='lat' dir='ltr'><strong>cac</strong></span> <span class='ocrx_word' id='word_1_195' title='bbox 133 2979 331 3068; x_wconf 88' lang='lat' dir='ltr'><strong>disciplinae</strong></span> <span class='ocrx_word' id='word_1_196' title='bbox 356 2985 504 3068; x_wconf 82' lang='lat' dir='ltr'><strong>regulam</strong></span> <span class='ocrx_word' id='word_1_197' title='bbox 529 2997 562 3050; x_wconf 89' lang='lat' dir='ltr'><strong>et</strong></span> <span class='ocrx_word' id='word_1_198' title='bbox 585 2987 696 3049; x_wconf 88' lang='lat' dir='ltr'><strong>tritam</strong></span> <span class='ocrx_word' id='word_1_199' title='bbox 721 2995 909 3048; x_wconf 86' lang='lat' dir='ltr'><strong>sanctornm</strong></span> <span class='ocrx_word' id='word_1_200' title='bbox 940 2983 1027 3046; x_wconf 85' lang='lat' dir='ltr'><strong>viam</strong></span> <span class='ocrx_word' id='word_1_201' title='bbox 1060 2981 1174 3046; x_wconf 89' lang='lat' dir='ltr'><strong>relicto</strong></span> 
     </span>
     <span class='ocr_line' id='line_1_27' title="bbox 55 3081 1174 3166; baseline 0.008 -30"><span class='ocrx_word' id='word_1_202' title='bbox 55 3099 158 3142; x_wconf 76' lang='lat' dir='ltr'><strong>errore</strong></span> <span class='ocrx_word' id='word_1_203' title='bbox 183 3084 397 3166; x_wconf 86' lang='lat' dir='ltr'><strong>repetendam</strong></span> <span class='ocrx_word' id='word_1_204' title='bbox 423 3096 455 3146; x_wconf 90' lang='lat' dir='ltr'><strong>et</strong></span> <span class='ocrx_word' id='word_1_205' title='bbox 474 3084 665 3148; x_wconf 86' lang='lat' dir='ltr'><strong>sectandam</strong></span> <span class='ocrx_word' id='word_1_206' title='bbox 683 3106 753 3146; x_wconf 87' lang='lat' dir='ltr'><strong>esse</strong></span> <span class='ocrx_word' id='word_1_207' title='bbox 771 3083 972 3144; x_wconf 82' lang='lat' dir='ltr'><strong>censuimus.</strong></span> <span class='ocrx_word' id='word_1_208' title='bbox 991 3131 997 3144; x_wconf 92' lang='lat'>.</span> <span class='ocrx_word' id='word_1_209' title='bbox 1017 3130 1024 3144; x_wconf 94' lang='lat'>.</span> <span class='ocrx_word' id='word_1_210' title='bbox 1041 3133 1047 3146; x_wconf 94' lang='lat'>.</span> <span class='ocrx_word' id='word_1_211' title='bbox 1064 3081 1174 3166; x_wconf 88' lang='lat' dir='ltr'><strong>Hujus</strong></span> 
     </span>
     <span class='ocr_line' id='line_1_28' title="bbox 54 3177 1173 3268; baseline 0.008 -34"><span class='ocrx_word' id='word_1_212' title='bbox 54 3189 159 3240; x_wconf 85' lang='lat' dir='ltr'><strong>autern</strong></span> <span class='ocrx_word' id='word_1_213' title='bbox 187 3177 309 3244; x_wconf 89' lang='lat' dir='ltr'><strong>decreti</strong></span> <span class='ocrx_word' id='word_1_214' title='bbox 341 3182 427 3267; x_wconf 90' lang='lat' dir='ltr'><strong>quod</strong></span> <span class='ocrx_word' id='word_1_215' title='bbox 453 3183 590 3268; x_wconf 89' lang='lat' dir='ltr'><strong>quidam</strong></span> <span class='ocrx_word' id='word_1_216' title='bbox 616 3183 741 3262; x_wconf 90' lang='lat' dir='ltr'><strong>dicunt,</strong></span> <span class='ocrx_word' id='word_1_217' title='bbox 774 3180 937 3242; x_wconf 89' lang='lat' dir='ltr'><strong>humanos</strong></span> <span class='ocrx_word' id='word_1_218' title='bbox 970 3180 1094 3243; x_wconf 86' lang='lat' dir='ltr'><strong>divinis</strong></span> <span class='ocrx_word' id='word_1_219' title='bbox 1118 3179 1173 3244; x_wconf 93' lang='lat' dir='ltr'><strong>ho-</strong></span> 
     </span>
     <span class='ocr_line' id='line_1_29' title="bbox 54 3275 1172 3366; baseline 0.008 -33"><span class='ocrx_word' id='word_1_220' title='bbox 54 3275 187 3339; x_wconf 89' lang='lat' dir='ltr'><strong>noribus</strong></span> <span class='ocrx_word' id='word_1_221' title='bbox 218 3291 472 3364; x_wconf 88' lang='lat' dir='ltr'><strong>praeponentes,</strong></span> <span class='ocrx_word' id='word_1_222' title='bbox 511 3279 721 3366; x_wconf 88' lang='lat' dir='ltr'><strong>importabile</strong></span> <span class='ocrx_word' id='word_1_223' title='bbox 756 3278 885 3364; x_wconf 91' lang='lat' dir='ltr'><strong>pondus</strong></span> <span class='ocrx_word' id='word_1_224' title='bbox 915 3289 948 3340; x_wconf 91' lang='lat' dir='ltr'><strong>et</strong></span> <span class='ocrx_word' id='word_1_225' title='bbox 978 3278 1172 3342; x_wconf 85' lang='lat' dir='ltr'><strong>immensam</strong></span> 
     </span>
     <span class='ocr_line' id='line_1_30' title="bbox 53 3373 1173 3462; baseline 0.008 -31"><span class='ocrx_word' id='word_1_226' title='bbox 53 3373 315 3451; x_wconf 78' lang='lat' dir='ltr'><strong>gravitudinem:</strong></span> <span class='ocrx_word' id='word_1_227' title='bbox 347 3401 406 3442; x_wconf 90' lang='lat' dir='ltr'><strong>nos</strong></span> <span class='ocrx_word' id='word_1_228' title='bbox 430 3392 540 3443; x_wconf 89' lang='lat' dir='ltr'><strong>autem</strong></span> <span class='ocrx_word' id='word_1_229' title='bbox 567 3379 672 3456; x_wconf 69' lang='lat' dir='ltr'><strong>magis</strong></span> <span class='ocrx_word' id='word_1_230' title='bbox 697 3379 829 3462; x_wconf 88' lang='lat' dir='ltr'><strong>proprio</strong></span> <span class='ocrx_word' id='word_1_231' title='bbox 856 3373 1017 3438; x_wconf 79' lang='lat' dir='ltr'><strong>vocabulo</strong></span> <span class='ocrx_word' id='word_1_232' title='bbox 1041 3398 1173 3462; x_wconf 88' lang='lat' dir='ltr'><strong>recupe-</strong></span> 
     </span>
     <span class='ocr_line' id='line_1_31' title="bbox 55 3469 1172 3558; baseline 0.009 -30"><span class='ocrx_word' id='word_1_233' title='bbox 55 3469 174 3534; x_wconf 84' lang='lat' dir='ltr'><strong>randae</strong></span> <span class='ocrx_word' id='word_1_234' title='bbox 206 3472 319 3539; x_wconf 88' lang='lat' dir='ltr'><strong>salutis</strong></span> <span class='ocrx_word' id='word_1_235' title='bbox 344 3479 583 3541; x_wconf 76' lang='lat' dir='ltr'><strong>neocaesariam</strong></span> <span class='ocrx_word' id='word_1_236' title='bbox 608 3477 783 3539; x_wconf 87' lang='lat' dir='ltr'><strong>veritatem</strong></span> <span class='ocrx_word' id='word_1_237' title='bbox 808 3495 967 3536; x_wconf 80' lang='lat' dir='ltr'><strong>vocamus</strong></span> <span class='ocrx_word' id='word_1_238' title='bbox 999 3484 1031 3536; x_wconf 92' lang='lat' dir='ltr'><strong>et</strong></span> <span class='ocrx_word' id='word_1_239' title='bbox 1053 3473 1172 3558; x_wconf 89' lang='lat' dir='ltr'><strong>lucem,</strong></span> 
     </span>
     <span class='ocr_line' id='line_1_32' title="bbox 54 3569 1172 3660; baseline 0.009 -34"><span class='ocrx_word' id='word_1_240' title='bbox 54 3585 115 3630; x_wconf 91' lang='lat' dir='ltr'><strong>non</strong></span> <span class='ocrx_word' id='word_1_241' title='bbox 141 3569 246 3634; x_wconf 90' lang='lat' dir='ltr'><strong>solum</strong></span> <span class='ocrx_word' id='word_1_242' title='bbox 270 3595 289 3635; x_wconf 85' lang='lat' dir='ltr'><strong>a</strong></span> <span class='ocrx_word' id='word_1_243' title='bbox 315 3587 345 3636; x_wconf 89' lang='lat' dir='ltr'><strong>te</strong></span> <span class='ocrx_word' id='word_1_244' title='bbox 370 3575 422 3638; x_wconf 91' lang='lat' dir='ltr'><strong>vel</strong></span> <span class='ocrx_word' id='word_1_245' title='bbox 448 3575 489 3639; x_wconf 88' lang='lat' dir='ltr'><strong>ab</strong></span> <span class='ocrx_word' id='word_1_246' title='bbox 514 3575 566 3639; x_wconf 87' lang='lat' dir='ltr'><strong>his</strong></span> <span class='ocrx_word' id='word_1_247' title='bbox 590 3577 646 3660; x_wconf 92' lang='lat' dir='ltr'><strong>qui</strong></span> <span class='ocrx_word' id='word_1_248' title='bbox 672 3576 706 3636; x_wconf 93' lang='lat' dir='ltr'><strong>in</strong></span> <span class='ocrx_word' id='word_1_249' title='bbox 731 3595 831 3652; x_wconf 72' lang='lat' dir='ltr'><strong>regno</strong></span> <span class='ocrx_word' id='word_1_250' title='bbox 856 3582 912 3634; x_wconf 90' lang='lat' dir='ltr'><strong>tuo</strong></span> <span class='ocrx_word' id='word_1_251' title='bbox 937 3583 1023 3652; x_wconf 90' lang='lat' dir='ltr'><strong>sunt,</strong></span> <span class='ocrx_word' id='word_1_252' title='bbox 1048 3573 1104 3635; x_wconf 89' lang='lat' dir='ltr'><strong>sed</strong></span> <span class='ocrx_word' id='word_1_253' title='bbox 1129 3573 1172 3636; x_wconf 86' lang='lat' dir='ltr'><strong>ab</strong></span> 
     </span>
     <span class='ocr_line' id='line_1_33' title="bbox 55 3666 1172 3760; baseline 0.006 -33"><span class='ocrx_word' id='word_1_254' title='bbox 55 3666 204 3731; x_wconf 89' lang='lat' dir='ltr'><strong>omnibus</strong></span> <span class='ocrx_word' id='word_1_255' title='bbox 221 3681 381 3736; x_wconf 88' lang='lat' dir='ltr'><strong>terrarum</strong></span> <span class='ocrx_word' id='word_1_256' title='bbox 396 3673 606 3760; x_wconf 88' lang='lat' dir='ltr'><strong>principibus</strong></span> <span class='ocrx_word' id='word_1_257' title='bbox 630 3683 663 3736; x_wconf 91' lang='lat' dir='ltr'><strong>et</strong></span> <span class='ocrx_word' id='word_1_258' title='bbox 679 3669 811 3757; x_wconf 90' lang='lat' dir='ltr'><strong>populis</strong></span> <span class='ocrx_word' id='word_1_259' title='bbox 835 3671 891 3754; x_wconf 91' lang='lat' dir='ltr'><strong>qui</strong></span> <span class='ocrx_word' id='word_1_260' title='bbox 908 3667 1076 3732; x_wconf 78' lang='lat' dir='ltr'><strong>Christum</strong></span> <span class='ocrx_word' id='word_1_261' title='bbox 1096 3693 1172 3734; x_wconf 92' lang='lat' dir='ltr'><strong>con-</strong></span> 
     </span>
     <span class='ocr_line' id='line_1_34' title="bbox 56 3759 1171 3855; baseline 0.01 -34"><span class='ocrx_word' id='word_1_262' title='bbox 56 3759 184 3828; x_wconf 88' lang='lat' dir='ltr'><strong>fitentur</strong></span> <span class='ocrx_word' id='word_1_263' title='bbox 215 3781 247 3829; x_wconf 90' lang='lat' dir='ltr'><strong>et</strong></span> <span class='ocrx_word' id='word_1_264' title='bbox 275 3769 397 3852; x_wconf 88' lang='lat' dir='ltr'><strong>colunt,</strong></span> <span class='ocrx_word' id='word_1_265' title='bbox 437 3772 555 3836; x_wconf 86' lang='lat' dir='ltr'><strong>devote</strong></span> <span class='ocrx_word' id='word_1_266' title='bbox 589 3767 836 3855; x_wconf 71' lang='lat' dir='ltr'><strong>susscipiendam</strong></span> <span class='ocrx_word' id='word_1_267' title='bbox 869 3776 901 3829; x_wconf 87' lang='lat' dir='ltr'><strong>et</strong></span> <span class='ocrx_word' id='word_1_268' title='bbox 929 3765 1171 3832; x_wconf 88' lang='lat' dir='ltr'><strong>observandam</strong></span> 
     </span>
     <span class='ocr_line' id='line_1_35' title="bbox 56 3858 1171 3956; baseline 0.009 -35"><span class='ocrx_word' id='word_1_269' title='bbox 56 3858 290 3943; x_wconf 84' lang='lat' dir='ltr'><strong>adjudicamus.</strong></span> <span class='ocrx_word' id='word_1_270' title='bbox 331 3869 542 3956; x_wconf 79' lang='lat' dir='ltr'><strong>Quamquam</strong></span> <span class='ocrx_word' id='word_1_271' title='bbox 567 3871 631 3934; x_wconf 92' lang='lat' dir='ltr'><strong>hoc</strong></span> <span class='ocrx_word' id='word_1_272' title='bbox 654 3867 797 3931; x_wconf 91' lang='lat' dir='ltr'><strong>multum</strong></span> <span class='ocrx_word' id='word_1_273' title='bbox 822 3863 1058 3944; x_wconf 84' lang='lat' dir='ltr'><strong>desideremus,</strong></span> <span class='ocrx_word' id='word_1_274' title='bbox 1084 3877 1116 3929; x_wconf 91' lang='lat' dir='ltr'><strong>et</strong></span> <span class='ocrx_word' id='word_1_275' title='bbox 1139 3881 1171 3931; x_wconf 90' lang='lat' dir='ltr'><strong>te</strong></span> 
     </span>
     <span class='ocr_line' id='line_1_36' title="bbox 56 3961 1171 4050; baseline 0.009 -32"><span class='ocrx_word' id='word_1_276' title='bbox 56 3965 253 4037; x_wconf 86' lang='lat' dir='ltr'><strong>permaxime</strong></span> <span class='ocrx_word' id='word_1_277' title='bbox 277 3965 418 4050; x_wconf 89' lang='lat' dir='ltr'><strong>deceret,</strong></span> <span class='ocrx_word' id='word_1_278' title='bbox 444 3979 480 4032; x_wconf 89' lang='lat' dir='ltr'><strong>ut</strong></span> <span class='ocrx_word' id='word_1_279' title='bbox 499 3967 740 4033; x_wconf 71' lang='lat' dir='ltr'><strong>sicut‘caeteris</strong></span> <span class='ocrx_word' id='word_1_280' title='bbox 756 3963 871 4050; x_wconf 84' lang='lat' dir='ltr'><strong>gloria,</strong></span> <span class='ocrx_word' id='word_1_281' title='bbox 896 3961 1019 4025; x_wconf 91' lang='lat' dir='ltr'><strong>honore</strong></span> <span class='ocrx_word' id='word_1_282' title='bbox 1037 3966 1171 4028; x_wconf 88' lang='lat' dir='ltr'><strong>virtute-</strong></span> 
     </span>
     <span class='ocr_line' id='line_1_37' title="bbox 58 4059 1169 4145; baseline 0.012 -27"><span class='ocrx_word' id='word_1_283' title='bbox 58 4075 115 4136; x_wconf 87' lang='lat' dir='ltr'><strong>que</strong></span> <span class='ocrx_word' id='word_1_284' title='bbox 138 4064 309 4145; x_wconf 90' lang='lat' dir='ltr'><strong>potentior,</strong></span> <span class='ocrx_word' id='word_1_285' title='bbox 342 4066 388 4129; x_wconf 88' lang='lat' dir='ltr'><strong>ita</strong></span> <span class='ocrx_word' id='word_1_286' title='bbox 411 4089 499 4130; x_wconf 87' lang='lat' dir='ltr'><strong>esses</strong></span> <span class='ocrx_word' id='word_1_287' title='bbox 523 4077 555 4130; x_wconf 87' lang='lat' dir='ltr'><strong>et</strong></span> <span class='ocrx_word' id='word_1_288' title='bbox 579 4069 613 4130; x_wconf 88' lang='lat' dir='ltr'><strong>iu</strong></span> <span class='ocrx_word' id='word_1_289' title='bbox 638 4066 760 4130; x_wconf 85' lang='lat' dir='ltr'><strong>Christi</strong></span> <span class='ocrx_word' id='word_1_290' title='bbox 786 4062 962 4127; x_wconf 88' lang='lat' dir='ltr'><strong>devotione</strong></span> <span class='ocrx_word' id='word_1_291' title='bbox 987 4059 1169 4132; x_wconf 85' lang='lat' dir='ltr'><strong>sublimior.</strong></span> 
     </span>
    </p>
   </div>
   <div class='ocr_carea' id='block_1_5' title="bbox 125 4270 921 4348">
    <p class='ocr_par' dir='ltr' id='par_1_5' title="bbox 125 4270 921 4348">
     <span class='ocr_line' id='line_1_38' title="bbox 125 4270 921 4348; baseline 0.019 -23"><span class='ocrx_word' id='word_1_292' title='bbox 125 4270 146 4337; x_wconf 94' lang='lat'><strong>¹)</strong></span> <span class='ocrx_word' id='word_1_293' title='bbox 164 4273 217 4328; x_wconf 82' lang='lat' dir='ltr'><strong>Cir.</strong></span> <span class='ocrx_word' id='word_1_294' title='bbox 236 4275 307 4343; x_wconf 78' lang='lat' dir='ltr'><strong>Pagi</strong></span> <span class='ocrx_word' id='word_1_295' title='bbox 326 4277 448 4332; x_wconf 81' lang='lat' dir='ltr'><strong>Breriar.</strong></span> <span class='ocrx_word' id='word_1_296' title='bbox 468 4277 498 4333; x_wconf 87' lang='lat' dir='ltr'><strong>T.</strong></span> <span class='ocrx_word' id='word_1_297' title='bbox 518 4279 555 4334; x_wconf 86' lang='lat'><strong>11.</strong></span> <span class='ocrx_word' id='word_1_298' title='bbox 576 4279 659 4348; x_wconf 84' lang='lat' dir='ltr'><strong>Greg.</strong></span> <span class='ocrx_word' id='word_1_299' title='bbox 679 4280 741 4334; x_wconf 94' lang='lat' dir='ltr'>VII.</span> <span class='ocrx_word' id='word_1_300' title='bbox 761 4298 787 4338; x_wconf 87' lang='lat' dir='ltr'><strong>u.</strong></span> <span class='ocrx_word' id='word_1_301' title='bbox 806 4275 921 4342; x_wconf 74' lang='lat' dir='ltr'><strong>XXVII·</strong></span> 
     </span>
    </p>
   </div>
   <div class='ocr_carea' id='block_1_6' title="bbox 0 0 1480 4832">
    <p class='ocr_par' dir='ltr' id='par_1_6' title="bbox 0 0 1480 4832">
     <span class='ocr_line' id='line_1_39' title="bbox 0 0 1480 4832; baseline 0 3"><span class='ocrx_word' id='word_1_302' title='bbox 0 0 1480 4832; x_wconf 95' lang='lat' dir='ltr'><strong> </strong></span> 
     </span>
    </p>
   </div>
  </div>
 </body>
</html>
