2904 4834
320 509 469 564 Concilium
488 511 685 564 oecumenicum
704 521 836 566 ocmvnm.
992 569 993 574 χ
1087 511 1140 566 386

41 663 111 714 ntor
129 649 248 716 litteris
271 654 339 716 suis
363 652 396 717 d.
420 651 452 716 d.
480 653 517 714 ll
543 652 739 716 Decembris
764 653 827 716 867
849 653 1015 737 Pontifici,
1040 673 1137 740 quem

41 749 191 812 Nicolaum
224 749 335 814 adhuc
372 769 444 813 esse
477 749 700 835 supponebat,
740 749 931 832 nuntiabat,
974 773 1009 815 ee
1040 752 1140 838 juxta

41 847 251 929 praecedentis·
274 848 446 912 Pontificio
477 847 608 912 decreta
640 847 929 933 deposito-Photio
958 851 1140 914 restituisse

39 943 201 1028 ignatium,
223 943 353 1030 reliqua
377 965 455 1008 vero
480 965 565 1030 quae
589 947 734 1009 maxime
757 945 952 1030 spectabant
973 945 1140 1032 praesules

39 1053 62 1103 et
73 1041 203 1106 clericos
216 1065 260 1105 ex
275 1053 370 1128 parte
382 1041 493 1106 Photii
509 1063 688 1127 eorumque
704 1044 911 1128 punitionem
926 1043 981 1107 vel
995 1045 1140 1108 reconci-

37 1138 196 1219 liationem,
221 1142 330 1226 ipsam
355 1138 705 1204 censuissePontificis
729 1139 936 1226 dispositioni
960 1163 1029 1205 esse
1045 1139 1139 1206 relin-

37 1237 160 1321 quenda.
206 1238 329 1322 Rogat,
353 1247 391 1300 ut
413 1238 635 1322 apocrisiariis
659 1239 767 1302 missis
789 1260 874 1324 quae
897 1239 1050 1303 facienda
1073 1241 1140 1303 sint

37 1337 157 1400 nannet.
187 1337 250 1413 Ita,
267 1335 391 1416 scribit,
407 1337 505 1399 Pater
527 1335 708 1421 spiritualis
730 1345 762 1399 ct
783 1337 936 1400 divinitus
958 1337 1140 1401 honorande

35 1453 132 1498 munte
160 1432 329 1518 Porstisau,
360 1433 502 1496 accelera
525 1453 587 1518 pro
618 1433 765 1497 ecclesiae
793 1445 922 1497 nostrae
953 1435 1140 1500 correctione

35 1541 57 1587 a
71 1532 211 1617 conflicta
224 1543 335 1596 contra
348 1533 540 1620 injustitiam
555 1541 646 1615 atque
662 1532 707 1595 acl
721 1533 865 1595 veritatis
879 1533 1139 1620 satisfactionem,

35 1626 149 1692 moltam
178 1629 269 1692 nobis
298 1631 471 1714 comperiam
499 1629 650 1693 bonoram
677 1630 814 1708 donare,
846 1631 883 1694 id
913 1643 960 1694 est
987 1632 1141 1695 unitatem

35 1726 188 1804 nudans
200 1749 378 1812 compagem
401 1725 601 1812 spirituales
624 1727 663 1790 ab
688 1729 772 1791 omni
787 1731 980 1791 contentione
1001 1740 1031 1792 et
1048 1729 1139 1792 saltis·

36 1835 101 1888 nats
124 1824 271 1901 liberam,
295 1825 470 1888 Ecclesiam
492 1826 527 1888 in
554 1823 680 1889 Christo
703 1847 800 1888 anam
823 1835 852 1888 at
875 1825 954 1890 nuile
977 1826 1035 1890 uni
1057 1825 1139 1889 obse-

33 1920 161 1983 cundans
177 1923 316 2007 pastori,
341 1925 430 2011 crpus
453 1932 487 1986 tu
509 1923 653 1985 minister
676 1945 713 1986 oc
732 1922 911 1986 immolator
925 1921 1141 2009 (θεραπείτης

32 2015 71 2078 nni
94 2017 285 2105 assumor)
309 2021 420 2084 enicas
442 2017 664 2106 carissimas.¹)

109 2143 160 2207 77.
185 2142 279 2206 Sicut
302 2143 364 2206 ists
379 2143 599 2229 Imperatoris,
617 2145 662 2208 ita
686 2146 832 2208 maxime
855 2144 977 2230 Ignatii
1001 2143 1309 2231 epistolannmun

32 2239 176 2324 ‹ingsrlmi
213 2242 248 2304 in
282 2239 476 2305 Pontificem
512 2239 699 2307 Romanum
733 2244 919 2308 reverentia
953 2245 1140 2329 conscripta
1163 2219 1292 2262 P⁰¹⁸fflm¹¹

32 2350 77 2408 est,
100 2349 199 2426 atque
224 2340 259 2402 in
282 2337 346 2402 hac
370 2340 557 2404 continetur
580 2341 740 2426 primatus
764 2341 799 2404 in
822 2344 1012 2406 universam
1027 2341 1139 2406 Eccle-

30 2436 100 2500 siem
124 2457 145 2500 a
166 2435 296 2501 Christo
321 2437 463 2500 instituti
487 2447 600 2522 aperta
624 2446 656 2501 et
679 2438 834 2503 solemnis
858 2437 1027 2525 professio.
1074 2437 1139 2502 Ex-

32 2533 150 2598 ordium
175 2535 264 2598 enim
289 2534 446 2620 epistolae
464 2533 625 2620 ejusmodi
650 2543 714 2600 est:
739 2537 858 2600 Εοναπι
872 2535 1034 2601 uulnerum
1049 2548 1140 2622 atque

31 2631 151 2696 litorum
180 2633 235 2718 qai
263 2631 297 2696 in
326 2631 471 2696 membris
501 2633 634 2698 hominis
664 2636 839 2698 consistunt
865 2633 978 2698 multos
1006 2636 1140 2700 medicos

24 2729 151 2810 prandit
173 2753 242 2814 urs,
270 2731 349 2793 lsassc
373 2730 497 2816 quidem
514 2733 697 2818 passionem
726 2729 791 2796 alio
816 2733 987 2819 accipiente
1011 2745 1041 2797 et
1064 2733 1139 2796 alts-

30 2849 88 2889 ram
113 2827 223 2908 altero,
241 2838 271 2892 et
287 2851 351 2914 per
374 2829 601 2913 asperientiam
615 2839 797 2916 amputante
812 2840 842 2894 et
855 2830 1013 2910 mederum
1036 2853 1140 2894 eoram

30 2947 91 2988 sero
115 2951 192 3012 qnae
216 2929 252 2990 in
274 2925 417 2990 membris
440 2936 513 2990 sunt
532 2923 650 2990 Clsristi
673 2937 702 2990 et
723 2927 788 2990 Dei
803 2925 982 2992 Saloutaria
1004 2928 1141 2991 omnium

30 3033 158 3088 susinum
181 3025 306 3110 capitis,
331 3033 361 3086 et
384 3047 519 3110 sponsae
542 3024 713 3089 catholicae
732 3025 902 3104 Ecclesiae,
925 3048 1021 3088 unum
1036 3026 1139 3110 simpu-

27 3117 120 3184 larem
134 3119 378 3208 praecellentem
402 3132 494 3206 atque
518 3121 790 3185 catholicissimam
805 3123 955 3186 medicum
968 3123 1036 3208 ipss
1045 3123 1139 3207 prin·

27 3239 91 3304 ceps
115 3243 262 3297 muamus,
296 3229 325 3282 et
338 3217 540 3304 fortissimus
563 3243 676 3298 sermo,
711 3229 740 3284 et
763 3221 927 3284 ordinator
951 3229 981 3282 et
1002 3229 1139 3304 carator,

26 3327 53 3376 st
73 3317 156 3382 solus
180 3341 220 3381 ex
248 3327 310 3382 toto
334 3318 496 3402 mapistes,
521 3317 608 3381 Deus
631 3319 767 3381 omnium
790 3317 964 3402 prostituit,
995 3316 1141 3380 uidelicet

27 3425 107 3477 tuam
122 3417 305 3501 fraternam
320 3413 526 3480 Sanctitatem
550 3425 579 3478 et
595 3425 767 3500 paternam
786 3415 986 3493 Almitatem;
1003 3425 1140 3499 propter

24 3535 99 3594 quac
124 3515 207 3578 discit
222 3514 314 3577 Petro
338 3535 449 3596 mapno
472 3524 501 3576 et
517 3535 631 3578 summo
647 3511 889 3599 Apostolorum:
916 3512 964 3574 Tu
981 3533 1012 3576 es
1029 3512 1139 3575 Petrus

26 3619 51 3670 et
72 3633 166 3696 super
187 3612 268 3675 tanc
285 3621 414 3697 petram
437 3623 492 3675 etc.
523 3613 566 3674 Et
585 3613 714 3676 iterum:
740 3611 813 3674 Tibi
836 3609 917 3674 (labo
934 3609 1035 3674 claues
1051 3611 1141 3693 rapui

24 3707 174 3772 coeman
196 3719 251 3772 etc.
293 3707 389 3772 Tales
411 3710 492 3772 enim
517 3708 624 3772 beatas
646 3729 734 3771 uoces
756 3731 821 3771 non
844 3708 1010 3772 secundum
1034 3731 1137 3793 quam·

25 3805 95 3867 iam
120 3807 221 3891 utique
245 3817 358 3870 sortem
373 3805 596 3892 Apostolorum
613 3807 759 3892 principi
783 3803 882 3870 solam
897 3807 1141 3892 cirmmscpupsit

25 3913 51 3964 rt
78 3903 227 3987 definierit,
251 3903 306 3967 sed
326 3926 386 3990 per
409 3927 476 3968 eam
500 3903 545 3967 acl
563 3925 676 3982 omnes,
702 3905 755 3990 qai
772 3914 848 3990 post
869 3901 1139 3968 illumsecuudum

26 4003 131 4085 ipsum
152 4002 307 4088 efficiendi
330 4012 422 4066 erunt
440 4004 552 4066 summi
567 4011 727 4088 pastores,
751 4012 781 4066 et
795 4001 987 4066 &mnisami
998 4001 1140 4086 sacrique

24 4098 187 4182 Pontifices
214 4101 347 4166 sasimis
371 4101 506 4178 Romae,
536 4101 721 4164 transmisit.
768 4100 811 4162 Et
842 4100 913 4162 ideo
944 4099 1083 4162 abalim
1110 4109 1140 4162 et

97 4294 121 4363 ¹)
141 4293 224 4350 stbe
241 4295 318 4351 VIII.
338 4297 415 4350 1007.

74 4401 200 4449 sumna.
214 4402 388 4444 nra-mana.
404 4401 463 4442 non,
477 4399 513 4441 m.
998 4382 1032 4434 25
