2922 4832
303 471 353 522 1:th
568 463 641 518 xlx.
662 463 867 517 l'outrorersiac
886 475 914 516 et
934 464 1042 530 Imperii
1061 465 1174 521 indoles.

303 611 446 678 triarcha
481 619 644 672 recusaret
667 608 755 691 ipsos
779 605 917 670 solemni
942 607 1039 672 modo
1064 612 1211 694 recipere
1234 633 1272 674 ac
1305 611 1343 676 de
1363 634 1407 676 ne

301 712 390 796 gotio
414 704 657 794 propterquod
682 714 844 768 renerent
865 725 981 788 agere3
1014 705 1184 790 probabile
1209 721 1268 789 est,
1298 731 1349 772 eos
1369 712 1405 774 iu-

304 810 440 888 stitisse,
474 815 511 869 ut
541 827 592 868 res
616 823 653 866 eo
679 801 776 866 modo
800 801 931 882 fierent,
965 805 1021 888 qui
1053 805 1207 889 dignitati
1233 817 1265 870 et
1287 810 1408 872 auctmi-

303 907 362 969 tati
387 925 500 968 eorum
533 902 735 966 conveniret.
781 899 918 964 Privato
954 900 1117 987 colloquio
1150 905 1185 967 in
1219 904 1338 989 palatio
1364 905 1408 968 ha·

303 1003 412 1068 beudo
437 1023 498 1066 nec
522 1003 592 1084 ipse
615 997 799 1084 Imperator
823 1001 999 1064 consensit
1038 999 1118 1064 Mox
1142 1023 1221 1065 vero
1246 1003 1410 1088 quumlur·

305 1111 435 1186 perator·
459 1098 596 1168 rideret.
622 1098 836 1161 incontentia
860 1118 919 1161 sua
942 1099 1116 1184 persistere
1139 1100 1325 1184 Nicolaum,
1348 1124 1410 1164 eum

133 1204 233 1246 N¹⁰⁰¹²¹¹⁸
258 1202 338 1263 ‘lain
363 1197 500 1262 exilium
524 1197 630 1275 misit3
664 1205 696 1259 et
719 1194 790 1258 loco
825 1196 897 1280 ejus
928 1196 1117 1280 patriarcha
1146 1201 1344 1264 constitutus
1373 1217 1411 1263 est

171 1266 262 1316 ‘mm‘
308 1296 525 1380 Euthymius,
558 1295 615 1380 qui
640 1293 859 1358 confessarius
891 1304 961 1357 erat
983 1293 1205 1380 Imperatoris.
1254 1297 1413 1362 Laudatur

305 1395 405 1478 hujus
418 1395 480 1456 viri
505 1393 610 1478 pietas
624 1399 657 1455 et
670 1390 837 1472 doctrina;
854 1391 1008 1477 quodque
1026 1394 1161 1458 vivente
1176 1394 1315 1460 Nicolao
1328 1400 1411 1480 patri·

305 1492 477 1558 archatum
493 1490 683 1574 susceperit,
699 1488 935 1573 explicandum
951 1490 1085 1554 videtur
1100 1514 1142 1554 ex
1160 1490 1217 1558 illa
1232 1493 1412 1579 disciplinae

308 1591 510 1656 relaxatione
544 1585 829 1670 Constantinopoli
861 1587 932 1672 jam
965 1589 1114 1671 rigente,
1149 1611 1216 1676 qua
1253 1612 1355 1676 quum
1380 1593 1416 1655 ab

309 1691 508 1774 Imperatore
532 1685 652 1771 aliquis
686 1683 875 1768 patriarcha
907 1685 1027 1750 assde
1060 1697 1286 1768 amoveretur,
1320 1713 1413 1756 consr-

309 1787 390 1852 bant
412 1787 511 1851 licere
535 1784 628 1848 alteri
653 1785 878 1869 episcopatum
902 1795 1086 1869 acceptare,
1111 1807 1153 1850 ue
1178 1789 1321 1857 eeclesia
1344 1817 1415 1860 esser

308 1885 444 1949 viduata
474 1893 614 1968 pastore.
662 1881 815 1966 Synodus
849 1881 925 1946 dein
960 1881 1073 1948 habita
1106 1895 1155 1948 est
1186 1909 1206 1950 a
1231 1887 1313 1954 cleri
1337 1909 1417 1978 parts

308 2006 391 2070 quae
422 1983 616 2067 Imperatori
650 1979 800 2060 lavabat,
836 1981 870 2044 iu
901 2003 967 2066 qua
999 1983 1121 2046 creatio
1148 1983 1326 2071 Euthymii
1357 2013 1415 2056 rara

308 2082 422 2146 habita
446 2091 505 2160 est,
529 2078 626 2144 simul
641 2101 718 2144 cum
732 2079 849 2162 legatis
865 2078 1031 2161 Romanis,
1056 2090 1146 2144 etex
1169 2081 1416 2168 dispensatione.
1450 2093 1451 2096 ’

307 2191 397 2244 ratae
421 2176 555 2240 habitae
579 2188 655 2241 sunt
678 2179 814 2262 nuptiae
837 2187 973 2262 quartae
998 2177 1120 2242 Leonis
1143 2201 1219 2244 cum
1245 2183 1323 2250 Ζοό.
1362 2189 1418 2252 Ad·

307 2279 408 2341 fuisse
426 2276 582 2339 videntur
597 2275 697 2338 etianl
721 2273 819 2358 legati
837 2273 978 2340 aliarum
994 2276 1122 2340 sedium
1141 2280 1418 2361 patriarchalium:

309 2384 462 2438 accurate
486 2383 597 2436 tamen
622 2394 688 2438 non
718 2372 831 2458 liquet,
857 2372 1021 2458 quomodo
1052 2374 1245 2458 singillatim
1281 2403 1334 2446 res
1359 2405 1421 2446 ere·

308 2475 434 2549 norint,
467 2490 570 2557 quum
595 2469 794 2534 documenta
818 2472 966 2534 maxima
990 2493 1031 2534 ex
1056 2483 1149 2556 parte
1173 2485 1362 2561 temporum
1385 2481 1420 2542 iu·
1450 2471 1451 2550 i

305 2571 396 2658 juria
420 2569 614 2634 interierint.
1450 2571 1451 2624 l

400 2677 454 2742 40.
500 2675 623 2760 Magna
647 2674 768 2738 divisio
785 2697 827 2738 ex
851 2673 903 2737 his
927 2683 1039 2738 secuta
1063 2684 1113 2738 est
1136 2679 1225 2740 inter
1249 2683 1421 2768 metropoli·
1450 2673 1451 2738 l

310 2788 371 2848 tas,
404 2775 573 2859 episcopos
606 2795 646 2836 ac
679 2771 814 2836 clericos
838 2771 1080 2857 patriarchatus
1105 2773 1248 2857 orani,
1285 2780 1359 2845 aliis
1380 2781 1424 2844 ΚΞ·
1450 2761 1451 2846 i

312 2873 414 2951 colao,
448 2871 522 2935 aliis
555 2869 737 2953 Euthymio
770 2868 1040 2935 adhaerentibus.
1096 2871 1254 2938 Nicolaus
1291 2900 1369 2942 vero
1397 2881 1421 2940 iu

312 2970 413 3034 exilio
438 2970 647 3033 continuarit
670 2989 762 3031 suam
788 2970 872 3030 tueri
898 2970 1105 3048 senteutiam,
1131 2992 1196 3056 qua
1222 2973 1423 3060 disciplinam
1450 3047 1451 3056 χ

313 3066 570 3133 eeclesiasticam
594 3065 837 3150 periclitantem
862 3089 895 3129 sc
920 3065 1092 3130 vindicare
1117 3067 1285 3150 credebat,
1313 3073 1421 3156 Euthp-
1450 3061 1451 3152 l

313 3169 482 3250 ruiumque
514 3164 737 3228 consideravit
761 3177 797 3226 ut
820 3185 899 3228 suae
924 3163 1010 3228 sedis
1033 3177 1274 3250 usurpatorem.
1326 3171 1423 3251 Quum
1450 3175 1451 3224 l

313 3267 382 3330 Leo
411 3263 459 3327 VI
493 3283 579 3326 anuo
614 3264 678 3326 912
709 3263 888 3326 moriturus
921 3261 1148 3343 decumberet,
1187 3287 1264 3328 cum
1300 3267 1424 3330 Nicolao

144 3369 208 3409 Mt
224 3367 251 3408 δᾶ
271 3379 430 3448 εἿηιοθιη
455 3363 538 3425 inire
562 3360 697 3434 studuit,
731 3361 868 3445 ejusque
907 3363 1146 3424 restitutionem
1178 3366 1311 3428 curarit
1344 3367 1423 3451 perli-

197 3429 250 3469 Μ’
314 3458 477 3539 ciendam,
511 3469 548 3522 ut
577 3461 648 3543 ipse
675 3457 832 3522 Nicolaus
865 3457 930 3544 (ep.
955 3457 1013 3543 32)
1046 3469 1193 3524 testatur.
1246 3461 1358 3548 Atque
1388 3487 1423 3524 ra

315 3580 395 3621 vera
430 3555 586 3620 Nicolaus
621 3555 782 3639 Mystieus
818 3555 871 3620 vel
907 3555 1017 3620 adhuc
1053 3558 1187 3621 vivente
1220 3557 1353 3633 Leone,
1383 3559 1423 3622 rel

309 3657 409 3741 juxta
441 3664 591 3718 auctores
623 3653 796 3717 historicos
820 3653 965 3717 Graecos
996 3665 1069 3738 post
1101 3654 1172 3740 ejus
1204 3669 1344 3722 mortam
1368 3659 1424 3744 ldis

318 3755 355 3816 ll
382 3753 463 3837 Maji
486 3753 565 3816 anni
590 3751 669 3836 912)
703 3752 737 3814 in
762 3750 873 3814 sedem
907 3773 1001 3814 suam
1033 3753 1201 3815 restitutus
1225 3764 1284 3834 est,
1310 3755 1422 3838 Euthy·

316 3853 402 3914 usius
430 3871 508 3914 vero
539 3848 655 3913 habita
685 3847 812 3932 syuodo
848 3849 945 3912 modo
977 3848 1076 3913 valde
1109 3849 1247 3934 indiguo
1283 3865 1423 3918 exaucto

316 3963 416 4014 ratus.
464 3947 599 4012 studuit
631 3947 708 4012 dein
731 3946 888 4011 Nicolaus
923 3949 1114 4011 scissionem
1148 3949 1180 4011 in
1210 3952 1422 4033 patriarchatu

317 4048 450 4113 OPtano
464 4055 612 4109 exortam
630 4065 849 4128 compescere,
875 4065 1075 4131 operamque
1099 4047 1199 4109 etiam
1215 4045 1318 4130 dedit,
1343 4059 1377 4112 ut
1397 4049 1422 4108 ia

316 4147 474 4209 unionem
498 4165 574 4207 cum
599 4143 739 4206 ecclesia
762 4143 914 4207 Romana
937 4143 1069 4207 rediret.
1107 4141 1246 4227 Scripsit
1271 4147 1371 4230 igitur
1390 4145 1422 4208 sd

318 4241 532 4306 Anastasium
557 4221 607 4304 ῘΠ
638 4243 700 4304 ista
724 4240 765 4304 de
789 4240 983 4318 relitteres,
1020 4240 1150 4327 quihus,
1175 4247 1330 4327 quamvis
1360 4263 1423 4306 cum
1450 4307 1451 4312 ,
