<?xml version="1.0" encoding="UTF-8"?>
<!DOCTYPE html PUBLIC "-//W3C//DTD XHTML 1.0 Transitional//EN"
    "http://www.w3.org/TR/xhtml1/DTD/xhtml1-transitional.dtd">
<html xmlns="http://www.w3.org/1999/xhtml" xml:lang="en" lang="en">
 <head>
  <title>
</title>
<meta http-equiv="Content-Type" content="text/html;charset=utf-8" />
  <meta name='ocr-system' content='tesseract 3.04.00' />
  <meta name='ocr-capabilities' content='ocr_page ocr_carea ocr_par ocr_line ocrx_word'/>
</head>
<body>
  <div class='ocr_page' id='page_1' title='image "./dissertationess01junggoog_0792.png"; bbox 0 0 3054 4834; ppageno 0'>
   <div class='ocr_carea' id='block_1_1' title="bbox 426 499 1213 569">
    <p class='ocr_par' dir='ltr' id='par_1_1' title="bbox 426 499 1213 569">
     <span class='ocr_line' id='line_1_1' title="bbox 426 499 1213 569; baseline 0.004 -16"><span class='ocrx_word' id='word_1_1' title='bbox 426 501 567 554; x_wconf 82' lang='lat' dir='ltr'><strong>Vindictae</strong></span> <span class='ocrx_word' id='word_1_2' title='bbox 586 501 611 557; x_wconf 84' lang='lat' dir='ltr'><strong>e.</strong></span> <span class='ocrx_word' id='word_1_3' title='bbox 631 501 757 569; x_wconf 72' lang='lat' dir='ltr'><strong>Gregorii</strong></span> <span class='ocrx_word' id='word_1_4' title='bbox 777 499 839 554; x_wconf 88' lang='lat' dir='ltr'><strong>vu.</strong></span> <span class='ocrx_word' id='word_1_5' title='bbox 1163 505 1213 556; x_wconf 74' lang='lat' dir='ltr'><strong>aar</strong></span> 
     </span>
    </p>
   </div>
   <div class='ocr_carea' id='block_1_2' title="bbox 84 641 1302 3476">
    <p class='ocr_par' dir='ltr' id='par_1_2' title="bbox 84 641 1302 3476">
     <span class='ocr_line' id='line_1_2' title="bbox 84 641 1215 727; baseline 0.001 -19"><span class='ocrx_word' id='word_1_6' title='bbox 84 645 240 709; x_wconf 68' lang='lat' dir='ltr'><strong>semeso</strong></span> <span class='ocrx_word' id='word_1_7' title='bbox 271 645 332 709; x_wconf 79' lang='lat' dir='ltr'><strong>sibi</strong></span> <span class='ocrx_word' id='word_1_8' title='bbox 359 645 525 709; x_wconf 55' lang='lat' dir='ltr'><strong>maducat</strong></span> <span class='ocrx_word' id='word_1_9' title='bbox 536 648 571 727; x_wconf 87' lang='lat'><strong>¹).</strong></span> <span class='ocrx_word' id='word_1_10' title='bbox 618 641 785 710; x_wconf 79' lang='lat' dir='ltr'><strong>Convenit</strong></span> <span class='ocrx_word' id='word_1_11' title='bbox 807 643 1021 724; x_wconf 86' lang='lat' dir='ltr'><strong>Moshemius,</strong></span> <span class='ocrx_word' id='word_1_12' title='bbox 1041 667 1085 726; x_wconf 32' lang='lat' dir='ltr'><strong>,ea</strong></span> <span class='ocrx_word' id='word_1_13' title='bbox 1108 657 1215 710; x_wconf 86' lang='lat' dir='ltr'><strong>aetate</strong></span> 
     </span>
     <span class='ocr_line' id='line_1_3' title="bbox 86 739 1215 828; baseline 0.004 -24"><span class='ocrx_word' id='word_1_14' title='bbox 86 764 148 828; x_wconf 88' lang='lat' dir='ltr'><strong>per</strong></span> <span class='ocrx_word' id='word_1_15' title='bbox 157 742 443 807; x_wconf 86' lang='lat' dir='ltr'><strong>transmissionem</strong></span> <span class='ocrx_word' id='word_1_16' title='bbox 457 741 589 806; x_wconf 90' lang='lat' dir='ltr'><strong>illorum</strong></span> <span class='ocrx_word' id='word_1_17' title='bbox 605 739 830 825; x_wconf 87' lang='lat' dir='ltr'><strong>symbolorum</strong></span> <span class='ocrx_word' id='word_1_18' title='bbox 847 740 1008 826; x_wconf 88' lang='lat' dir='ltr'><strong>ejusmodi</strong></span> <span class='ocrx_word' id='word_1_19' title='bbox 1024 743 1215 826; x_wconf 78' lang='lat' dir='ltr'>opinionem</span> 
     </span>
     <span class='ocr_line' id='line_1_4' title="bbox 86 838 1215 926; baseline 0.003 -23"><span class='ocrx_word' id='word_1_20' title='bbox 86 839 188 904; x_wconf 85' lang='lat' dir='ltr'><strong>facile</strong></span> <span class='ocrx_word' id='word_1_21' title='bbox 213 842 359 925; x_wconf 87' lang='lat' dir='ltr'><strong>potuisse</strong></span> <span class='ocrx_word' id='word_1_22' title='bbox 383 839 597 905; x_wconf 78' lang='lat' dir='ltr'><strong>invalescere.</strong></span> <span class='ocrx_word' id='word_1_23' title='bbox 629 840 717 904; x_wconf 88' lang='lat' dir='ltr'><strong>Dein</strong></span> <span class='ocrx_word' id='word_1_24' title='bbox 735 840 861 924; x_wconf 88' lang='lat' dir='ltr'><strong>pergit:</strong></span> <span class='ocrx_word' id='word_1_25' title='bbox 890 838 1054 920; x_wconf 80' lang='lat' dir='ltr'><strong>„Quihoc</strong></span> <span class='ocrx_word' id='word_1_26' title='bbox 1077 863 1215 926; x_wconf 90' lang='lat' dir='ltr'><strong>perpen-</strong></span> 
     </span>
     <span class='ocr_line' id='line_1_5' title="bbox 86 935 1215 1025; baseline 0.002 -24"><span class='ocrx_word' id='word_1_27' title='bbox 86 938 149 1018; x_wconf 86' lang='lat' dir='ltr'><strong>dit,</strong></span> <span class='ocrx_word' id='word_1_28' title='bbox 175 937 347 1023; x_wconf 81' lang='lat' dir='ltr'><strong>intelliget,</strong></span> <span class='ocrx_word' id='word_1_29' title='bbox 378 959 479 1025; x_wconf 88' lang='lat' dir='ltr'><strong>quare</strong></span> <span class='ocrx_word' id='word_1_30' title='bbox 504 935 684 1022; x_wconf 81' lang='lat' dir='ltr'><strong>Gregorius</strong></span> <span class='ocrx_word' id='word_1_31' title='bbox 707 959 778 1002; x_wconf 88' lang='lat' dir='ltr'><strong>sese</strong></span> <span class='ocrx_word' id='word_1_32' title='bbox 809 938 998 1022; x_wconf 86' lang='lat' dir='ltr'><strong>opposuerit</strong></span> <span class='ocrx_word' id='word_1_33' title='bbox 1021 947 1114 1002; x_wconf 88' lang='lat' dir='ltr'><strong>tanta</strong></span> <span class='ocrx_word' id='word_1_34' title='bbox 1137 961 1215 1003; x_wconf 89' lang='lat' dir='ltr'><strong>oum</strong></span> 
     </span>
     <span class='ocr_line' id='line_1_6' title="bbox 86 1033 1215 1127; baseline 0.004 -31"><span class='ocrx_word' id='word_1_35' title='bbox 86 1038 122 1099; x_wconf 85' lang='lat' dir='ltr'><strong>vi</strong></span> <span class='ocrx_word' id='word_1_36' title='bbox 149 1039 367 1101; x_wconf 80' lang='lat' dir='ltr'><strong>investiturae</strong></span> <span class='ocrx_word' id='word_1_37' title='bbox 390 1037 620 1127; x_wconf 87' lang='lat' dir='ltr'><strong>episcoporum</strong></span> <span class='ocrx_word' id='word_1_38' title='bbox 645 1057 703 1120; x_wconf 90' lang='lat' dir='ltr'><strong>per</strong></span> <span class='ocrx_word' id='word_1_39' title='bbox 726 1033 887 1098; x_wconf 89' lang='lat' dir='ltr'><strong>annulum</strong></span> <span class='ocrx_word' id='word_1_40' title='bbox 912 1045 944 1098; x_wconf 89' lang='lat' dir='ltr'><strong>et</strong></span> <span class='ocrx_word' id='word_1_41' title='bbox 967 1034 1134 1102; x_wconf 86' lang='lat' dir='ltr'><strong>baculum.</strong></span> <span class='ocrx_word' id='word_1_42' title='bbox 1175 1036 1215 1100; x_wconf 93' lang='lat' dir='ltr'><strong>Iu</strong></span> 
     </span>
     <span class='ocr_line' id='line_1_7' title="bbox 86 1127 1215 1220; baseline 0.001 -23"><span class='ocrx_word' id='word_1_43' title='bbox 86 1136 198 1219; x_wconf 90' lang='lat' dir='ltr'><strong>primo</strong></span> <span class='ocrx_word' id='word_1_44' title='bbox 224 1135 363 1199; x_wconf 91' lang='lat' dir='ltr'><strong>concilio</strong></span> <span class='ocrx_word' id='word_1_45' title='bbox 379 1135 529 1199; x_wconf 88' lang='lat' dir='ltr'><strong>Romano</strong></span> <span class='ocrx_word' id='word_1_46' title='bbox 554 1132 717 1220; x_wconf 72' lang='lat' dir='ltr'><strong>(a1074)</strong></span> <span class='ocrx_word' id='word_1_47' title='bbox 739 1127 919 1216; x_wconf 84' lang='lat' dir='ltr'><strong>Gregorius</strong></span> <span class='ocrx_word' id='word_1_48' title='bbox 943 1144 1057 1198; x_wconf 88' lang='lat' dir='ltr'><strong>contra</strong></span> <span class='ocrx_word' id='word_1_49' title='bbox 1081 1136 1215 1198; x_wconf 88' lang='lat' dir='ltr'><strong>investi-</strong></span> 
     </span>
     <span class='ocr_line' id='line_1_8' title="bbox 85 1229 1215 1318; baseline 0.002 -21"><span class='ocrx_word' id='word_1_50' title='bbox 85 1245 199 1296; x_wconf 83' lang='lat' dir='ltr'><strong>turam</strong></span> <span class='ocrx_word' id='word_1_51' title='bbox 225 1254 291 1297; x_wconf 92' lang='lat' dir='ltr'><strong>non</strong></span> <span class='ocrx_word' id='word_1_52' title='bbox 314 1234 483 1318; x_wconf 86' lang='lat' dir='ltr'><strong>processit,</strong></span> <span class='ocrx_word' id='word_1_53' title='bbox 508 1232 567 1296; x_wconf 88' lang='lat' dir='ltr'><strong>sed</strong></span> <span class='ocrx_word' id='word_1_54' title='bbox 582 1243 712 1296; x_wconf 89' lang='lat' dir='ltr'><strong>tantum</strong></span> <span class='ocrx_word' id='word_1_55' title='bbox 728 1232 903 1295; x_wconf 77' lang='lat' dir='ltr'><strong>simoniam</strong></span> <span class='ocrx_word' id='word_1_56' title='bbox 927 1229 1033 1294; x_wconf 89' lang='lat' dir='ltr'><strong>voluit</strong></span> <span class='ocrx_word' id='word_1_57' title='bbox 1055 1231 1215 1298; x_wconf 78' lang='lat' dir='ltr'><strong>abolitam</strong></span> 
     </span>
     <span class='ocr_line' id='line_1_9' title="bbox 85 1329 1290 1418; baseline 0.001 -24"><span class='ocrx_word' id='word_1_58' title='bbox 85 1353 129 1394; x_wconf 88' lang='lat' dir='ltr'><strong>ac</strong></span> <span class='ocrx_word' id='word_1_59' title='bbox 162 1332 313 1395; x_wconf 85' lang='lat' dir='ltr'><strong>restituta</strong></span> <span class='ocrx_word' id='word_1_60' title='bbox 341 1331 419 1416; x_wconf 90' lang='lat' dir='ltr'><strong>jura</strong></span> <span class='ocrx_word' id='word_1_61' title='bbox 447 1330 618 1394; x_wconf 81' lang='lat' dir='ltr'><strong>electionis</strong></span> <span class='ocrx_word' id='word_1_62' title='bbox 650 1331 799 1415; x_wconf 88' lang='lat' dir='ltr'><strong>antiqua.</strong></span> <span class='ocrx_word' id='word_1_63' title='bbox 844 1329 955 1392; x_wconf 82' lang='lat' dir='ltr'><strong>Etiam</strong></span> <span class='ocrx_word' id='word_1_64' title='bbox 980 1329 1216 1414; x_wconf 77' lang='lat' dir='ltr'><strong>praecedentes</strong></span> <span class='ocrx_word' id='word_1_65' title='bbox 1289 1414 1290 1418; x_wconf 6' lang='grc' dir='ltr'><strong>Ἰ</strong></span> 
     </span>
     <span class='ocr_line' id='line_1_10' title="bbox 84 1426 1215 1507; baseline 0.002 -15"><span class='ocrx_word' id='word_1_66' title='bbox 84 1427 269 1493; x_wconf 86' lang='lat' dir='ltr'><strong>Pontifices</strong></span> <span class='ocrx_word' id='word_1_67' title='bbox 293 1431 327 1493; x_wconf 90' lang='lat' dir='ltr'><strong>in</strong></span> <span class='ocrx_word' id='word_1_68' title='bbox 349 1452 408 1493; x_wconf 88' lang='lat' dir='ltr'><strong>sua</strong></span> <span class='ocrx_word' id='word_1_69' title='bbox 432 1438 546 1494; x_wconf 89' lang='lat' dir='ltr'><strong>contra</strong></span> <span class='ocrx_word' id='word_1_70' title='bbox 570 1430 745 1493; x_wconf 80' lang='lat' dir='ltr'><strong>simoniam</strong></span> <span class='ocrx_word' id='word_1_71' title='bbox 768 1426 868 1507; x_wconf 88' lang='lat' dir='ltr'><strong>lucta,</strong></span> <span class='ocrx_word' id='word_1_72' title='bbox 900 1427 963 1490; x_wconf 91' lang='lat' dir='ltr'><strong>hoc</strong></span> <span class='ocrx_word' id='word_1_73' title='bbox 987 1429 1215 1494; x_wconf 90' lang='lat' dir='ltr'><strong>tautummodo</strong></span> 
     </span>
     <span class='ocr_line' id='line_1_11' title="bbox 88 1523 1215 1612; baseline 0 -22"><span class='ocrx_word' id='word_1_74' title='bbox 88 1525 350 1611; x_wconf 78' lang='lat' dir='ltr'><strong>postulaverant.</strong></span> <span class='ocrx_word' id='word_1_75' title='bbox 396 1527 463 1592; x_wconf 88' lang='lat' dir='ltr'><strong>Sed</strong></span> <span class='ocrx_word' id='word_1_76' title='bbox 488 1548 591 1612; x_wconf 90' lang='lat' dir='ltr'><strong>quum</strong></span> <span class='ocrx_word' id='word_1_77' title='bbox 616 1527 694 1590; x_wconf 90' lang='lat' dir='ltr'><strong>dein</strong></span> <span class='ocrx_word' id='word_1_78' title='bbox 719 1523 899 1609; x_wconf 81' lang='lat' dir='ltr'><strong>Gregorius</strong></span> <span class='ocrx_word' id='word_1_79' title='bbox 922 1527 1132 1610; x_wconf 84' lang='lat' dir='ltr'><strong>perspiceret,</strong></span> <span class='ocrx_word' id='word_1_80' title='bbox 1168 1527 1215 1590; x_wconf 90' lang='lat' dir='ltr'><strong>in-</strong></span> 
     </span>
     <span class='ocr_line' id='line_1_12' title="bbox 87 1622 1214 1710; baseline -0.001 -23"><span class='ocrx_word' id='word_1_81' title='bbox 87 1625 286 1690; x_wconf 79' lang='lat' dir='ltr'><strong>vestituram</strong></span> <span class='ocrx_word' id='word_1_82' title='bbox 309 1625 378 1689; x_wconf 84' lang='lat' dir='ltr'><strong>sere</strong></span> <span class='ocrx_word' id='word_1_83' title='bbox 394 1622 661 1710; x_wconf 79' lang='lat' dir='ltr'><strong>inseparabiliter</strong></span> <span class='ocrx_word' id='word_1_84' title='bbox 682 1644 805 1688; x_wconf 86' lang='lat' dir='ltr'><strong>nexam</strong></span> <span class='ocrx_word' id='word_1_85' title='bbox 829 1632 862 1686; x_wconf 91' lang='lat' dir='ltr'><strong>et</strong></span> <span class='ocrx_word' id='word_1_86' title='bbox 878 1623 1109 1707; x_wconf 88' lang='lat' dir='ltr'><strong>complicatam</strong></span> <span class='ocrx_word' id='word_1_87' title='bbox 1134 1646 1214 1704; x_wconf 88' lang='lat' dir='ltr'><strong>esse,</strong></span> 
     </span>
     <span class='ocr_line' id='line_1_13' title="bbox 87 1720 1215 1809; baseline 0 -23"><span class='ocrx_word' id='word_1_88' title='bbox 87 1745 169 1787; x_wconf 91' lang='lat' dir='ltr'><strong>cum</strong></span> <span class='ocrx_word' id='word_1_89' title='bbox 193 1733 354 1808; x_wconf 79' lang='lat' dir='ltr'><strong>potestate</strong></span> <span class='ocrx_word' id='word_1_90' title='bbox 370 1721 612 1809; x_wconf 77' lang='lat' dir='ltr'><strong>Imperatorum</strong></span> <span class='ocrx_word' id='word_1_91' title='bbox 636 1733 668 1786; x_wconf 88' lang='lat' dir='ltr'><strong>et</strong></span> <span class='ocrx_word' id='word_1_92' title='bbox 691 1743 806 1806; x_wconf 87' lang='lat' dir='ltr'><strong>regum</strong></span> <span class='ocrx_word' id='word_1_93' title='bbox 832 1720 1022 1786; x_wconf 85' lang='lat' dir='ltr'><strong>confercndi</strong></span> <span class='ocrx_word' id='word_1_94' title='bbox 1048 1723 1215 1808; x_wconf 89' lang='lat' dir='ltr'><strong>episcopa-</strong></span> 
     </span>
     <span class='ocr_line' id='line_1_14' title="bbox 87 1819 1215 1904; baseline 0.002 -20"><span class='ocrx_word' id='word_1_95' title='bbox 87 1831 145 1884; x_wconf 91' lang='lat' dir='ltr'><strong>tus</strong></span> <span class='ocrx_word' id='word_1_96' title='bbox 169 1831 201 1884; x_wconf 88' lang='lat' dir='ltr'><strong>et</strong></span> <span class='ocrx_word' id='word_1_97' title='bbox 223 1819 375 1885; x_wconf 87' lang='lat' dir='ltr'><strong>abbatias</strong></span> <span class='ocrx_word' id='word_1_98' title='bbox 399 1830 431 1884; x_wconf 90' lang='lat' dir='ltr'><strong>et</strong></span> <span class='ocrx_word' id='word_1_99' title='bbox 455 1841 531 1883; x_wconf 89' lang='lat' dir='ltr'><strong>cum</strong></span> <span class='ocrx_word' id='word_1_100' title='bbox 555 1819 696 1883; x_wconf 88' lang='lat' dir='ltr'><strong>simonia</strong></span> <span class='ocrx_word' id='word_1_101' title='bbox 720 1841 804 1904; x_wconf 89' lang='lat' dir='ltr'><strong>quae</strong></span> <span class='ocrx_word' id='word_1_102' title='bbox 821 1819 908 1883; x_wconf 90' lang='lat' dir='ltr'><strong>hanc</strong></span> <span class='ocrx_word' id='word_1_103' title='bbox 932 1819 1140 1884; x_wconf 89' lang='lat' dir='ltr'><strong>collationem</strong></span> <span class='ocrx_word' id='word_1_104' title='bbox 1165 1843 1215 1886; x_wconf 91' lang='lat' dir='ltr'><strong>co-</strong></span> 
     </span>
     <span class='ocr_line' id='line_1_15' title="bbox 88 1914 1214 2002; baseline 0.003 -22"><span class='ocrx_word' id='word_1_105' title='bbox 88 1914 282 1998; x_wconf 90' lang='lat' dir='ltr'><strong>mitabatur,</strong></span> <span class='ocrx_word' id='word_1_106' title='bbox 307 1927 388 1982; x_wconf 89' lang='lat' dir='ltr'><strong>tuuc</strong></span> <span class='ocrx_word' id='word_1_107' title='bbox 402 1920 503 1982; x_wconf 89' lang='lat' dir='ltr'><strong>etiam</strong></span> <span class='ocrx_word' id='word_1_108' title='bbox 520 1919 751 1981; x_wconf 84' lang='lat' dir='ltr'><strong>investituram</strong></span> <span class='ocrx_word' id='word_1_109' title='bbox 776 1939 949 2001; x_wconf 87' lang='lat' dir='ltr'><strong>aggressus</strong></span> <span class='ocrx_word' id='word_1_110' title='bbox 974 1929 1032 1999; x_wconf 86' lang='lat' dir='ltr'><strong>est,</strong></span> <span class='ocrx_word' id='word_1_111' title='bbox 1057 1929 1094 1982; x_wconf 94' lang='lat' dir='ltr'><strong>ut</strong></span> <span class='ocrx_word' id='word_1_112' title='bbox 1116 1919 1214 2002; x_wconf 90' lang='lat' dir='ltr'><strong>mala,</strong></span> 
     </span>
     <span class='ocr_line' id='line_1_16' title="bbox 88 2015 1217 2101; baseline 0.002 -23"><span class='ocrx_word' id='word_1_113' title='bbox 88 2037 178 2101; x_wconf 89' lang='lat' dir='ltr'><strong>quae</strong></span> <span class='ocrx_word' id='word_1_114' title='bbox 201 2015 314 2080; x_wconf 88' lang='lat' dir='ltr'><strong>tollere</strong></span> <span class='ocrx_word' id='word_1_115' title='bbox 337 2016 480 2098; x_wconf 88' lang='lat' dir='ltr'><strong>volebat,</strong></span> <span class='ocrx_word' id='word_1_116' title='bbox 511 2015 662 2080; x_wconf 86' lang='lat' dir='ltr'><strong>funditus</strong></span> <span class='ocrx_word' id='word_1_117' title='bbox 695 2015 888 2082; x_wconf 85' lang='lat' dir='ltr'><strong>eradicaret.</strong></span> <span class='ocrx_word' id='word_1_118' title='bbox 936 2017 990 2080; x_wconf 82' lang='lat' dir='ltr'><strong>Ex</strong></span> <span class='ocrx_word' id='word_1_119' title='bbox 1012 2015 1066 2080; x_wconf 89' lang='lat' dir='ltr'><strong>his</strong></span> <span class='ocrx_word' id='word_1_120' title='bbox 1095 2017 1217 2081; x_wconf 90' lang='lat' dir='ltr'><strong>clarius</strong></span> 
     </span>
     <span class='ocr_line' id='line_1_17' title="bbox 87 2111 1302 2200; baseline 0.003 -25"><span class='ocrx_word' id='word_1_121' title='bbox 87 2125 230 2198; x_wconf 86' lang='lat' dir='ltr'><strong>apparet</strong></span> <span class='ocrx_word' id='word_1_122' title='bbox 260 2114 387 2178; x_wconf 88' lang='lat' dir='ltr'><strong>indoles</strong></span> <span class='ocrx_word' id='word_1_123' title='bbox 421 2113 530 2178; x_wconf 88' lang='lat' dir='ltr'><strong>luctae</strong></span> <span class='ocrx_word' id='word_1_124' title='bbox 566 2115 652 2177; x_wconf 91' lang='lat' dir='ltr'><strong>inter</strong></span> <span class='ocrx_word' id='word_1_125' title='bbox 675 2113 871 2177; x_wconf 89' lang='lat' dir='ltr'><strong>Pontificem</strong></span> <span class='ocrx_word' id='word_1_126' title='bbox 902 2123 935 2177; x_wconf 94' lang='lat' dir='ltr'><strong>et</strong></span> <span class='ocrx_word' id='word_1_127' title='bbox 966 2111 1214 2200; x_wconf 89' lang='lat' dir='ltr'><strong>Imperatorem.</strong></span> <span class='ocrx_word' id='word_1_128' title='bbox 1300 2131 1302 2140; x_wconf 67' lang='lat'><strong>¹</strong></span> 
     </span>
     <span class='ocr_line' id='line_1_18' title="bbox 88 2211 1215 2298; baseline 0 -22"><span class='ocrx_word' id='word_1_129' title='bbox 88 2211 272 2296; x_wconf 85' lang='lat' dir='ltr'><strong>Gregorius</strong></span> <span class='ocrx_word' id='word_1_130' title='bbox 300 2213 391 2276; x_wconf 87' lang='lat' dir='ltr'><strong>haud</strong></span> <span class='ocrx_word' id='word_1_131' title='bbox 420 2211 639 2298; x_wconf 86' lang='lat' dir='ltr'><strong>impugnabat</strong></span> <span class='ocrx_word' id='word_1_132' title='bbox 662 2212 893 2274; x_wconf 89' lang='lat' dir='ltr'><strong>investituram</strong></span> <span class='ocrx_word' id='word_1_133' title='bbox 917 2213 1101 2295; x_wconf 84' lang='lat' dir='ltr'><strong>generatim</strong></span> <span class='ocrx_word' id='word_1_134' title='bbox 1125 2214 1215 2277; x_wconf 90' lang='lat' dir='ltr'><strong>etin</strong></span> 
     </span>
     <span class='ocr_line' id='line_1_19' title="bbox 87 2309 1216 2397; baseline 0.001 -24"><span class='ocrx_word' id='word_1_135' title='bbox 87 2333 125 2373; x_wconf 89' lang='lat' dir='ltr'><strong>se</strong></span> <span class='ocrx_word' id='word_1_136' title='bbox 159 2310 412 2391; x_wconf 86' lang='lat' dir='ltr'><strong>consideratam,</strong></span> <span class='ocrx_word' id='word_1_137' title='bbox 446 2309 505 2374; x_wconf 88' lang='lat' dir='ltr'><strong>sed</strong></span> <span class='ocrx_word' id='word_1_138' title='bbox 536 2331 609 2372; x_wconf 87' lang='lat' dir='ltr'><strong>eam</strong></span> <span class='ocrx_word' id='word_1_139' title='bbox 634 2309 865 2373; x_wconf 89' lang='lat' dir='ltr'><strong>investituram</strong></span> <span class='ocrx_word' id='word_1_140' title='bbox 890 2309 1216 2397; x_wconf 80' lang='lat' dir='ltr'><strong>(ecclesiasticorum)</strong></span> 
     </span>
     <span class='ocr_line' id='line_1_20' title="bbox 88 2405 1218 2494; baseline 0.003 -24"><span class='ocrx_word' id='word_1_141' title='bbox 88 2417 270 2493; x_wconf 87' lang='lat' dir='ltr'><strong>quactum</strong></span> <span class='ocrx_word' id='word_1_142' title='bbox 295 2431 358 2473; x_wconf 92' lang='lat' dir='ltr'><strong>usu</strong></span> <span class='ocrx_word' id='word_1_143' title='bbox 384 2407 580 2472; x_wconf 87' lang='lat' dir='ltr'><strong>invaluerat.</strong></span> <span class='ocrx_word' id='word_1_144' title='bbox 628 2405 729 2470; x_wconf 91' lang='lat' dir='ltr'><strong>Haud</strong></span> <span class='ocrx_word' id='word_1_145' title='bbox 755 2405 961 2491; x_wconf 89' lang='lat' dir='ltr'><strong>impediebat</strong></span> <span class='ocrx_word' id='word_1_146' title='bbox 990 2410 1161 2494; x_wconf 89' lang='lat' dir='ltr'><strong>episcopos</strong></span> <span class='ocrx_word' id='word_1_147' title='bbox 1184 2419 1218 2472; x_wconf 91' lang='lat' dir='ltr'><strong>et</strong></span> 
     </span>
     <span class='ocr_line' id='line_1_21' title="bbox 85 2503 1215 2591; baseline 0.002 -23"><span class='ocrx_word' id='word_1_148' title='bbox 85 2503 238 2586; x_wconf 87' lang='lat' dir='ltr'><strong>abbates,</strong></span> <span class='ocrx_word' id='word_1_149' title='bbox 271 2515 307 2569; x_wconf 90' lang='lat' dir='ltr'><strong>ut</strong></span> <span class='ocrx_word' id='word_1_150' title='bbox 337 2507 472 2591; x_wconf 89' lang='lat' dir='ltr'><strong>regibus</strong></span> <span class='ocrx_word' id='word_1_151' title='bbox 495 2516 528 2569; x_wconf 90' lang='lat' dir='ltr'><strong>et</strong></span> <span class='ocrx_word' id='word_1_152' title='bbox 551 2504 805 2591; x_wconf 88' lang='lat' dir='ltr'><strong>imperatoribus</strong></span> <span class='ocrx_word' id='word_1_153' title='bbox 823 2505 1052 2590; x_wconf 87' lang='lat' dir='ltr'><strong>juramentum</strong></span> <span class='ocrx_word' id='word_1_154' title='bbox 1076 2507 1215 2571; x_wconf 89' lang='lat' dir='ltr'><strong>hominii</strong></span> 
     </span>
     <span class='ocr_line' id='line_1_22' title="bbox 87 2603 1216 2691; baseline 0.003 -26"><span class='ocrx_word' id='word_1_155' title='bbox 87 2613 298 2690; x_wconf 88' lang='lat' dir='ltr'><strong>praestarent</strong></span> <span class='ocrx_word' id='word_1_156' title='bbox 322 2626 502 2691; x_wconf 91' lang='lat' dir='ltr'><strong>eorumque</strong></span> <span class='ocrx_word' id='word_1_157' title='bbox 527 2603 642 2667; x_wconf 86' lang='lat' dir='ltr'><strong>vasalli</strong></span> <span class='ocrx_word' id='word_1_158' title='bbox 668 2603 800 2683; x_wconf 82' lang='lat' dir='ltr'><strong>fierent3</strong></span> <span class='ocrx_word' id='word_1_159' title='bbox 838 2625 898 2666; x_wconf 88' lang='lat' dir='ltr'><strong>uec</strong></span> <span class='ocrx_word' id='word_1_160' title='bbox 923 2603 1095 2667; x_wconf 86' lang='lat' dir='ltr'><strong>interdixit</strong></span> <span class='ocrx_word' id='word_1_161' title='bbox 1126 2607 1216 2668; x_wconf 88' lang='lat' dir='ltr'><strong>inve·</strong></span> 
     </span>
     <span class='ocr_line' id='line_1_23' title="bbox 86 2700 1215 2788; baseline 0 -22"><span class='ocrx_word' id='word_1_162' title='bbox 86 2703 241 2766; x_wconf 88' lang='lat' dir='ltr'><strong>stituram</strong></span> <span class='ocrx_word' id='word_1_163' title='bbox 266 2724 351 2788; x_wconf 85' lang='lat' dir='ltr'><strong>quae</strong></span> <span class='ocrx_word' id='word_1_164' title='bbox 375 2713 528 2766; x_wconf 89' lang='lat' dir='ltr'><strong>oretenus</strong></span> <span class='ocrx_word' id='word_1_165' title='bbox 557 2700 612 2764; x_wconf 88' lang='lat' dir='ltr'><strong>vel</strong></span> <span class='ocrx_word' id='word_1_166' title='bbox 636 2702 767 2786; x_wconf 87' lang='lat' dir='ltr'><strong>seriptis</strong></span> <span class='ocrx_word' id='word_1_167' title='bbox 791 2700 910 2782; x_wconf 71' lang='lat' dir='ltr'><strong>fiebat,</strong></span> <span class='ocrx_word' id='word_1_168' title='bbox 948 2701 1015 2764; x_wconf 90' lang='lat' dir='ltr'><strong>imo</strong></span> <span class='ocrx_word' id='word_1_169' title='bbox 1048 2701 1137 2766; x_wconf 89' lang='lat' dir='ltr'><strong>huuc</strong></span> <span class='ocrx_word' id='word_1_170' title='bbox 1168 2704 1215 2766; x_wconf 92' lang='lat' dir='ltr'><strong>in·</strong></span> 
     </span>
     <span class='ocr_line' id='line_1_24' title="bbox 85 2798 1214 2884; baseline 0 -22"><span class='ocrx_word' id='word_1_171' title='bbox 85 2798 256 2863; x_wconf 89' lang='lat' dir='ltr'><strong>vestiendi</strong></span> <span class='ocrx_word' id='word_1_172' title='bbox 290 2799 425 2865; x_wconf 89' lang='lat' dir='ltr'><strong>modum</strong></span> <span class='ocrx_word' id='word_1_173' title='bbox 451 2801 614 2864; x_wconf 88' lang='lat' dir='ltr'><strong>concessit</strong></span> <span class='ocrx_word' id='word_1_174' title='bbox 647 2799 780 2882; x_wconf 88' lang='lat' dir='ltr'><strong>regibus</strong></span> <span class='ocrx_word' id='word_1_175' title='bbox 804 2799 968 2862; x_wconf 85' lang='lat' dir='ltr'><strong>Franciae</strong></span> <span class='ocrx_word' id='word_1_176' title='bbox 999 2811 1031 2863; x_wconf 91' lang='lat' dir='ltr'><strong>et</strong></span> <span class='ocrx_word' id='word_1_177' title='bbox 1054 2798 1214 2884; x_wconf 77' lang='lat' dir='ltr'><strong>Anglia03</strong></span> 
     </span>
     <span class='ocr_line' id='line_1_25' title="bbox 85 2894 1215 2983; baseline 0.003 -24"><span class='ocrx_word' id='word_1_178' title='bbox 85 2896 226 2960; x_wconf 79' lang='lat' dir='ltr'><strong>fortasse</strong></span> <span class='ocrx_word' id='word_1_179' title='bbox 250 2899 350 2961; x_wconf 87' lang='lat' dir='ltr'><strong>etiam</strong></span> <span class='ocrx_word' id='word_1_180' title='bbox 376 2899 454 2983; x_wconf 88' lang='lat' dir='ltr'><strong>ipse,</strong></span> <span class='ocrx_word' id='word_1_181' title='bbox 480 2899 528 2960; x_wconf 88' lang='lat' dir='ltr'><strong>uti</strong></span> <span class='ocrx_word' id='word_1_182' title='bbox 552 2906 666 2982; x_wconf 89' lang='lat' dir='ltr'><strong>postea</strong></span> <span class='ocrx_word' id='word_1_183' title='bbox 682 2894 844 2979; x_wconf 83' lang='lat' dir='ltr'><strong>Galixtus,</strong></span> <span class='ocrx_word' id='word_1_184' title='bbox 869 2896 1057 2961; x_wconf 85' lang='lat' dir='ltr'><strong>admisisset</strong></span> <span class='ocrx_word' id='word_1_185' title='bbox 1081 2899 1215 2962; x_wconf 85' lang='lat' dir='ltr'><strong>iuvesti-</strong></span> 
     </span>
     <span class='ocr_line' id='line_1_26' title="bbox 85 2992 1215 3083; baseline 0 -25"><span class='ocrx_word' id='word_1_186' title='bbox 85 3008 197 3059; x_wconf 80' lang='lat' dir='ltr'><strong>turam</strong></span> <span class='ocrx_word' id='word_1_187' title='bbox 229 3019 289 3083; x_wconf 91' lang='lat' dir='ltr'><strong>per</strong></span> <span class='ocrx_word' id='word_1_188' title='bbox 312 3007 489 3082; x_wconf 89' lang='lat' dir='ltr'><strong>sceptrum.</strong></span> <span class='ocrx_word' id='word_1_189' title='bbox 537 2993 602 3059; x_wconf 86' lang='lat' dir='ltr'><strong>Sed</strong></span> <span class='ocrx_word' id='word_1_190' title='bbox 635 2995 793 3059; x_wconf 88' lang='lat' dir='ltr'><strong>abolitam</strong></span> <span class='ocrx_word' id='word_1_191' title='bbox 821 2992 956 3058; x_wconf 91' lang='lat' dir='ltr'><strong>volebat</strong></span> <span class='ocrx_word' id='word_1_192' title='bbox 984 2995 1215 3059; x_wconf 88' lang='lat' dir='ltr'><strong>investituram</strong></span> 
     </span>
     <span class='ocr_line' id='line_1_27' title="bbox 87 3091 1215 3187; baseline -0.005 -25"><span class='ocrx_word' id='word_1_193' title='bbox 87 3121 175 3187; x_wconf 89' lang='lat' dir='ltr'><strong>quac</strong></span> <span class='ocrx_word' id='word_1_194' title='bbox 199 3095 300 3160; x_wconf 89' lang='lat' dir='ltr'><strong>fiebat</strong></span> <span class='ocrx_word' id='word_1_195' title='bbox 323 3117 382 3181; x_wconf 91' lang='lat' dir='ltr'><strong>per</strong></span> <span class='ocrx_word' id='word_1_196' title='bbox 401 3093 552 3178; x_wconf 84' lang='lat' dir='ltr'><strong>symbola</strong></span> <span class='ocrx_word' id='word_1_197' title='bbox 575 3094 782 3157; x_wconf 87' lang='lat' dir='ltr'><strong>auctoritatis</strong></span> <span class='ocrx_word' id='word_1_198' title='bbox 806 3091 1006 3179; x_wconf 70' lang='lat' dir='ltr'><strong>spiritualis,</strong></span> <span class='ocrx_word' id='word_1_199' title='bbox 1031 3091 1134 3156; x_wconf 90' lang='lat' dir='ltr'><strong>multo</strong></span> <span class='ocrx_word' id='word_1_200' title='bbox 1150 3115 1215 3156; x_wconf 89' lang='lat' dir='ltr'><strong>ma·</strong></span> 
     </span>
     <span class='ocr_line' id='line_1_28' title="bbox 86 3190 1215 3281; baseline -0.007 -20"><span class='ocrx_word' id='word_1_201' title='bbox 86 3199 141 3281; x_wconf 86' lang='lat' dir='ltr'><strong>gis</strong></span> <span class='ocrx_word' id='word_1_202' title='bbox 164 3196 393 3258; x_wconf 87' lang='lat' dir='ltr'><strong>investituram</strong></span> <span class='ocrx_word' id='word_1_203' title='bbox 407 3201 483 3256; x_wconf 88' lang='lat' dir='ltr'><strong>ante</strong></span> <span class='ocrx_word' id='word_1_204' title='bbox 501 3192 781 3256; x_wconf 77' lang='lat' dir='ltr'><strong>consecrationem</strong></span> <span class='ocrx_word' id='word_1_205' title='bbox 795 3190 928 3272; x_wconf 87' lang='lat' dir='ltr'><strong>factam,</strong></span> <span class='ocrx_word' id='word_1_206' title='bbox 954 3200 986 3254; x_wconf 91' lang='lat' dir='ltr'><strong>et</strong></span> <span class='ocrx_word' id='word_1_207' title='bbox 1007 3192 1215 3275; x_wconf 88' lang='lat' dir='ltr'><strong>potissimum</strong></span> 
     </span>
     <span class='ocr_line' id='line_1_29' title="bbox 86 3288 1216 3375; baseline -0.004 -17"><span class='ocrx_word' id='word_1_208' title='bbox 86 3315 164 3360; x_wconf 89' lang='lat' dir='ltr'><strong>cam</strong></span> <span class='ocrx_word' id='word_1_209' title='bbox 194 3293 425 3356; x_wconf 86' lang='lat' dir='ltr'><strong>investituram</strong></span> <span class='ocrx_word' id='word_1_210' title='bbox 457 3311 542 3375; x_wconf 89' lang='lat' dir='ltr'><strong>quae</strong></span> <span class='ocrx_word' id='word_1_211' title='bbox 573 3288 709 3353; x_wconf 89' lang='lat' dir='ltr'><strong>tollebat</strong></span> <span class='ocrx_word' id='word_1_212' title='bbox 740 3289 878 3354; x_wconf 88' lang='lat' dir='ltr'><strong>liberam</strong></span> <span class='ocrx_word' id='word_1_213' title='bbox 913 3289 1106 3354; x_wconf 87' lang='lat' dir='ltr'><strong>electionem</strong></span> <span class='ocrx_word' id='word_1_214' title='bbox 1131 3291 1216 3375; x_wconf 90' lang='lat' dir='ltr'><strong>epis-</strong></span> 
     </span>
     <span class='ocr_line' id='line_1_30' title="bbox 86 3386 626 3476; baseline -0.011 -21"><span class='ocrx_word' id='word_1_215' title='bbox 86 3411 249 3476; x_wconf 89' lang='lat' dir='ltr'><strong>coporum</strong></span> <span class='ocrx_word' id='word_1_216' title='bbox 273 3401 372 3476; x_wconf 86' lang='lat' dir='ltr'><strong>atque</strong></span> <span class='ocrx_word' id='word_1_217' title='bbox 396 3386 626 3468; x_wconf 74' lang='lat' dir='ltr'><strong>abbaturu“²).</strong></span> 
     </span>
    </p>
   </div>
   <div class='ocr_carea' id='block_1_3' title="bbox 86 3485 1387 3883">
    <p class='ocr_par' dir='ltr' id='par_1_3' title="bbox 86 3485 1387 3883">
     <span class='ocr_line' id='line_1_31' title="bbox 182 3485 1370 3590; baseline -0.003 -20"><span class='ocrx_word' id='word_1_218' title='bbox 182 3507 255 3570; x_wconf 78' lang='lat'><strong>120.</strong></span> <span class='ocrx_word' id='word_1_219' title='bbox 303 3505 358 3569; x_wconf 86' lang='lat' dir='ltr'><strong>Ad</strong></span> <span class='ocrx_word' id='word_1_220' title='bbox 382 3485 455 3567; x_wconf 81' lang='lat' dir='ltr'><strong>eam</strong></span> <span class='ocrx_word' id='word_1_221' title='bbox 481 3503 656 3566; x_wconf 85' lang='lat' dir='ltr'><strong>veniamus</strong></span> <span class='ocrx_word' id='word_1_222' title='bbox 686 3513 800 3566; x_wconf 89' lang='lat' dir='ltr'><strong>contra</strong></span> <span class='ocrx_word' id='word_1_223' title='bbox 823 3501 1023 3585; x_wconf 86' lang='lat' dir='ltr'><strong>Gregorium</strong></span> <span class='ocrx_word' id='word_1_224' title='bbox 1047 3503 1215 3590; x_wconf 88' lang='lat' dir='ltr'><strong>querelam</strong></span> <span class='ocrx_word' id='word_1_225' title='bbox 1241 3533 1370 3576; x_wconf 54' lang='lat' dir='ltr'><strong>um...</strong></span> 
     </span>
     <span class='ocr_line' id='line_1_32' title="bbox 86 3602 1376 3689; baseline -0.004 -20"><span class='ocrx_word' id='word_1_226' title='bbox 86 3629 109 3669; x_wconf 87' lang='lat' dir='ltr'><strong>a</strong></span> <span class='ocrx_word' id='word_1_227' title='bbox 126 3602 239 3668; x_wconf 90' lang='lat' dir='ltr'><strong>multis</strong></span> <span class='ocrx_word' id='word_1_228' title='bbox 262 3602 436 3689; x_wconf 89' lang='lat' dir='ltr'><strong>prolatam,</strong></span> <span class='ocrx_word' id='word_1_229' title='bbox 461 3603 568 3688; x_wconf 89' lang='lat' dir='ltr'><strong>ipsum</strong></span> <span class='ocrx_word' id='word_1_230' title='bbox 587 3621 700 3664; x_wconf 90' lang='lat' dir='ltr'><strong>omnes</strong></span> <span class='ocrx_word' id='word_1_231' title='bbox 716 3621 810 3684; x_wconf 88' lang='lat' dir='ltr'><strong>reges</strong></span> <span class='ocrx_word' id='word_1_232' title='bbox 827 3610 860 3664; x_wconf 89' lang='lat' dir='ltr'><strong>et</strong></span> <span class='ocrx_word' id='word_1_233' title='bbox 874 3602 1043 3686; x_wconf 90' lang='lat' dir='ltr'><strong>principes</strong></span> <span class='ocrx_word' id='word_1_234' title='bbox 1057 3611 1215 3666; x_wconf 88' lang='lat' dir='ltr'><strong>tractasse</strong></span> <span class='ocrx_word' id='word_1_235' title='bbox 1235 3602 1305 3646; x_wconf 58' lang='lat' dir='ltr'><strong>“blm</strong></span> <span class='ocrx_word' id='word_1_236' title='bbox 1328 3604 1376 3646; x_wconf 70' lang='lat'><strong>¹²²¹·</strong></span> 
     </span>
     <span class='ocr_line' id='line_1_33' title="bbox 87 3673 1387 3787; baseline -0.003 -21"><span class='ocrx_word' id='word_1_237' title='bbox 87 3711 127 3766; x_wconf 89' lang='lat' dir='ltr'><strong>ut</strong></span> <span class='ocrx_word' id='word_1_238' title='bbox 152 3701 248 3766; x_wconf 88' lang='lat' dir='ltr'><strong>Sedis</strong></span> <span class='ocrx_word' id='word_1_239' title='bbox 271 3698 483 3786; x_wconf 88' lang='lat' dir='ltr'><strong>Apostolicae</strong></span> <span class='ocrx_word' id='word_1_240' title='bbox 506 3697 658 3779; x_wconf 89' lang='lat' dir='ltr'><strong>vasallos,</strong></span> <span class='ocrx_word' id='word_1_241' title='bbox 692 3698 745 3762; x_wconf 90' lang='lat' dir='ltr'><strong>vel</strong></span> <span class='ocrx_word' id='word_1_242' title='bbox 777 3697 891 3764; x_wconf 88' lang='lat' dir='ltr'><strong>saltem</strong></span> <span class='ocrx_word' id='word_1_243' title='bbox 916 3699 1060 3764; x_wconf 87' lang='lat' dir='ltr'><strong>voluisse</strong></span> <span class='ocrx_word' id='word_1_244' title='bbox 1089 3673 1387 3787; x_wconf 48' lang='lat' dir='ltr'><strong>monor-&#39;⁰¹‘ffffffl‘’</strong></span> 
     </span>
     <span class='ocr_line' id='line_1_34' title="bbox 87 3797 1216 3883; baseline -0.004 -19"><span class='ocrx_word' id='word_1_245' title='bbox 87 3800 202 3864; x_wconf 88' lang='lat' dir='ltr'><strong>chiam</strong></span> <span class='ocrx_word' id='word_1_246' title='bbox 226 3798 447 3862; x_wconf 87' lang='lat' dir='ltr'><strong>universalem</strong></span> <span class='ocrx_word' id='word_1_247' title='bbox 473 3798 683 3880; x_wconf 86' lang='lat' dir='ltr'><strong>constituere,</strong></span> <span class='ocrx_word' id='word_1_248' title='bbox 718 3798 753 3860; x_wconf 92' lang='lat' dir='ltr'><strong>in</strong></span> <span class='ocrx_word' id='word_1_249' title='bbox 777 3819 842 3883; x_wconf 90' lang='lat' dir='ltr'><strong>qua</strong></span> <span class='ocrx_word' id='word_1_250' title='bbox 865 3797 1022 3862; x_wconf 85' lang='lat' dir='ltr'><strong>Pontifex</strong></span> <span class='ocrx_word' id='word_1_251' title='bbox 1046 3799 1216 3862; x_wconf 89' lang='lat' dir='ltr'><strong>Romanus</strong></span> 
     </span>
    </p>
   </div>
   <div class='ocr_carea' id='block_1_4' title="bbox 87 3891 1214 3982">
    <p class='ocr_par' dir='ltr' id='par_1_4' title="bbox 87 3891 1214 3982">
     <span class='ocr_line' id='line_1_35' title="bbox 87 3891 1214 3982; baseline -0.002 -20"><span class='ocrx_word' id='word_1_252' title='bbox 87 3907 177 3962; x_wconf 90' lang='lat' dir='ltr'><strong>esset</strong></span> <span class='ocrx_word' id='word_1_253' title='bbox 208 3907 317 3982; x_wconf 89' lang='lat' dir='ltr'><strong>caput,</strong></span> <span class='ocrx_word' id='word_1_254' title='bbox 354 3895 475 3959; x_wconf 89' lang='lat' dir='ltr'><strong>caeteri</strong></span> <span class='ocrx_word' id='word_1_255' title='bbox 512 3916 590 3959; x_wconf 90' lang='lat' dir='ltr'><strong>vero</strong></span> <span class='ocrx_word' id='word_1_256' title='bbox 626 3895 794 3980; x_wconf 88' lang='lat' dir='ltr'><strong>principes</strong></span> <span class='ocrx_word' id='word_1_257' title='bbox 816 3915 945 3960; x_wconf 86' lang='lat' dir='ltr'><strong>omnes</strong></span> <span class='ocrx_word' id='word_1_258' title='bbox 980 3896 1052 3980; x_wconf 87' lang='lat' dir='ltr'><strong>ejus</strong></span> <span class='ocrx_word' id='word_1_259' title='bbox 1087 3891 1214 3960; x_wconf 89' lang='lat' dir='ltr'><strong>vasalli.</strong></span> 
     </span>
    </p>
   </div>
   <div class='ocr_carea' id='block_1_5' title="bbox 91 4015 157 4024">
    <p class='ocr_par' dir='ltr' id='par_1_5' title="bbox 91 4015 157 4024">
     <span class='ocr_line' id='line_1_36' title="bbox 91 4015 157 4024; baseline -0.03 0"><span class='ocrx_word' id='word_1_260' title='bbox 91 4015 157 4024; x_wconf 69' lang='grc'><strong>...-</strong></span> 
     </span>
    </p>
   </div>
   <div class='ocr_carea' id='block_1_6' title="bbox 85 4015 1212 4437">
    <p class='ocr_par' dir='ltr' id='par_1_6' title="bbox 85 4015 1212 4437">
     <span class='ocr_line' id='line_1_37' title="bbox 85 4015 1212 4183; baseline -0.004 -73"><span class='ocrx_word' id='word_1_261' title='bbox 85 4131 110 4183; x_wconf 72' lang='grc' dir='ltr'><strong>Τ</strong></span> <span class='ocrx_word' id='word_1_262' title='bbox 140 4015 194 4180; x_wconf 48' lang='lat' dir='ltr'><strong>Vb</strong></span> <span class='ocrx_word' id='word_1_263' title='bbox 207 4016 311 4181; x_wconf 40' lang='lat' dir='ltr'><strong>haggi.</strong></span> <span class='ocrx_word' id='word_1_264' title='bbox 344 4060 439 4108; x_wconf 81' lang='lat' dir='ltr'><strong>corrtra</strong></span> <span class='ocrx_word' id='word_1_265' title='bbox 463 4053 639 4116; x_wconf 75' lang='lat' dir='ltr'><strong>Simoniams,</strong></span> <span class='ocrx_word' id='word_1_266' title='bbox 673 4068 715 4122; x_wconf 84' lang='lat' dir='ltr'><strong>ap.</strong></span> <span class='ocrx_word' id='word_1_267' title='bbox 746 4053 870 4108; x_wconf 78' lang='lat' dir='ltr'><strong>licitene</strong></span> <span class='ocrx_word' id='word_1_268' title='bbox 901 4053 1055 4108; x_wconf 83' lang='lat' dir='ltr'><strong>Thesaurus</strong></span> <span class='ocrx_word' id='word_1_269' title='bbox 1084 4051 1212 4108; x_wconf 78' lang='lat' dir='ltr'><strong>Aneedot</strong></span> 
     </span>
     <span class='ocr_line' id='line_1_38' title="bbox 111 4144 1211 4278; baseline 0.001 -17"><span class='ocrx_word' id='word_1_270' title='bbox 111 4171 117 4181; x_wconf 76' lang='grc'><strong><em>’</em></strong></span> <span class='ocrx_word' id='word_1_271' title='bbox 163 4144 342 4278; x_wconf 52' lang='lat' dir='ltr'><strong>spiraeum,</strong></span> <span class='ocrx_word' id='word_1_272' title='bbox 371 4205 496 4260; x_wconf 71' lang='lat' dir='ltr'><strong>restitut.</strong></span> <span class='ocrx_word' id='word_1_273' title='bbox 521 4204 585 4258; x_wconf 77' lang='lat' dir='ltr'><strong>net.</strong></span> <span class='ocrx_word' id='word_1_274' title='bbox 610 4204 702 4259; x_wconf 71' lang='lat' dir='ltr'><strong>eccle.</strong></span> <span class='ocrx_word' id='word_1_275' title='bbox 722 4205 794 4261; x_wconf 71' lang='lat' dir='ltr'><strong>saec.</strong></span> <span class='ocrx_word' id='word_1_276' title='bbox 815 4205 862 4262; x_wconf 84' lang='lat' dir='ltr'><strong>xr.</strong></span> <span class='ocrx_word' id='word_1_277' title='bbox 883 4205 913 4261; x_wconf 87' lang='lat' dir='ltr'><strong>P.</strong></span> <span class='ocrx_word' id='word_1_278' title='bbox 933 4205 967 4262; x_wconf 90' lang='lat' dir='ltr'><strong>u.</strong></span> <span class='ocrx_word' id='word_1_279' title='bbox 987 4205 1016 4261; x_wconf 86' lang='lat' dir='ltr'><strong>c.</strong></span> <span class='ocrx_word' id='word_1_280' title='bbox 1035 4205 1073 4260; x_wconf 83' lang='lat'><strong>11.</strong></span> <span class='ocrx_word' id='word_1_281' title='bbox 1093 4207 1116 4276; x_wconf 72' lang='lat' dir='ltr'><strong>s.</strong></span> <span class='ocrx_word' id='word_1_282' title='bbox 1138 4205 1211 4262; x_wconf 84' lang='lat' dir='ltr'><strong>xrv.</strong></span> 
     </span>
     <span class='ocr_line' id='line_1_39' title="bbox 85 4297 1106 4437; baseline -0.017 -6"><span class='ocrx_word' id='word_1_283' title='bbox 85 4297 261 4437; x_wconf 59' lang='lat' dir='ltr'><strong>ubtrllrelirsun,</strong></span> <span class='ocrx_word' id='word_1_284' title='bbox 277 4387 463 4426; x_wconf 59' lang='lat' dir='ltr'><strong>rotnascenses.</strong></span> <span class='ocrx_word' id='word_1_285' title='bbox 478 4385 543 4424; x_wconf 68' lang='lat' dir='ltr'><strong>&#39;rora</strong></span> <span class='ocrx_word' id='word_1_286' title='bbox 560 4385 599 4424; x_wconf 85' lang='lat' dir='ltr'><strong>iv.</strong></span> <span class='ocrx_word' id='word_1_287' title='bbox 1074 4375 1106 4428; x_wconf 76' lang='lat'><strong>21</strong></span> 
     </span>
    </p>
   </div>
   <div class='ocr_carea' id='block_1_7' title="bbox 0 0 1535 4834">
    <p class='ocr_par' dir='ltr' id='par_1_7' title="bbox 0 0 1535 4834">
     <span class='ocr_line' id='line_1_40' title="bbox 0 0 1535 4834; baseline 0 0"><span class='ocrx_word' id='word_1_288' title='bbox 0 0 1535 4834; x_wconf 95' lang='lat' dir='ltr'><strong> </strong></span> 
     </span>
    </p>
   </div>
  </div>
 </body>
</html>
