2922 4832
455 472 566 540 mpero
584 471 693 528 insoles.
1081 475 1132 530 ue

43 617 80 678 ιη’
95 615 131 678 ad
149 625 287 680 nostram
316 625 504 702 potestatem
523 615 716 700 pervenerit,
747 613 806 680 sibe·
828 613 979 679 reddam:
1009 627 1039 680 et
1068 618 1132 680 cui·

43 710 312 798 eapostolicam
334 736 462 796 reprom
484 714 662 776 commisero
678 715 793 800 jurare
807 712 936 797 faciam
957 711 1065 792 mam,
1098 725 1134 779 at

42 809 148 898 adynwr
175 811 222 874 tns'
242 811 284 874 sit
307 811 351 875 ad
380 809 612 896 defendendam
639 819 756 874 terram
786 810 889 876 saneti
912 811 1000 876 Petri
1027 833 1133 876 secca-

40 907 101 970 dom
114 930 212 994 posse.
220 907 245 994 ¹)

111 1023 486 1107 lautissimorum
499 1020 658 1107 Diploma
672 1020 813 1104 Ottonis,
837 1044 902 1108 qno
926 1025 1006 1110 ipsa,
1031 1045 1134 1110 quum
1173 1029 1274 1132 ⁰2¹2·

41 1118 143 1185 Romae
164 1129 265 1203 esset,
297 1121 352 1185 die
378 1121 435 1184 13⁰
458 1119 632 1184 Februarii
666 1119 875 1185 confirmavit
898 1121 1091 1186 donationes
1114 1143 1134 1186 a

39 1216 138 1302 PIpino
158 1217 299 1304 aliisque
323 1218 470 1284 Romano
487 1217 642 1282 Pontifici
656 1217 770 1299 saetas,
795 1227 831 1282 nt
850 1219 1039 1303 provincias
1055 1220 1135 1283 istas

40 1327 65 1378 et
84 1318 170 1382 nrbes
194 1316 410 1382 Pontifices
396 1341 432 1380 aa
454 1338 511 1380 sao
535 1315 734 1380 detineant
712 1339 798 1405 pore,
816 1317 1015 1403 principata,
1040 1327 1134 1403 atque

36 1412 146 1480 ditione.
194 1414 314 1496 Quoad
337 1413 531 1480 electionem
561 1422 673 1477 sutem
696 1413 837 1478 Romani
860 1413 1032 1479 Pontificio
1060 1413 1136 1479 alle·

39 1521 118 1592 gater
148 1513 323 1578 conventio
357 1511 500 1596 Eugenii
534 1510 568 1574 II
597 1533 674 1575 cum
704 1510 879 1593 Lothario‚
911 1510 1067 1576 videlicet
1098 1523 1136 1578 ut

35 1610 127 1674 omnis
148 1609 290 1695 populus
312 1631 347 1672 se
371 1608 494 1694 obIIget
517 1609 561 1674 ad
584 1608 777 1672 electionem
801 1611 1013 1691 canonicam,
1045 1619 1077 1675 et
1099 1621 1135 1674 at

37 1702 81 1767 Ille
101 1710 150 1792 poi
176 1707 222 1772 ad
244 1708 299 1772 hoc
321 1717 464 1772 sanctam
492 1717 584 1792 atque
608 1707 815 1792 apostolicam
837 1708 974 1792 repimea
997 1709 1134 1794 stipites,

36 1806 139 1867 tremine
154 1806 374 1884 cmweatieate,
398 1815 596 1868 consecratus
609 1803 675 1887 fiat
698 1804 858 1890 Pootsfeae,
877 1806 1066 1892 priusquam
1089 1818 1135 1870 ta·

34 1897 84 1962 lem
94 1903 320 1989 inpraesentia
333 1903 498 1968 missorem
509 1913 696 1980 assumam,
720 1901 769 1966 vel
782 1902 851 1985 file·
872 1905 983 1983 aestri,
998 1927 1052 1968 seo
1065 1906 1136 1968 eoi·

34 2019 126 2064 versae
154 2000 376 2088 peaeralitatis
398 2000 509 2085 faciat
527 2001 768 2086 promissionem
793 2022 855 2086 pro
884 2002 1021 2064 omnium
1043 2002 1136 2064 satis·

25 2095 157 2176 factione
181 2109 276 2185 atque
290 2097 410 2184 fsttora
433 2099 676 2177 conservatione,
700 2096 824 2183 qualem
839 2099 970 2163 domnos
993 2111 1023 2162 et
1045 2101 1139 2186 spiri·

33 2193 97 2256 talis
113 2208 211 2282 pater
233 2206 340 2260 noster
363 2196 425 2260 Leo
449 2205 558 2282 sponte
572 2194 692 2280 fecisse
720 2195 952 2281 diproscitor.⁹)
998 2200 1051 2262 De
1075 2197 1139 2262 hoc

34 2289 221 2376 Diplomate,
246 2305 358 2358 utrum
392 2295 574 2378 genuinum
609 2294 661 2372 sit,
699 2302 948 2358 controveruint
970 2305 1137 2375 auetoros3

30 2391 172 2456 exstabat
195 2403 343 2477 tempore
365 2390 501 2456 Baronii
531 2389 702 2475 exemplar
730 2391 801 2476 ejus
834 2391 929 2456 valde
957 2394 1137 2478 pretiosum

33 2487 61 2549 in
81 2489 240 2554 archiviis
263 2489 438 2572 Romanis,
469 2488 527 2554 sed
558 2487 717 2572 originale
740 2488 823 2553 illud
845 2489 946 2553 fuisse
974 2511 1041 2553 non
1064 2511 1139 2554 con·

30 2594 95 2650 stat.
141 2585 319 2652 Caeterum
344 2587 490 2651 continet
512 2585 575 2650 hoe
597 2586 755 2671 Diploma
779 2587 950 2650 manifeste
973 2609 1022 2667 ea,
1053 2607 1140 2672 quae

29 2692 98 2746 ante
120 2683 214 2749 litem
239 2706 315 2749 curn
338 2685 469 2750 Joanne
491 2683 561 2748 XII
584 2683 661 2750 Otto
686 2685 731 2748 M.
756 2693 898 2748 statuere
922 2682 1063 2765 volebat,
1093 2692 1139 2748 at-

29 2801 86 2862 que
107 2783 222 2864 vides,
253 2792 334 2848 tune
364 2804 439 2846 eum
470 2781 506 2847 id
535 2790 664 2846 tentum
688 2781 846 2865 voluisse,
875 2791 911 2846 ut
935 2784 1138 2847 consecratio

31 2875 195 2946 Pontifieis
219 2903 285 2946 non
315 2881 408 2944 fieret
437 2882 500 2944 nisi
524 2882 560 2944 in
589 2881 775 2966 praesentia
799 2882 973 2945 missorum
997 2879 1142 2966 Impera·

30 2980 110 3059 toris,
135 2981 185 3042 uti
201 2978 312 3064 plures
334 2977 553 3065 Imperatores
576 2977 808 3042 antecedentes
827 2979 899 3064 jam
918 2980 1142 3064 statuerant.³)

95 3209 114 3276 ¹)
134 3208 168 3262 In
188 3207 267 3274 corp.
286 3207 345 3264 Jur.
365 3207 434 3262 Dist.
455 3205 556 3263 LXIII.
576 3223 598 3262 c.
617 3207 667 3274 33;
688 3221 729 3274 ap.
743 3207 840 3262 Boron.
860 3209 895 3263 ad
907 3224 931 3262 a.
951 3209 1004 3264 960
1022 3225 1048 3264 n.
1069 3211 1095 3262 ὃ,
1108 3237 1143 3248 -

28 3283 110 3353 Hujus
126 3287 278 3357 juramenti
298 3295 354 3341 tres
373 3293 484 3341 exstant
501 3286 631 3340 formulae
650 3287 707 3340 lere
725 3285 834 3353 similes,
853 3303 886 3342 ex
905 3288 1000 3354 quibus
1019 3288 1085 3341 haec
1103 3288 1143 3342 vi·

26 3363 101 3419 detnr
127 3368 261 3436 adoptata
280 3367 372 3421 fuisse.
410 3366 571 3420 Genuiuitas
591 3365 741 3434 juramenti
765 3382 782 3419 a
806 3367 964 3434 quibusdam
988 3369 1144 3424 auctoribus

27 3443 186 3514 impugnata
205 3453 255 3510 est,
273 3447 319 3501 sed
338 3446 485 3514 immerito;
505 3445 572 3499 nihil
591 3445 644 3500 nisi
669 3445 739 3513 qnod
757 3455 920 3514 consuetum,
946 3447 974 3502 in
991 3449 1054 3504 talis
1069 3449 1145 3518 jura

25 3527 107 3579 menti
126 3525 314 3594 praestatione
333 3531 415 3594 atque
433 3527 461 3581 io
480 3525 609 3594 ejusmodi
628 3524 744 3580 formula
762 3527 924 3582 continetur.

94 3605 173 3676 ²)In
198 3605 375 3661 conventione
400 3606 518 3675 Eugenii
543 3622 603 3660 cum
628 3605 756 3660 Lethario
780 3606 908 3662 habetur:
941 3608 1035 3676 „quale
1060 3608 1146 3678 (jure-

25 3687 155 3756 mentum)
176 3686 298 3740 dominus
311 3685 451 3754 Eugenins
469 3703 539 3756 papa
556 3690 652 3754 sponte
665 3701 712 3754 pro
731 3688 934 3744 conservatione
952 3688 1072 3744 omnium·
1088 3687 1146 3742 fac-

24 3773 80 3819 tnm
98 3767 186 3820 habet
204 3766 424 3834 praescriptum“
456 3767 646 3821 iuramentum
664 3765 783 3835 Eugenii
801 3774 861 3822 erat
875 3767 1059 3836 juramentum
1074 3767 1146 3835 justi

25 3845 176 3914 regimInis,
194 3846 238 3899 uti
256 3845 389 3914 principes
408 3843 496 3900 facere
514 3845 646 3911 solebant,
664 3845 698 3899 de
715 3847 851 3902 reddenda
865 3846 977 3916 justitie
993 3847 1067 3902 etde
1085 3863 1146 3902 con-

23 3925 169 3980 servandis
186 3924 305 3980 omnium
322 3925 435 3982 iuribus.
454 3956 488 3966 -
508 3926 565 3994 Quo
583 3925 720 3992 pertineat
738 3927 839 3982 mentio
858 3929 957 3982 Leonis
979 3944 1033 3982 non
1051 3933 1147 3996 patet;

23 4005 203 4070 probabiliter
221 4005 352 4060 formulae
370 4005 425 4060 fnit
443 4006 546 4060 inserta
565 4010 626 4073 post
643 4005 837 4074 depositionem
855 4007 970 4064 Ioannis
989 4008 1049 4062 XII.

97 4089 118 4154 ³)
140 4083 213 4140 Vide
231 4085 356 4153 Diploma
381 4102 424 4154 ap.
442 4085 589 4140 Beronium
614 4085 648 4139 ad
673 4101 697 4138 e.
717 4087 769 4140 962
788 4102 813 4142 n.
833 4088 849 4140 3
868 4103 932 4155 ειη,
958 4093 987 4143 et
1006 4104 1046 4156 ap.
1067 4088 1150 4142 Perta

24 4165 57 4220 II.
77 4165 111 4222 G.
132 4165 167 4220 Τ.
186 4165 234 4222 IV.
260 4165 301 4234 (L.
320 4165 351 4219 Τ.
370 4165 418 4235 Π.)
447 4165 567 4233 P.11.p
600 4167 649 4220 164
667 4181 724 4232 sqq.
762 4167 842 4220 Perta
867 4167 900 4222 de
925 4183 955 4222 eo
981 4167 1149 4236 Diplomete:

23 4245 79 4310 „Ut
98 4246 199 4316 Igitur,
219 4245 322 4312 inquit,
347 4261 402 4300 rem
425 4262 480 4299 uno
499 4246 579 4300 verbo
599 4246 748 4312 absolvam,
774 4247 895 4302 chartam
917 4246 1065 4316 genuInum
1092 4245 1152 4314 qui·

50 4347 200 4397 Jungnrann,
215 4347 400 4388 Dissertstlours.
415 4348 481 4388 Τοῖα.
497 4347 536 4386 lv.
1011 4337 1043 4388 10
