3054 4834
303 488 355 538 3711
591 487 679 540 xxm
700 487 894 540 Controversia
903 489 944 540 ule
963 487 1148 541 Investituris.

303 631 382 694 (lum
419 633 517 694 etiam
552 629 692 694 aliarum
725 632 973 716 provinciarum
1012 633 1185 716 episcopos
1219 633 1430 694 corivocavit.

302 727 368 792 Sed
404 729 571 814 praesules
604 729 796 813 provinciae
831 728 1033 792 Senoncnsis
1067 730 1183 792 venire
1222 741 1427 796 recusarunt.

302 837 371 888 tum
403 826 490 912 quod
525 836 706 904 censerent,
738 825 904 891 Joannem
938 828 973 888 in
1005 825 1061 890 illa
1086 829 1329 891 convocatione
1353 828 1427 911 jara

302 947 361 987 sua
398 922 575 1005 excedere,
621 935 690 987 tum
723 923 811 1010 quod
846 922 971 988 nollent
1010 923 1051 986 de
1084 925 1225 988 Romani
1257 925 1433 988 Pontificis

301 1024 383 1086 actis
426 1022 698 1108 disceptationem
743 1023 881 1086 institui.
936 1021 1113 1085 Dederunt
1149 1020 1213 1086 hac
1246 1024 1281 1086 in
1313 1045 1351 1085 re
1390 1023 1430 1085 ad

301 1121 465 1184 loannem
498 1119 680 1206 epistolam,
713 1119 808 1205 cujus
833 1130 948 1184 auctor
979 1120 1043 1183 suit
1066 1143 1091 1184 s.
1116 1119 1176 1183 lvo
1202 1117 1431 1184 Oarnutensis.

300 1219 333 1282 Is
366 1221 398 1283 in
433 1218 549 1282 eadem
580 1218 751 1282 Paschalis
798 1218 1025 1282 defensionem
1063 1218 1222 1302 suscepit,
1266 1229 1435 1303 quatenus

301 1316 453 1397 ostendit,
487 1317 702 1382 investituras
727 1315 889 1380 haeresim
916 1315 981 1378 dici
1008 1337 1073 1378 non
1098 1335 1203 1400 posse,
1231 1315 1432 1380 Pontificem

301 1415 343 1478 ob
368 1435 406 1478 ea
431 1437 515 1500 quae
539 1423 673 1500 peracta
697 1423 792 1476 erant
822 1413 912 1477 barud
938 1436 1008 1477 esse
1033 1413 1164 1498 injuriis
1186 1412 1434 1482 lacessendum.

301 1513 357 1576 sed
391 1511 433 1576 ob
465 1515 668 1576 coactionem
703 1511 942 1596 excusandum,
975 1533 1012 1575 eo
1037 1510 1091 1580 vol
1116 1513 1223 1594 magis
1246 1512 1338 1597 quod
1366 1515 1436 1598 ipw

300 1610 484 1674 libertatem
520 1610 690 1673 electionis
714 1611 839 1672 servari
865 1608 1017 1689 voluerit,
1050 1633 1090 1672 ac
1116 1609 1250 1673 demum
1270 1611 1345 1695 jam
1370 1613 1438 1695 pri·

301 1707 459 1792 vilegium
484 1708 566 1772 illud
590 1709 807 1773 revocaverit.
832 1745 876 1756 -
901 1707 1056 1791 Synodus
1072 1709 1134 1770 ista
1154 1708 1246 1772 haud
1263 1707 1435 1772 celebrata

301 1817 367 1887 est3
391 1806 539 1870 loannes
562 1816 674 1870 tamen
699 1805 870 1891 respondit
893 1804 1031 1890 epistola
1056 1808 1174 1870 acriori
1200 1806 1243 1870 ad
1270 1806 1437 1870 llamber·

300 1915 369 1966 turn
395 1903 682 1990 archiepiscopum
709 1903 945 1977 Sunonensem,
981 1925 1045 1988 qua
1066 1905 1144 1988 jum
1171 1925 1230 1967 sua
1257 1904 1436 1968 vindicare

300 2012 332 2063 01
356 2000 485 2065 illorum
510 2004 654 2066 rationes
679 2001 847 2064 infirmare
871 2001 1007 2064 studuit.

142 2215 288 2256 10101111-
395 2200 448 2261 211.
496 2197 545 2260 Ne
578 2198 618 2260 de
648 2197 787 2260 aliorum
819 2199 950 2282 scriptis
980 2196 1043 2260 illis
1075 2201 1107 2262 in
1133 2197 1303 2283 adjunctis
1335 2198 1437 2262 editis

128 2283 487 2396 ‘⁸2¹⁰cu222‘2sslloquamur,
511 2295 753 2359 advertendum
778 2306 836 2376 est,
861 2295 971 2380 plures
995 2297 1050 2381 qui
1076 2305 1191 2360 contm
1214 2296 1431 2380 privilegium

128 2367 262 2476 Numam,
305 2394 448 2458 Henrico
483 2415 676 2456 conoessum
710 2393 936 2476 insurgebant,
972 2403 1130 2456 nontam
1162 2395 1196 2456 in
1221 2393 1432 2461 Paschalcm.

301 2513 400 2576 quam
426 2503 541 2555 contra
565 2491 749 2555 Henricum
774 2513 884 2575 regem
910 2493 1137 2572 insurrexisse,
1174 2513 1274 2576 quem
1299 2513 1433 2555 excom·

300 2589 540 2652 munioandum
573 2588 829 2653 contendebant.
885 2588 983 2669 Quod
1021 2589 1131 2653 adhuc
1171 2600 1325 2668 ctrrrente
1360 2593 1435 2674 ipso

300 2709 388 2751 anno
408 2689 489 2750 1111
516 2688 644 2750 fortiter
667 2708 839 2771 aggressus
864 2697 913 2750 est
929 2686 1023 2750 Cano
1042 2685 1230 2751 Cardinalis
1252 2690 1435 2773 episcopus

300 2785 548 2861 Praenestinus,
567 2783 733 2869 legatione
743 2784 954 2870 Apostolieae
964 2785 1061 2850 Sedis
1076 2788 1111 2848 in
1122 2785 1258 2849 Oriente
1275 2787 1434 2870 fungens.

301 2884 368 2967 qui,
393 2882 507 2946 audito
523 2883 660 2946 Henrioi
683 2881 866 2966 sacrilegio,
892 2895 1075 2947 convocata
1093 2905 1170 2947 mox
1186 2883 1437 2968 Hierosolymis

302 2980 440 3063 synodo,
474 2980 628 3044 eumdem
652 2980 890 3066 Imperatorem
927 2982 1254 3052 excommunicavit:
1293 2996 1327 3044 et
1358 3005 1434 3046 con·

301 3079 410 3141 festini
442 3076 604 3142 advolans
637 3080 670 3142 in
697 3077 925 3158 Occidentem,
955 3078 1137 3164 eodemque
1161 3079 1340 3162 legationis
1366 3103 1434 3144 rurr-

301 3198 379 3240 nere
403 3178 661 3262 circumquaque
678 3179 869 3262 provincias
885 3175 1037 3248 lustrans,
1063 3176 1208 3240 collectis
1225 3179 1258 3239 iu
1275 3177 1433 3242 Graeca.

301 3275 486 3356 Huugaria,
512 3273 668 3354 Saxonis,
694 3274 923 3354 Letharingia,
943 3275 1086 3338 Francia
1104 3275 1251 3358 synodis.
1277 3275 1430 3340 eamdem

302 3374 656 3436 excommunicationis
680 3374 877 3435 sententiam
902 3373 1044 3458 repetiit.
1069 3411 1112 3419 -
1136 3371 1308 3436 Paschalis
1343 3395 1431 3438 vero.

303 3471 349 3533 uti
375 3469 532 3550 diximus,
558 3469 664 3533 noluit
689 3471 759 3554 ipse
782 3471 1163 3534 excommunicationem
1189 3473 1223 3534 iu
1244 3471 1427 3536 Henricum

303 3570 530 3654 pronuntiare.
577 3568 698 3631 Passus
723 3579 781 3645 est,
817 3578 853 3630 nt
876 3567 1060 3652 Imperator
1083 3591 1102 3631 a
1127 3567 1266 3632 Conone
1290 3570 1432 3655 aliisque

301 3666 420 3749 legatis
443 3667 511 3728 suis
535 3666 889 3745 excommunicaretur,
920 3665 978 3729 sed
1003 3665 1081 3729 dum
1107 3667 1290 3748 generatim
1316 3689 1428 3753 appr-a
1513 3699 1514 3704 κ

302 3762 414 3844 babat,
444 3785 529 3849 quae
554 3761 600 3826 illi
633 3787 673 3825 oa
697 3764 884 3826 auctoritate
916 3765 1019 3849 a‘prsim
1051 3762 1228 3844 faciebant,
1259 3764 1428 3830 abstinuit.
1513 3835 1514 3840 η

303 3870 340 3924 ut
364 3863 397 3924 in
422 3861 532 3946 specie
557 3860 646 3924 illam
677 3861 1056 3924 excommunicationem
1093 3861 1315 3927 confirmaret.
1363 3863 1427 3927 Dit'-

303 3957 476 4039 ticultates,
508 3981 593 4043 quae
619 3957 770 4022 Paschali
799 3981 819 4022 a
851 3960 932 4022 viris
965 3959 1103 4023 fervidis
1133 3957 1369 4023 excitabantur
1397 3963 1424 4022 in

303 4066 370 4120 1010
395 4058 457 4120 isto
481 4060 625 4141 negotio,
651 4079 852 4142 permagnus
876 4070 979 4136 erant,
1005 4069 1037 4121 et
1061 4081 1158 4142 aegre
1182 4057 1348 4136 Pontifex,
1381 4061 1430 4120 vir
1513 4109 1514 4144 ,

304 4164 470 4217 caeterum
495 4151 593 4238 plane
618 4157 758 4235 insignis
783 4165 814 4218 et
838 4154 1064 4238 dignissimus,
1090 4177 1132 4218 ex
1156 4157 1196 4220 iis
1217 4178 1252 4220 se
1268 4159 1425 4220 extricare
1513 4173 1514 4208 1

304 4253 421 4335 potuit.
