2926 4840
159 435 165 448 ⁸
287 464 341 518 266
444 463 518 519 XVI.
555 463 660 518 Causae
678 462 794 519 celebres
813 469 841 519 et
860 463 1016 520 Decretales
1033 465 1258 523 Pseudo-Isidori.

287 608 431 671 rationes
455 628 521 671 non
545 615 653 691 potest
675 607 817 672 admitti.
863 608 997 672 Etenim
1033 609 1068 672 1⁰
1093 609 1183 675 nulla
1207 611 1412 698 exemplaria

287 703 501 770 Collectionis
533 703 813 769 Pseudo-Isidori
850 715 979 790 reperta
1014 717 1091 772 sunt
1125 709 1159 772 in
1192 707 1412 775 Bibliothecis

286 803 488 889 Hispaniae,
522 801 611 887 quod
634 804 713 867 satis
736 803 896 884 ostendit,
930 825 1013 889 opus
1044 803 1091 869 ibi
1117 827 1184 870 non
1207 828 1279 870 esse
1305 809 1411 872 eonfe-

286 911 377 965 ctum
412 909 445 965 et
478 909 716 987 propagatum,
752 901 810 966 sed
843 902 912 965 fere
948 903 1097 986 ignotum
1131 905 1344 970 remansisse.
1371 943 1411 952 -

286 999 325 1063 2⁰
348 998 484 1063 Nullum
508 996 684 1062 concilium
710 997 934 1084 Hispanicum
965 1009 997 1062 et
1020 999 1130 1065 nullus
1153 999 1286 1065 illarum
1309 1005 1413 1088 regio·

286 1118 367 1164 num
382 1099 522 1182 scriptor
538 1097 618 1160 citat
630 1095 968 1162 Pseudo-Decretales
984 1107 1061 1160 ante
1076 1096 1244 1162 saeculum
1260 1098 1413 1166 xm.-

288 1194 365 1259 Alia
381 1196 481 1258 etiam
497 1203 693 1278 argumenta
714 1193 806 1257 hisce
821 1194 995 1277 accedunt,
1021 1217 1105 1280 quae
1121 1194 1296 1260 brevitatis
1312 1219 1414 1264 causa

287 1294 480 1357 omittimus.
529 1289 703 1356 Caeterum
728 1293 879 1376 positivis
902 1295 1106 1379 argumentis
1138 1294 1265 1360 ostendi
1291 1305 1412 1381 potest,

288 1393 323 1454 in
346 1391 490 1455 Francia
514 1388 748 1454 Collectionem
774 1390 957 1454 confectam
981 1399 1015 1455 et
1037 1389 1243 1477 divulgatam
1267 1391 1384 1458 fuisse.

213 1555 218 1566 ,
376 1489 430 1551 55.
464 1487 593 1551 Revera
625 1488 797 1552 Fraaeiom
823 1491 969 1574 putrium
1001 1511 1072 1553 esse
1096 1489 1323 1554 Decretalium
1359 1491 1412 1555 lsi·

233 1588 239 1599 ’
287 1586 359 1651 dori
384 1585 575 1649 Mercatoris
599 1585 691 1650 hisce
714 1588 881 1650 evincitur
909 1586 1110 1651 rationibus:
1143 1588 1180 1652 1⁰
1200 1588 1413 1652 Pseudo-De-

286 1682 423 1748 eretales
454 1685 598 1768 primum
630 1693 663 1748 et
685 1684 876 1769 frequenter
898 1686 1043 1749 citantur
1065 1707 1085 1749 a
1109 1685 1258 1750 conciliis
1289 1695 1321 1749 et
1349 1689 1413 1772 epi·

285 1783 394 1867 scopis
417 1781 596 1860 Francius,
631 1783 698 1845 imo
723 1783 783 1845 vix
805 1803 953 1867 unquam
987 1781 1029 1845 ab
1053 1781 1128 1846 aliis
1153 1783 1321 1868 usquead
1351 1805 1414 1848 me

285 1880 379 1944 dium
403 1879 572 1944 saeculum
595 1879 656 1943 XI.
685 1917 722 1926 —
749 1880 788 1943 2⁰
812 1880 979 1965 Apparet,
1004 1879 1169 1945 Isidorum
1192 1881 1413 1944 Mercatorem

286 1979 321 2041 in
345 1999 404 2041 sua
421 1976 623 2042 Collectione
647 1976 856 2042 conficienda
872 1975 1067 2042 Collectioni
1082 1977 1286 2062 Hispanicae
1310 1978 1413 2063 paulo

284 2084 362 2138 ante
396 2077 430 2139 in
453 2075 632 2139 Franciam
665 2074 785 2140 allatae
808 2075 977 2140 addidisse
1010 2096 1050 2140 ea
1074 2074 1290 2156 documenta,
1324 2097 1413 2162 quac

285 2171 543 2238 inveniebantur
576 2175 611 2237 in
635 2171 758 2236 Codice
781 2172 992 2254 Hadrianeo,
1029 2182 1062 2236 et
1095 2175 1130 2237 iu
1164 2171 1229 2238 alia
1264 2173 1413 2258 quadam

286 2279 417 2334 vetusta
442 2268 643 2334 Collectione
674 2269 804 2334 Gallica
835 2270 957 2335 saeculi
981 2270 1030 2352 V¹,
1062 2272 1096 2334 in
1127 2292 1192 2356 qua
1222 2269 1412 2334 habebatur

284 2369 477 2454 apocrypha
500 2368 639 2453 epistola
669 2393 694 2433 a.
720 2367 900 2433 Clementis
923 2368 965 2433 ad
988 2367 1155 2434 Jacobum
1182 2369 1317 2433 fratrem
1343 2371 1411 2432 Do-

285 2467 385 2546 mini,
418 2467 553 2549 (dicitur
582 2466 665 2530 haec
690 2465 847 2531 Collectio
876 2476 1008 2531 vetusta
1034 2464 1263 2539 Qoeeaelliano
1292 2465 1336 2531 ab
1364 2469 1410 2530 in·

285 2563 445 2651 venture).
461 2603 505 2612 -
519 2566 557 2629 3⁰
581 2564 756 2628 Praeterea
780 2587 860 2628 usus
884 2574 932 2628 est
947 2563 1094 2628 Isidorus
1108 2563 1272 2628 Mercator
1296 2563 1411 2628 multis

284 2661 503 2743 documentis,
529 2684 613 2748 quae
636 2664 695 2726 vix
719 2661 800 2726 alibi
824 2684 924 2748 quam
948 2664 983 2727 iu
1005 2659 1115 2726 Gallia
1139 2660 1409 2744 inveniebantur,

285 2760 443 2824 videlicet
466 2762 568 2824 variis
592 2760 742 2826 conciliis
766 2760 894 2826 Galliae
919 2781 1023 2846 usque
1046 2759 1090 2824 ad
1102 2759 1271 2824 Meldenee
1294 2782 1324 2823 a.
1343 2760 1411 2823 845

284 2857 453 2940 habitum,
478 2859 585 2922 effatis
610 2880 723 2924 eorum
748 2859 902 2942 Petrum,
932 2879 1073 2945 quorum
1097 2860 1219 2944 scripta
1242 2859 1276 2920 in
1297 2855 1409 2921 Gallia

285 2955 383 3040 longe
406 2955 536 3042 lateque
561 2956 681 3020 diffusa
705 2965 799 3020 erant
822 2978 861 3020 ac
886 2958 987 3020 citata
1003 2959 1150 3021 maxima
1173 2955 1317 3041 partein
1334 2977 1410 3018 con·

285 3055 361 3119 cilio
376 3054 640 3140 Aquisgranensi
663 3057 742 3118 anni
760 3055 835 3136 816,
860 3054 1006 3140 epistolis
1027 3077 1052 3119 s.
1068 3053 1245 3134 Bonifacii,
1269 3052 1409 3138 aliisque

283 3153 416 3237 scriptis
449 3175 534 3238 quae
562 3154 739 3237 praecipue
775 3153 809 3216 in
834 3155 876 3216 iis
897 3151 1088 3237 regionibus
1120 3149 1340 3215 habebantur.
1365 3187 1410 3196 -

283 3251 324 3313 4⁰
347 3250 435 3314 Usus
465 3252 564 3314 etiam
595 3260 645 3315 est
668 3252 820 3315 versione
844 3249 989 3334 Vulgata
1020 3249 1261 3334 ascriptum
1294 3269 1408 3312 secuu-

284 3347 366 3412 dum
389 3349 614 3412 recensionem
631 3348 776 3413 Alcuini.
793 3387 837 3396 —
860 3348 899 3412 5⁰
914 3347 1029 3412 Genus
1053 3347 1188 3412 dicendi
1205 3347 1407 3411 Francicum

284 3455 351 3526 est,
377 3455 409 3509 et
432 3447 589 3510 convenit
611 3444 709 3531 plane
733 3467 809 3508 cum
834 3466 889 3526 eo,
914 3445 1004 3531 quod
1027 3447 1062 3510 in
1086 3445 1222 3530 synodis
1245 3444 1409 3508 Franciae

286 3542 374 3608 illius
403 3545 521 3608 aetatis
551 3542 746 3624 adhibetur3
781 3565 820 3608 ea
851 3545 950 3608 etiam
981 3543 1116 3608 nomina
1146 3564 1232 3628 quae
1262 3551 1342 3606 tunc
1363 3539 1409 3603 ad

285 3640 492 3726 designanda
523 3641 633 3705 officia
666 3650 699 3704 et
721 3662 859 3705 munera
891 3640 1039 3728 aliasque
1070 3663 1122 3705 res
1154 3642 1190 3705 in
1214 3639 1321 3705 Gallia
1345 3659 1409 3701 ser-

286 3738 433 3820 viebant,
458 3740 582 3824 pariter
600 3739 690 3825 apud
705 3737 1015 3804 Pseudo-Isidorum
1030 3739 1246 3804 inveniuntur
1260 3737 1408 3823 frequen-

283 3845 364 3902 tata.
381 3875 425 3886 -
449 3837 487 3901 6⁰
509 3838 665 3923 Denique
689 3837 841 3902 eamdem
864 3837 1026 3922 originem
1043 3836 1239 3901 Francicam
1264 3833 1408 3900 ostendit

284 3937 439 4021 cognatio
463 3935 691 4000 Decretalium
715 3933 846 3999 illarum
871 3955 947 3998 cum
972 3932 1221 4020 capitularibus
1234 3931 1407 3998 Benedicti

285 4043 319 4096 et
349 4055 424 4096 cum
450 4031 613 4118 Capitulis
636 4031 865 4119 Angilramni,
899 4041 931 4096 et
955 4033 1187 4097 convenientia
1211 4053 1287 4095 cum
1310 4051 1406 4117 quae·

286 4130 448 4196 stionibus
471 4152 557 4216 quae
581 4141 661 4196 tunc
685 4133 719 4197 in
736 4131 880 4198 Francia
900 4129 1124 4216 agitabantur.
1143 4167 1180 4178 -
1198 4128 1407 4194 Dissentiunt

284 4237 436 4294 auctores
472 4231 527 4314 qui
565 4229 742 4294 Franciam
777 4238 814 4294 ut
847 4230 989 4314 patriam
1020 4223 1406 4293 Pseudo-Decretalium
