2932 4836
280 510 283 518 ·
310 481 363 536 304
464 477 539 534 XVI.
577 478 680 532 Causm
699 476 815 532 celebres
834 483 863 531 st
882 477 1036 534 Decretslcs
1055 476 1278 534 Pseuchsidori.

310 634 411 688 ratur.
454 621 558 700 Absit,
582 631 617 683 ut
639 621 761 707 scripta
784 641 888 683 eorum
913 641 1032 704 quoquo
1056 619 1147 686 modo
1165 623 1414 709 parvipendenda

311 723 470 800 dicamus,
502 741 633 804 quornm
664 719 804 783 ridemus
826 718 896 781 Deo
929 728 1056 782 auctore
1088 730 1231 784 sanctam
1261 720 1416 784 Ecclesium

311 832 376 885 aut
407 842 512 884 roseo
545 840 675 881 cruore
698 815 907 902 floridam,
941 825 997 880 aut
1019 817 1175 904 rosijloris
1204 818 1368 883 sudoribus
1393 829 1416 882 et

311 916 490 983 salubribus
508 915 641 1001 eloquiis
663 914 863 978 adornatam.
903 911 942 978 Si
963 915 1046 978 enim
1066 915 1206 1000 ipsorum
1226 917 1346 981 decreto
1363 940 1417 981 coe·

312 1026 447 1080 terarum
465 1011 617 1100 opuscula
636 1023 843 1076 tractatorum
857 1009 1078 1098 approbantur
1098 1012 1147 1078 cel
1161 1015 1376 1100 reprobantur,
1390 1063 1415 1078 ..
1453 1075 1454 1084 ,

311 1123 428 1200 quanto
455 1113 567 1199 potius
598 1134 678 1197 qnae
710 1111 784 1196 ipsa
811 1133 873 1196 pro
898 1108 1053 1174 catbolien
1076 1111 1161 1195 fide,
1188 1135 1252 1198 pro
1280 1113 1418 1199 profanis

311 1209 510 1298 dopmatibus
541 1208 751 1294 repellendis,
778 1231 843 1295 pro
873 1209 974 1272 coriis
1005 1219 1036 1272 et
1067 1209 1257 1296 multifariis
1289 1211 1418 1274 esctun
1453 1203 1454 1290 i

310 1307 550 1372 necessitatibus
581 1317 611 1371 et
634 1306 783 1390 fideliam
804 1305 942 1370 moribus
975 1307 1099 1372 diverso
1133 1318 1269 1396 tempore
1297 1291 1454 1423 scripsit

311 1409 396 1471 omni
418 1405 530 1470 debent
552 1407 667 1469 bonore
684 1404 860 1491 praeferri,
885 1415 914 1468 et
938 1404 976 1468 ab
1001 1405 1142 1470 onunbus
1158 1429 1296 1493 prorsas
1318 1409 1352 1470 in
1366 1407 1454 1492 qui·
1453 1377 1454 1446 l

312 1504 445 1569 buslibet
479 1501 770 1590 opportunitatibus
801 1503 989 1566 discretivae
1020 1501 1070 1566 oel
1101 1501 1339 1590 dispensatione
1368 1529 1419 1568 sna·
1453 1503 1454 1596 l

310 1603 412 1689 pistra
441 1612 616 1666 reuerentes·
640 1602 767 1666 asmrmi.
819 1598 1015 1714 Quansquam
1044 1602 1173 1686 quidam
1202 1613 1337 1667 oestrum
1359 1603 1420 1666 scn'·
1453 1663 1454 1708 1

306 1702 451 1787 pserint,
484 1700 570 1764 baud
601 1697 662 1762 illa
694 1696 868 1762 decretalia
895 1701 1075 1784 priscorum
1098 1699 1326 1784 Pontificum
1314 1727 1347 1765 sn
1369 1711 1454 1764 toto

312 1799 429 1863 codicis
456 1819 611 1862 canonum
633 1818 762 1882 corpore
793 1798 948 1860 contineri
970 1797 1146 1883 descripta,
1179 1821 1247 1862 cum
1270 1801 1349 1885 ipsi,
1378 1791 1454 1860 nbi

312 1919 389 1960 suae
411 1896 582 1960 intentioni
610 1895 685 1958 baec
708 1891 883 1980 suffrapasi
905 1895 1102 1980 conspiciunt
1130 1894 1198 1960 illis
1220 1869 1454 1984 indifferenter

311 2005 462 2074 utantur,
497 2003 527 2057 et
558 1992 659 2057 solum
692 2015 775 2056 nnnc
808 1992 852 2056 ad
873 1993 1120 2058 imminutimsens
1149 1997 1319 2079 potestatis
1343 1993 1422 2058 Sedis
1453 1959 1454 2034 l

313 2045 516 2178 Apostolieae
539 2101 568 2154 ct
592 2091 786 2154 adsacrum
809 2101 1023 2175 arpnmentnm
1045 2084 1303 2178 pricilspiorum,
1334 2095 1423 2157 minus

313 2199 444 2276 accepta
467 2210 531 2254 esse
549 2189 747 2275 perhibeant.
789 2188 877 2252 Nam
896 2187 1053 2252 nonnulla
1076 2211 1182 2254 eorum
1206 2193 1328 2278 scripta
1337 2211 1424 2277 penes

313 2309 372 2351 nos
403 2286 573 2364 habentur,
607 2309 686 2372 quac
718 2309 782 2350 non
810 2284 911 2350 solum
943 2309 1199 2402 quorumcunque
1222 2291 1423 2353 Romanomn
1453 2269 1454 2344 l

314 2384 508 2469 Pontificum,
531 2407 637 2448 oemnn
660 2385 755 2448 ctiam
771 2385 919 2470 priosum
942 2385 1124 2450 decretam
1147 2387 1213 2450 suis
1228 2388 1454 2489 camisprce

306 2481 398 2568 serre
420 2492 600 2546 noscuntur.
640 2481 685 2545 As
713 2505 796 2546 nmsc
818 2482 873 2546 nbi
895 2484 962 2547 saie
984 2484 1101 2547 animis
1123 2484 1295 2564 resultare,
1319 2496 1348 2548 et
1363 2484 1454 2570 pri·

314 2581 430 2666 oilepia
462 2591 550 2644 tanto
573 2601 648 2658 nos,
680 2581 751 2643 ut
737 2603 773 2644 sn
802 2581 854 2644 sai
876 2590 978 2644 status
1006 2581 1221 2646 incolumitate
1247 2581 1454 2679 persistant

314 2677 478 2742 elaborare
501 2700 565 2741 non
588 2699 752 2756 cessamus,
775 2688 894 2762 quanto
916 2680 1082 2743 uniuersae
1098 2679 1246 2744 ecclesiae
1263 2681 1424 2767 profuisse,
1453 2641 1454 2758 l

308 2775 461 2861 prodesse
485 2799 522 2838 ac
542 2773 718 2860 profutura
739 2797 861 2862 semper
883 2797 948 2840 esse
967 2775 1155 2862 probantur.
1201 2777 1341 2863 Dipsium
1363 2799 1454 2860 erpo

314 2881 375 2950 est,
408 2881 443 2936 ut
475 2871 529 2936 nbi
560 2873 709 2936 universa
733 2872 884 2959 fabricae
913 2873 1010 2938 moles
1039 2875 1206 2952 innititur,
1239 2874 1286 2940 ibi
1307 2871 1454 2959 fiennon
1453 2863 1454 2964 l

313 2969 466 3033 habeatur
496 2969 697 3055 calidumque
729 2973 765 3035 in
797 2971 939 3036 omnibus
962 2971 1219 3057 fiendamsntnm.
1277 2975 1374 3038 Porro
1402 2971 1426 3034 si
1453 2975 1454 3024 i

313 3067 385 3130 ideo
415 3089 479 3132 non
503 3089 567 3131 esse
591 3067 762 3133 decretales
786 3067 939 3154 epistolas
967 3070 1145 3155 priscorum
1168 3071 1351 3156 Pontsflusm
1371 3073 1424 3134 lto·
1453 3096 1454 3134 ν

314 3187 478 3228 manorum
509 3166 723 3230 admittendas
746 3167 871 3244 dissent,
905 3169 981 3252 quia
1011 3169 1047 3232 in
1070 3168 1174 3233 codice
1196 3193 1351 3234 canonum
1370 3191 1424 3232 non
1453 3213 1454 3256 ᾗ

314 3261 467 3326 habentur
499 3263 697 3348 adscriptae,
733 3286 804 3348 erpo
836 3289 892 3328 nec
918 3265 1066 3350 Greporii
1097 3269 1216 3345 sancti,
1251 3291 1308 3332 nec
1338 3267 1426 3330 ullius
1453 3263 1454 3336 l

316 3359 459 3439 alterius,
483 3361 537 3446 qui
561 3371 633 3424 ante
656 3361 706 3426 oel
723 3373 801 3448 post
823 3363 927 3449 ipsum
941 3362 1022 3448 snit,
1047 3375 1092 3428 est
1116 3361 1246 3448 aliquod
1259 3367 1425 3429 instinctum
1453 3381 1454 3448 j

314 3455 364 3521 uel
376 3459 527 3544 scriptum
539 3459 763 3545 recipiendum,
779 3482 813 3522 eo
826 3459 909 3545 quod
920 3461 956 3523 in
968 3460 1071 3525 codice
1083 3485 1238 3526 canonum
1248 3486 1312 3527 non
1324 3461 1424 3526 babea-
1453 3511 1454 3518 ν

317 3565 368 3618 tur
384 3555 587 3642 adscriptum.
613 3605 645 3621 ..
673 3555 833 3622 Consonat
856 3605 912 3622 ...
932 3581 1027 3644 papa
1046 3557 1194 3624 Gelasius
1212 3561 1261 3625 ita
1276 3564 1426 3647 inquiens:
1453 3595 1454 3638 4

316 3652 498 3718 Decretales
516 3653 669 3740 epistolas
693 3677 771 3740 quas
786 3655 960 3720 beatissimi
968 3679 1079 3743 papae
1099 3657 1233 3722 diversis
1247 3657 1427 3747 temporibus
1453 3677 1454 3750 ν

316 3749 355 3813 de
378 3749 453 3814 urbe
477 3753 596 3831 Rosea,
623 3775 688 3838 pro
711 3753 906 3818 diversorum
931 3765 1064 3841 patr-um
1096 3755 1322 3822 consultatione
1343 3755 1425 3820 dedr-
1453 3751 1454 3824 ἶ

316 3858 409 3925 runt,
442 3849 664 3914 venerabiliter
695 3852 914 3938 suscipiendas
947 3853 1150 3916 decernimus.
1197 3853 1303 3919 Dictis
1333 3863 1426 3917 arden

317 3944 451 4010 diversis
481 3947 670 4032 temporibus
702 3951 797 4013 etiam
820 3950 881 4013 illa
905 3959 1045 4035 tempora
1074 3951 1124 4013 eir
1148 3961 1275 4016 sancum
1303 3975 1426 4038 compre·

316 4043 434 4123 bendit,
459 4068 550 4128 quae
574 4046 896 4112 crebrescentibus
913 4069 1148 4134 paganorum
1164 4049 1426 4134 persecutioni·

318 4140 382 4204 bus
404 4141 448 4206 ad
464 4141 575 4206 Sedem
587 4143 803 4229 Apostolicam
816 4144 937 4230 defem'
952 4167 1066 4208 castras
1081 4145 1296 4232 episcoporum
1310 4143 1426 4233 diffidi·

318 4237 390 4302 lime
407 4240 641 4325 permittebant.
681 4243 742 4306 His
765 4243 814 4307 ita
833 4243 945 4307 divina
966 4241 1094 4319 favente
1108 4246 1218 4328 pratia
1234 4245 1426 4331 praelibatis,
