2932 4836
306 484 359 537 282
462 483 536 537 XVI.
574 482 679 536 Causae
697 481 813 536 celebres
832 491 860 535 et
879 481 1033 535 Decretsles
1052 479 1274 536 Pseudolsidori.

306 625 384 690 relis
408 625 592 690 concedens
623 625 796 710 supponit,
830 625 900 710 ipso
924 633 1116 708 aegrotante
1148 625 1182 687 in
1205 623 1325 688 litteris
1346 623 1418 687 forte

307 723 471 809 quaedam
495 724 605 788 minus
628 743 773 808 congrue
797 722 904 806 dicta,
929 721 981 786 vel
1006 723 1106 786 etiam
1130 743 1150 785 a
1173 724 1333 806 scriptore
1354 743 1416 785 con-

307 823 384 886 ficta
407 843 478 886 esse
501 843 606 906 posse.
646 819 820 884 Hincmari
846 821 946 884 citata
970 822 1005 884 in
1029 819 1168 905 epistola
1182 817 1294 884 Caroli
1315 841 1418 884 revera

305 939 373 984 non
403 917 605 1004 respondent
626 916 755 999 verbis,
788 937 873 1002 quae
903 919 938 981 in
968 916 1106 1003 epistola
1134 917 1301 982 Hadriani
1332 917 1418 981 modo

306 1016 485 1098 habentur;
510 1015 567 1080 sed
592 1015 763 1101 probabile
787 1025 845 1097 est,
871 1015 1090 1080 Hincmarum
1108 1015 1142 1079 in
1161 1018 1246 1080 irata
1261 1037 1323 1078 sua
1337 1037 1419 1100 argu-

307 1117 508 1179 mentatione
522 1113 694 1178 Pontifiois
720 1112 822 1177 verba
846 1115 955 1199 potius
978 1113 1128 1177 retulisse
1151 1114 1262 1200 quoad
1286 1135 1417 1194 sensum,

307 1223 339 1278 et
361 1235 420 1299 pro
444 1234 543 1298 scopo
567 1233 643 1293 suo,
674 1235 760 1298 quae
783 1211 976 1276 Hadrianus
999 1211 1168 1276 moderate
1192 1213 1342 1297 scripsit,
1373 1233 1417 1275 ex·
1453 1241 1454 1290 7

307 1310 454 1375 hibuisse
478 1321 515 1374 ut
538 1310 696 1374 mandata
714 1311 944 1396 peremptoria,
969 1331 1054 1395 quae
1073 1309 1335 1376 dominationem
1355 1308 1419 1373 stilo
1453 1315 1454 1388 ξ

308 1431 366 1473 suo
390 1431 470 1495 prae
494 1432 528 1473 se
552 1407 714 1472 ferebant.

397 1506 563 1572 Omnibus
586 1504 802 1570 consideratis
833 1507 935 1590 igitur
958 1525 1146 1586 censemus,
1177 1525 1244 1569 non
1268 1526 1363 1591 posse
1384 1525 1418 1567 ex
1453 1523 1454 1556 0

267 1599 438 1690 scriptis
462 1604 636 1668 Hincmari
670 1603 867 1667 Rhemensis
900 1601 1026 1686 colligi,
1063 1611 1232 1688 suspectas
1266 1604 1294 1666 ei
1328 1601 1420 1666 fnisse

308 1701 500 1766 Decretales
516 1701 687 1766 Isidorit
651 1712 687 1765 ut
703 1703 841 1788 spurias,
863 1700 922 1764 scd
938 1721 980 1765 ex
996 1699 1115 1764 iisdem
1131 1701 1299 1786 consequi,
1320 1700 1418 1785 ipsum
1453 1699 1454 1762 3

308 1821 363 1864 eas
386 1799 542 1863 habuisse
566 1810 603 1862 ut
625 1800 825 1864 documenta
847 1799 1009 1884 genuina,
1041 1820 1126 1884 quae
1149 1807 1262 1861 tamen
1285 1817 1351 1860 non
1374 1779 1454 1858 hal

309 1896 424 1961 berent
411 1907 510 1961 tauc
512 1899 677 1962 toritatem
702 1899 898 1962 canonicam
921 1897 1033 1980 legum
1057 1895 1365 1960 ecclesiasticarum.
1371 1898 1393 1975 0)

1453 2065 1454 2106 l

826 2256 911 2320 111.

330 2389 399 2452 De
427 2388 630 2468 influeres
653 2387 987 2452 Decretalc'um
1010 2386 1402 2452 Pseudo-Issoort
1453 2417 1454 2471 q

535 2504 588 2569 ist
610 2502 927 2582 disciplinam
950 2501 1205 2566 Ecclesiae.

218 2748 223 2758 ,
422 2645 598 2744 l.Restat
621 2677 830 2742 discutienda
854 2699 893 2740 ea
917 2679 1075 2762 quaestio,
1100 2687 1225 2741 utrum
1237 2699 1352 2742 verum
1376 2633 1454 2764 sitl

251 2775 255 2784 '
308 2681 566 2842 Nicolalurnle
548 2777 685 2862 ejusque
709 2797 931 2839 successorem
955 2775 1165 2839 Hadrianum
1188 2775 1222 2839 Π
1251 2777 1340 2840 omni
1363 2793 1454 2880 quo
1453 2733 1454 2822 l

307 2877 474 2962 potuerint
506 2874 603 2939 modo
635 2873 814 2937 obtrusisse
844 2874 976 2937 coaevis
999 2872 1147 2937 Pseudo
1156 2872 1348 2938 Dceretales
1371 2833 1454 2934 Isi

308 2974 389 3053 dori,
414 2983 451 3036 ut
470 2971 593 3036 abolita
609 2973 746 3056 antiqua
762 2971 932 3035 Ecclesiae
948 2969 1125 3055 disciplina
1141 2970 1265 3035 aliud
1251 2993 1308 3056 Jus
1329 2951 1454 3068 eccle-l

308 3073 477 3135 siasticum
511 3069 722 3150 inducerent,
758 3078 857 3154 atque
891 3071 937 3130 ita
969 3069 1198 3132 anctoritatem
1224 3067 1320 3133 Sedis
1343 3037 1454 3152 Apo

308 3169 443 3234 stolieae
467 3167 717 3279 amplificarent.
757 3166 852 3230 Talia
876 3166 1041 3231 aleutic
1063 3168 1165 3230 asseri
1184 3166 1256 3253 jam
1273 3155 1454 3241 diximus,
1453 3203 1454 3218 1

307 3267 490 3378 eademque
514 3289 533 3329 a
557 3267 660 3329 uariis
683 3263 873 3329 auctoribus
896 3266 1036 3350 repetita
1058 3264 1161 3328 fuere.
1167 3261 1193 3350 0)
1233 3263 1319 3330 Sunt
1334 3283 1419 3348 porro
1453 3235 1454 3316 l

308 3367 365 3450 qui
390 3374 552 3427 excusant
574 3362 708 3448 quidem
723 3361 909 3443 Nicolaum,
935 3384 972 3426 eo
997 3361 1085 3447 quod
1110 3363 1210 3425 etiam
1225 3383 1297 3448 rpse
1310 3359 1417 3426 Isidori
1453 3437 1454 3454 ,

309 3464 503 3527 llercatcris
527 3460 728 3525 Collectione
753 3461 910 3545 deceptus
934 3461 990 3542 sit,
1022 3459 1227 3524 contendunt
1249 3469 1357 3524 0000000
1379 3477 1418 3519 re·
1453 3473 1454 3496 ³

309 3583 387 3624 vera
421 3559 516 3640 inde,
551 3557 639 3645 quod
672 3557 862 3646 hujusmodi
895 3557 1246 3622 Pseudo-Decretales
1273 3555 1419 3622 Nicolaus

308 3660 445 3745 ejusque
477 3678 681 3722 successores
705 3657 968 3742 acceptaverint,
999 3655 1152 3742 legesque
1175 3657 1211 3720 in
1235 3659 1275 3721 iis
1299 3665 1417 3722 conten·
1453 3657 1454 3688 ³

307 3769 358 3821 tas
381 3755 635 3834 inculcaverint,
659 3757 826 3837 evenisse,
851 3765 889 3818 ut
911 3756 1048 3840 antiqua
1072 3753 1249 3839 disciplina
1272 3755 1306 3819 in
1329 3752 1417 3816 aliam
1453 3761 1454 3764 ’

309 3856 411 3920 multo
444 3854 611 3918 diversam
642 3862 842 3935 mutaretur,
875 3853 976 3938 idque
999 3851 1171 3916 Ecclesiae
1201 3855 1310 3937 potius
1331 3849 1416 3914 detri-

217 4027 225 4042 ,
309 3964 418 4018 mento
443 3973 544 4040 quam
568 3950 701 4014 utilitati
729 3952 840 4016 fuisse.
887 3949 937 4014 Ea
960 3950 1028 4014 fere
1052 3951 1179 4014 ratione
1201 3971 1271 4014 rem
1294 3945 1417 4013 exhibet

382 4173 404 4240 ¹)
424 4171 479 4226 Cir.
499 4173 540 4225 De
558 4171 656 4236 Smedt,
675 4170 727 4225 Les
746 4171 851 4226 fausses
870 4171 1026 4226 Decretales
1045 4179 1095 4228 cto
1115 4189 1140 4226 n.
1161 4171 1182 4226 1.

382 4251 403 4322 0)
423 4251 478 4306 Cir.
498 4267 521 4306 e.
540 4267 568 4320 g.
588 4267 640 4305 von
659 4251 790 4316 Noorden‚
809 4251 943 4306 Hinkruar
960 4267 1013 4305 ron
1032 4251 1150 4317 Rheims,
1169 4269 1194 4320 p.
1215 4252 1266 4307 199
1281 4267 1310 4320 sq
