2898 4836
390 489 520 558 Stephani
539 489 578 542 Vl
597 489 783 544 Pontificatas.
1110 489 1144 542 31

43 635 190 719 opposita,
219 644 252 696 et
281 631 458 696 nationalis
482 653 540 696 seu
564 632 645 726 Itala
669 655 739 697 esse
763 631 957 713 videbatur,
991 631 1145 696 addictus

43 742 102 796 crat
122 730 321 817 Stephanus3
355 741 465 794 tamen
497 751 537 794 ex
562 731 634 815 ejus
657 731 778 815 agendi
803 730 900 795 modo
925 731 1035 816 potius
1058 729 1144 794 colli-

41 833 125 914 gitur,
147 850 221 894 eum
245 851 310 893 non
336 830 499 892 exstitisse
523 829 675 893 factionis
704 828 802 914 hujus
826 839 936 913 caput,
960 825 1017 892 aed
1042 849 1144 914 quum

42 927 238 1012 praevaleret,
263 928 335 1012 ejus
359 927 546 990 tendentias
571 937 720 992 secutum
738 927 849 990 fnisse.
881 925 1050 992 Mediante
1066 947 1143 990 vcro

40 1047 112 1090 anno
134 1026 196 1090 897
222 1025 486 1089 vehementiores
509 1024 626 1089 turbae
643 1025 767 1089 Romae
786 1033 920 1088 exortae
934 1034 1020 1106 sunt,
1045 1031 1144 1110 atque

39 1136 102 1187 tunc
115 1123 300 1210 Stephanus
312 1125 346 1187 in
359 1143 525 1187 carcerem
542 1124 711 1209 conjectus
727 1132 760 1187 ct
774 1124 902 1187 occisus
917 1129 974 1186 est.
984 1159 1027 1170 -
1036 1122 1144 1186 Mura-

38 1225 87 1285 tori
109 1225 271 1308 opinatur,
296 1243 315 1284 a
339 1221 496 1284 Romanis
520 1220 774 1305 indignantibus
798 1220 840 1284 ob
863 1221 994 1284 facinus
1017 1221 1051 1284 in
1068 1221 1143 1284 For·

38 1342 149 1384 mosum
173 1321 403 1396 commissum,
437 1319 664 1404 conjuratione
688 1321 771 1382 inita
794 1316 1001 1404 Stephanum
1025 1341 1042 1382 e
1067 1316 1144 1381 sede

36 1420 159 1502 ejectum
184 1431 217 1482 et
242 1420 443 1482 exstinctum
467 1417 616 1502 fuisse3¹)
640 1417 698 1481 scd
721 1417 812 1481 haud
837 1415 976 1480 dubium
1001 1417 1143 1496 videtur,

38 1517 199 1582 lactionum
235 1515 445 1601 politicarum
479 1514 756 1579 commotionibus
789 1524 821 1578 et
853 1514 942 1579 lucta
973 1514 1029 1580 illa
1060 1517 1144 1578 acci·

36 1615 148 1701 disse.²)
183 1615 364 1678 Procerum
389 1615 477 1676 enim
494 1614 663 1694 factiones,
689 1635 828 1699 quarum
845 1613 949 1678 altera
964 1597 1143 1677 lamberto

35 1713 121 1776 altera
144 1711 323 1797 Arnulpho
347 1710 491 1791 favebat,
520 1711 750 1776 vehementius
774 1713 860 1776 inter
883 1733 953 1776 sese
978 1711 1143 1775 conflicta·

36 1811 147 1894 bantur,
171 1834 213 1875 ac
238 1809 426 1890 multitudo,
450 1811 559 1894 prouti
584 1810 735 1874 fortunae
760 1811 851 1873 vices
871 1832 940 1874 sese
957 1807 1143 1888 vertebant,

35 1908 117 1974 nodo
140 1911 195 1973 isti
222 1907 320 1972 modo
345 1907 392 1972 illi
415 1907 552 1972 factioni
578 1907 796 1990 adhaerebat,
822 1907 966 1994 indeque
990 1929 1049 1992 per
1071 1907 1144 1972 illos

32 2028 121 2070 annos
144 2009 178 2071 in
195 2006 288 2072 Urbe
304 2007 452 2070 continui
468 2006 536 2070 fere
553 2006 687 2070 fuerunt
702 2005 862 2070 tumultus
878 2028 918 2070 ac
934 2005 1082 2071 dissidia.
1100 2043 1142 2053 -

32 2105 183 2190 Stephano
209 2104 260 2168 VI
284 2114 358 2190 post
387 2126 491 2168 annos
518 2103 644 2189 aliquot
676 2104 811 2188 Sergius
834 2104 903 2184 III,
937 2105 994 2190 qui
1018 2113 1051 2167 et
1072 2105 1143 2189 ipse

33 2203 164 2268 Formoai
190 2202 404 2267 adversarius
427 2202 545 2275 fuerat,
570 2201 761 2286 hujusmodi
787 2201 994 2288 epitaphium
1015 2204 1141 2289 posuit:

69 2364 156 2446 ,Hoc
181 2361 344 2447 Stephani
370 2360 570 2425 clauduntur
594 2359 742 2425 membra
765 2361 897 2426 locello:

69 2459 183 2526 Sextus
210 2461 319 2525 dictus
343 2471 413 2523 erat
436 2460 551 2523 ordine
576 2460 699 2545 quippe
723 2461 869 2526 Petrum.

66 2559 126 2624 Hic
149 2562 299 2646 primum
323 2558 444 2644 repulit
467 2557 616 2622 Formosi
641 2581 761 2644 spurca
784 2557 928 2644 superbi,

67 2657 220 2724 Culmina
245 2659 301 2742 qui
326 2658 450 2720 invasit
473 2656 568 2720 Sedis
593 2656 814 2740 Apostolicae.

67 2756 253 2820 Concilium
278 2756 429 2835 instituit,
454 2754 621 2839 praesedit
644 2765 755 2839 pastor
778 2765 810 2817 et
833 2757 912 2840 ipse,

65 2853 149 2940 Lege
175 2855 257 2918 satis
281 2853 376 2916 fessis
396 2853 474 2940 jura
499 2852 591 2915 dedit
613 2852 758 2918 famulis.

65 2951 215 3040 Cumque
239 2951 338 3016 Pater
361 2949 501 3014 multum
526 2961 665 3014 certaret
689 2951 843 3034 dogmate
866 2961 989 3018 sancto.

64 3049 186 3136 Captus
211 3059 244 3114 et
267 3073 287 3113 a
311 3049 388 3114 sede
411 3049 525 3134 pulsus
549 3049 592 3113 ad
616 3051 682 3112 ima
707 3049 779 3114 fuit.

65 3147 214 3214 Carceris
238 3150 364 3211 interea
388 3146 507 3210 vinclis
531 3149 727 3210 constrictus
751 3149 785 3210 in
809 3150 885 3219 imo,

64 3245 296 3331 Strangulatur
319 3267 431 3324 nervo,
457 3247 549 3308 exuit
573 3255 605 3308 et
628 3244 807 3309 hominem.

64 3343 139 3410 Post
163 3345 398 3428 decimamque
422 3365 539 3427 regens
554 3341 674 3407 Sedem
691 3342 779 3407 hunc
796 3344 963 3409 transtulit
978 3367 1101 3409 annum

64 3441 197 3527 Sergius
221 3441 288 3506 huc
311 3442 412 3527 Papa,
437 3441 554 3505 funera
578 3463 672 3506 sacra
696 3440 869 3522 colensfffl)

91 3709 108 3762 ἰ
126 3708 228 3762 Annal.
249 3708 326 3762 ada.
345 3707 407 3762 897.

89 3787 109 3855 ⁷)
129 3787 184 3842 Otr.
204 3788 347 3853 Renrnont,
367 3786 463 3842 Gesch.
483 3787 530 3841 der
548 3787 629 3840 stadt
645 3787 721 3851 Rom,
741 3787 778 3842 11.
797 3789 858 3842 tto.

89 3866 111 3935 ³)
128 3868 163 3924 V.
183 3866 330 3922 Beronium
349 3867 427 3922 ada.
446 3869 506 3932 900,
526 3883 551 3922 u.
567 3866 598 3934 6;
619 3867 781 3930 watterich‚
800 3868 882 3922 Vitae
900 3885 925 3936 p.
939 3867 982 3923 84.
997 3899 1028 3906 -
1042 3867 1140 3923 Petrus

27 3943 132 4001 llanlius
144 3948 291 4002 canonicus
303 3963 324 4002 a.
336 3947 422 4012 Petri,
435 3947 480 4013 qui
493 3947 567 4002 vixit
577 3948 683 4002 maculo
696 3948 752 4002 XII
764 3949 851 4003 medio
863 3947 913 4002 suh
923 3948 1076 4002 Alexandro
1089 3948 1140 4013 ΠΙ,

27 4029 124 4082 veteres
147 4028 338 4097 maonptiones
363 4027 490 4084 ecclesiae
514 4045 535 4083 s.
554 4027 632 4081 Patri
657 4028 690 4082 de
708 4028 774 4096 ipsis
793 4029 972 4084 monumentis
990 4027 1140 4096 descripsit,

28 4110 99 4170 atque
116 4125 150 4162 ex
169 4109 228 4177 ejus
241 4107 331 4163 libello
343 4107 427 4163 etiam
440 4107 581 4176 epitaphia
592 4107 754 4162 Pontificum
767 4109 842 4164 edita
854 4115 926 4164 sunt.
951 4108 984 4165 V.
993 4108 1140 4168 Beronium

29 4182 43 4235 Ι.
58 4201 78 4240 c
105 4217 137 4228 -
166 4189 282 4242 Mortem
305 4188 454 4242 violentam
473 4186 603 4256 Stephani
622 4187 662 4242 Vl
686 4193 806 4242 testatur
825 4189 907 4244 etiam
925 4189 1089 4244 Flodoardus
1109 4187 1141 4238 dr

31 4263 149 4322 Rourarris
168 4269 347 4330 Pontificibus·
366 4268 419 4322 illia
438 4267 541 4322 verbis:
