2932 4836
317 479 373 532 300
474 477 547 531 xt't.
585 477 690 530 Causae
708 475 825 532 celebres
844 483 872 530 et
892 475 1046 532 Decretsles
1065 476 1289 532 Pseudo-Isidori.

313 619 464 706 judices,
489 618 655 705 appellare
678 618 782 684 soleat
805 621 892 703 ipse,
923 642 944 684 e
967 620 1069 684 variis
1092 618 1227 707 quidem
1251 621 1312 686 istc
1337 641 1427 686 conon

319 718 358 782 de
382 717 599 804 appellatione
631 717 817 802 exponitur.
864 715 931 781 Sed
957 718 1057 802 juxta
1090 713 1193 782 verbe
1225 715 1296 802 ejus
1327 739 1428 782 revers

319 815 382 901 ipsi
406 815 552 900 episcopi
572 815 705 900 judicos
728 823 883 880 tenentur
896 815 1035 880 Romam
1059 815 1191 898 referre,
1215 816 1242 880 si
1267 815 1428 902 episcopus

319 935 432 978 eorum
452 913 582 999 judicio
606 935 673 978 non
696 911 921 999 acquiescit.¹)
966 912 1007 978 Id
1031 923 1118 978 certo
1143 921 1243 1000 petet,
1266 909 1428 980 Nicolaum

315 1033 378 1076 sue
401 1012 565 1096 principis
589 1033 632 1076 ex
649 1011 726 1097 jure
749 1013 886 1097 antiquo
909 1033 1146 1098 propugnasse.

407 1109 460 1173 94.
494 1107 587 1173 Idem
619 1130 697 1174 vero
726 1110 892 1194 praestitit
923 1107 1097 1188 Nicoleus,
1135 1109 1268 1195 quondo
1299 1111 1429 1176 restituit

316 1205 519 1272 Rothedium
543 1205 588 1290 (e.
606 1207 702 1289 865);
727 1219 760 1272 ct
784 1208 818 1272 in
842 1208 945 1272 veriis
969 1207 1177 1273 documentis
1200 1229 1286 1294 queo
1309 1229 1349 1272 eo
1373 1229 1429 1292 spe·

314 1312 426 1383 otent,
459 1325 632 1390 nunquam
665 1303 796 1391 (saltem
818 1305 1004 1390 speciatim)
1037 1315 1196 1392 provocat
1228 1303 1271 1370 sd
1294 1303 1428 1393 aliquem

315 1401 527 1466 Decretslem
551 1401 789 1488 apocrypham,
814 1401 872 1467 sed
895 1400 940 1467 sd
959 1404 1069 1468 varios
1093 1424 1237 1470 conones
1259 1413 1292 1468 et
1311 1403 1430 1488 regulas

313 1501 473 1586 antiquae
510 1499 717 1585 disciplinae.
770 1501 821 1566 Ite
858 1500 902 1566 ed
940 1497 1096 1566 Cerolum
1130 1497 1273 1568 Calvum
1309 1501 1430 1566 scribit:

198 1649 208 1668 .
316 1597 460 1682 Denique
482 1607 517 1661 ut
536 1622 645 1686 pauca
674 1599 713 1664 de
736 1599 843 1664 mulne
866 1621 1112 1678 commemorem,
1142 1601 1173 1664 ei
1194 1599 1349 1666 adversm
1365 1624 1431 1688 pro-

315 1696 438 1760 vinciae
461 1693 738 1781 nsetropoiitanum
769 1699 934 1784 episcopus
966 1695 1168 1762 cetetonem
1199 1695 1314 1764 tabeat
1337 1721 1431 1784 quere·

312 1791 396 1871 iam,
424 1797 526 1883 jueta
553 1791 823 1860 Chalcedonam
853 1794 981 1882 repulere
1006 1795 1137 1884 jubetur
1143 1845 1152 1873 ,
1187 1806 1223 1858 ut
1248 1806 1343 1882 petat
1370 1797 1432 1882 pri

314 1902 428 1954 mutem
457 1892 633 1956 dioeceseon
662 1903 719 1956 aut
741 1893 845 1957 sedem
873 1894 978 1980 reqioe
1001 1891 1090 1958 urbis
1116 1887 1264 1958 CPtanae
1293 1905 1324 1958 et
1351 1893 1432 1981 apud

290 1989 418 2074 -e’posscm
433 1989 608 2078 jndicetrm.
659 1987 752 2063 Quod
768 2002 873 2056 tanuen
894 1987 978 2054 nulli
998 1990 1128 2056 dubium
1147 2002 1203 2071 eet,
1226 1989 1324 2056 mutto
1338 1993 1433 2078 inopie

312 2086 404 2172 apud
434 2087 620 2152 Romuleam
650 2087 757 2154 urbem
787 2111 880 2174 qnam
912 2089 1000 2176 apud
1027 2087 1188 2154 CPtonum
1217 2111 1282 2154 cese
1306 2091 1431 2176 penitus

311 2183 551 2250 obseruandum.
599 2186 687 2250 Nem
710 2197 740 2249 et
763 2188 831 2272 ipse
854 2187 1036 2254 Rotiadius
1058 2186 1225 2252 secundem
1249 2185 1431 2252 secessu

316 2279 491 2346 Concilium
522 2283 677 2368 opendum
709 2284 772 2348 stoi
793 2286 950 2370 nepotism
979 2285 1014 2348 in
1044 2283 1118 2350 urbe
1142 2287 1245 2350 Roma
1277 2282 1429 2350 eternae-it.

314 2381 356 2442 m
378 2378 487 2444 beatus
501 2382 702 2447 Innocentius
718 2407 813 2470 papa
836 2385 925 2462 „eine
947 2382 1146 2474 praejudicio
1163 2385 1327 2450 Romanae
1346 2381 1431 2450 eccie-

308 2478 401 2542 siee“
428 2480 606 2565 praecipit,
640 2505 708 2544 cnm
730 2503 845 2546 caenae
877 2480 926 2544 cel
958 2483 1170 2546 contentiones
1201 2482 1285 2546 inter
1308 2481 1430 2546 etenim
1463 2505 1464 2514 ¹

312 2586 377 2638 tam
398 2577 572 2662 noperioris
596 2578 720 2642 ordinis
743 2589 808 2644 tam
831 2580 926 2644 etiam
948 2578 1128 2665 inferioris,
1143 2579 1274 2666 ficet-int
1296 2591 1430 2645 exortae.

310 2671 394 2737 nulli
417 2673 528 2753 licere,
551 2675 671 2740 relictis
694 2677 743 2740 tis
766 2675 981 2742 sacerdotibus
1003 2677 1115 2762 quiin
1138 2677 1247 2742 eadem
1264 2677 1430 2764 prouincia

310 2771 376 2835 Dei
407 2771 568 2837 ecclesiam
599 2784 679 2838 num
706 2774 814 2839 diuino
847 2772 1041 2860 pubemant,
1077 2775 1121 2838 ad
1152 2775 1238 2840 alias
1269 2775 1430 2839 concolor-e

304 2870 502 2955 provincias.
549 2869 614 2934 Sed
637 2883 667 2936 et
681 2872 775 2958 Papa
789 2872 900 2938 Jettm
923 2871 1131 2938 orientalibus
1147 2871 1295 2953 scribens,
1318 2883 1429 2938 esmant·

310 2987 368 3050 que
389 2977 530 3052 partem,
563 2968 737 3034 Athanasii
760 2969 879 3044 scilieet
902 2981 931 3036 et
954 2970 1209 3036 adversariorum
1231 2975 1318 3060 ejus,
1351 2995 1429 3034 acce-

309 3061 413 3128 terere
431 3067 667 3150 praesentiam,
699 3079 853 3152 quomens
876 3079 1008 3154 unoque
1026 3078 1123 3156 perte
1152 3079 1321 3156 praesente
1342 3069 1428 3132 aredi-

308 3171 397 3225 retur
418 3185 500 3242 rens,
525 3175 554 3228 et
577 3163 617 3228 ab
636 3164 779 3230 omnibns
798 3167 1021 3232 cmsdemnotns
1042 3167 1085 3231 de
1101 3177 1222 3232 caetero
1242 3165 1431 3232 cohiberetur

309 3283 331 3322 a
365 3259 583 3346 sacerdotio.²)
638 3262 798 3328 Similiter
832 3265 867 3328 in
902 3263 1049 3350 epistolis
1084 3264 1215 3350 seriptis
1253 3263 1297 3329 ed
1332 3263 1428 3328 Hinc-

310 3379 438 3423 merum
462 3369 562 3445 etque
585 3360 629 3425 ed
652 3363 824 3446 episcopos
839 3361 968 3428 Gallice
992 3362 1033 3427 de
1048 3361 1205 3426 Rothedii
1226 3363 1428 3427 restitutione

306 3454 464 3520 Pontifex
488 3456 568 3522 dum
591 3458 768 3544 privilegio
792 3457 887 3524 Sedis
911 3459 1122 3546 Apostolicee
1147 3459 1306 3542 vindicat,
1330 3461 1427 3523 uomi-

308 3555 412 3618 netim
443 3565 601 3640 provocet
630 3577 760 3642 semper
788 3556 832 3621 ed
857 3579 1018 3639 conones,
1051 3557 1197 3642 regulus,
1230 3557 1426 3624 Pontificum

306 3651 459 3732 decretu,
490 3675 575 3739 quse
599 3675 810 3740 nequaquem
833 3676 877 3718 ex
898 3653 1277 3722 Pseudo-Decretclibus
1299 3657 1426 3741 promit.

305 3748 367 3814 sed
390 3772 475 3836 quae
500 3751 626 3816 dudum
650 3755 684 3815 in
706 3752 857 3816 Ecclesia
880 3763 959 3818 notu
982 3763 1085 3819 erent.
1132 3751 1182 3818 ite
1205 3764 1360 3840 provocat
1382 3751 1426 3816 ad

308 3913 400 3920 ..--.---
424 3913 490 3920 --
513 3915 520 3920 .

381 4006 400 4071 ¹)
421 4005 475 4061 on.
501 4021 569 4074 quse
594 4007 711 4062 diximus
736 4009 768 4063 de
797 4007 943 4063 senonibus
962 4007 1176 4076 Sermesmibus,
1201 4010 1424 4068 Dissertationum

306 4090 326 4139 t
347 4083 383 4142 11.
408 4103 433 4155 p.
454 4089 486 4140 17
512 4103 567 4155 sqq.
594 4118 628 4128 -
655 4089 751 4154 Vides,
777 4088 860 4143 etiem
885 4088 1024 4142 Nicolsum
1050 4088 1208 4145 Pontificem
1233 4107 1355 4148 canonem
1378 4091 1424 4145 ΙΙΙ

306 4165 491 4312 διώξοῗοω
508 4167 765 4304 ΙιιῖιᾱῚξὶωΙΙειὶικ
781 4171 816 4224 de
834 4169 1016 4240 appelletionc
1034 4185 1116 4226 sensu
1133 4169 1237 4226 stricto.

445 4287 451 4300 .
470 4263 491 4302 c.
512 4263 559 4302 oo.
636 4289 641 4301 .
