3002 4836
461 539 611 594 Concilium
628 539 775 595 Nicaeuum
793 539 827 595 IL
1166 543 1200 597 51

92 685 159 768 copi
180 685 292 769 paucis
323 683 492 768 exceptis,
517 681 618 747 cultui
652 705 820 747 sacrarum
853 685 1036 768 imaginum
1064 687 1199 750 omnino

91 781 253 864 favebant3
284 780 540 866 supponendum
564 789 674 845 autem
699 781 841 864 videtur,
866 781 1033 867 praesules
1056 782 1199 869 complu·

93 901 146 960 res,
167 880 221 965 qui
243 875 463 964 praecedente
487 888 633 964 tempore
656 877 869 944 iconoclastis
900 903 1017 944 manus
1042 881 1200 946 dederant

89 976 130 1040 ad
150 975 319 1062 Synodum
351 997 417 1040 non
448 977 589 1041 venisse.
636 976 819 1041 Interfuere
844 977 981 1062 Synodo
1006 980 1106 1043 etiam
1131 978 1200 1064 plu-

90 1097 136 1137 res
156 1073 435 1140 archimandritae
459 1083 492 1138 et
514 1073 685 1156 monachi,
711 1076 767 1162 qui
794 1074 983 1161 praesulum
1008 1075 1196 1141 consessum

92 1173 262 1237 auctitatis
298 1182 331 1236 et
365 1171 534 1236 doctrinae
573 1171 747 1257 splendore
779 1173 955 1258 magnifice
989 1174 1199 1256 decorabant,

88 1272 167 1334 inter
187 1291 271 1357 quos
295 1269 488 1336 eminebant
508 1269 600 1334 Plato
616 1269 850 1354 Hegoumenos
873 1275 1063 1337 monasterii
1079 1273 1201 1338 Sacun·

91 1367 197 1450 dionis,
222 1379 255 1432 et
279 1366 501 1453 Theophanes
524 1367 637 1450 abbas,
662 1377 778 1434 auctor
802 1368 1104 1458 Chronographiae.
1134 1371 1200 1435 Ad·

90 1467 145 1530 iuit
159 1466 295 1530 demum
311 1467 445 1530 Nicetas
460 1467 516 1552 qui
528 1465 787 1552 Imperatoribus
803 1479 873 1532 erat
888 1491 908 1532 a
923 1470 1057 1533 secretis
1072 1468 1198 1556 (postea

89 1564 204 1628 l'arasii
236 1564 439 1650 successor),
480 1585 555 1628 oum
589 1564 662 1628 aliis
695 1565 887 1652 proceribus
926 1565 968 1630 ab
998 1566 1200 1652 Imperatore

90 1665 196 1743 missis,
221 1675 259 1730 ut
274 1662 392 1727 ordine
416 1665 526 1728 omnia
551 1663 585 1727 in
601 1661 750 1727 Concilio
773 1665 886 1749 peragi
903 1675 1067 1730 curarent.
1091 1664 1201 1728 Locus
1300 1725 1302 1728 .

84 1761 204 1846 Synodi
228 1763 296 1826 fuit
318 1761 477 1847 primaria
493 1761 638 1825 Nicaeae
657 1760 809 1844 basilica,
834 1771 987 1826 aeternae
1010 1762 1200 1848 Sapientiae

84 1859 141 1923 sub
162 1860 260 1924 titulo
286 1859 428 1925 Sanctae
452 1858 595 1945 Sophiae
620 1881 723 1924 sacra.

165 1957 220 2023 58.
245 1957 314 2021 Die
346 1957 402 2020 25·
433 1957 556 2025 mensis
586 1957 789 2042 Septembris
822 1979 851 2022 a.
887 1957 950 2022 787
975 1957 1129 2042 Synodus
1153 1969 1376 2022 catecuminum-

87 2053 243 2121 inchoata
294 2053 390 2118 Illam
413 2053 568 2118 Tarasius
598 2053 804 2139 patriarcha,
834 2075 935 2140 penes
967 2075 1065 2141 quem
1089 2039 1371 2143 utpoteffffb'*

85 2153 116 2215 in
145 2152 261 2216 arduis
293 2153 434 2236 negotiis
466 2149 564 2216 valde
597 2153 814 2216 exercitatum
848 2161 881 2216 et
903 2151 1036 2238 linguae
1063 2175 1201 2238 graecae

86 2252 336 2334 peritissimum,
376 2248 475 2333 legati
509 2249 693 2335 Apostolici
727 2249 853 2335 synodi
887 2250 1100 2316 directionem
1131 2251 1202 2336 reli-

81 2359 236 2433 querant,
273 2347 369 2413 brevi
393 2348 451 2412 sed
482 2348 623 2433 eleganti
649 2350 796 2412 oratione
820 2350 958 2433 aperuit.
1005 2349 1093 2412 Dein
1117 2348 1201 2412 lecta

83 2455 128 2508 cst
149 2445 294 2533 epistola
305 2447 554 2532 imperatorum,
570 2467 635 2532 qua
651 2447 812 2510 restitutio
830 2467 997 2510 sacrarum
1018 2447 1201 2530 imaginum

83 2553 113 2606 et
142 2546 283 2609 unionis
314 2565 390 2608 cum
424 2544 562 2608 ecclesia
585 2545 735 2608 Romana
766 2553 798 2608 et
826 2545 973 2608 ecclesiis
997 2543 1143 2610 Orientis
1167 2555 1202 2608 ut

83 2664 197 2728 scopus
214 2642 346 2728 Synodi
369 2645 574 2728 proponitur.
620 2643 721 2708 Porro
745 2644 829 2707 varii
855 2645 1001 2730 episcopi
1026 2665 1067 2707 ex
1089 2644 1202 2708 Icono·

83 2737 258 2804 clastarum
285 2740 428 2805 factione
452 2743 486 2804 in
506 2763 636 2805 sacrum
654 2761 843 2805 consessum
867 2741 1002 2806 admissi
1026 2751 1112 2824 sunt,
1138 2741 1202 2826 eju·

83 2847 148 2902 rata
172 2839 305 2903 haeresi
319 2845 361 2902 'et
384 2838 449 2903 fide
473 2837 656 2904 orthodoxa
680 2837 830 2902 decultu
860 2859 990 2925 quoque
1018 2841 1202 2923 imaginum

80 2940 241 3022 exposita.
291 2937 344 3000 Ex
368 2957 433 3023 quo
457 2946 557 3026 patet,
578 2937 649 3023 jam
674 2937 752 3000 inde
776 2937 818 3001 ab
843 2938 937 3002 initio
963 2935 1113 3016 Consilii,
1133 2936 1202 3000 Ico-

84 3035 320 3099 nomacborum
345 3034 530 3099 doctrinam
561 3045 598 3099 nt
631 3036 839 3099 manifestam
870 3035 1031 3100 haeresim
1056 3035 1202 3099 conside·

83 3143 183 3196 ratam
209 3133 324 3197 inisse.

167 3231 349 3296 511111
379 3229 525 3294 secunda
558 3229 722 3294 celebrata
746 3240 794 3293 est
822 3229 875 3293 die
899 3227 965 3292 26'0
989 3229 1201 3316 septembris.
1242 3227 1245 3236 '
1288 3229 1297 3234 ”

84 3327 255 3392 Recitatae
279 3339 356 3392 sunt
380 3331 413 3393 iu
445 3351 483 3392 ea
514 3328 643 3393 litterae
666 3328 830 3392 Hadriani
863 3327 906 3390 ad
929 3327 1147 3413 Imperatores
1171 3341 1203 3390 et

53 3427 124 3516 ‘ad
152 3427 331 3490 Tarasium
365 3425 598 3512 patriarcham.
645 3425 721 3490 lam
746 3426 901 3507 diximus,
926 3426 961 3488 in
994 3424 1129 3510 epistola
1160 3425 1201 3489 ad
1238 3461 1348 3511 abab,

81 3523 258 3588 'larasium
283 3523 404 3589 similia
428 3526 589 3589 contineri
614 3525 665 3605 iis,
690 3545 775 3609 quae
789 3521 1047 3608 Imperatoribus
1062 3523 1202 3588 Hadria·
1239 3520 1349 3564 mmi-

85 3641 143 3683 nus
167 3624 302 3707 scripsit
326 3623 366 3686 de
397 3624 592 3686 auctoritate
623 3620 718 3688 Sedis
741 3621 952 3707 Apostolicae
981 3631 1013 3685 et
1037 3621 1076 3685 de
1101 3623 1203 3685 saeris

86 3719 286 3804 imaginibus
310 3719 530 3784 restituendis.
568 3719 660 3783 Inter
682 3718 747 3784 alia
768 3719 925 3783 Pontifex
948 3719 1078 3784 scribit:
1107 3719 1202 3808 Cujus·

85 3817 130 3897 (8.
153 3817 259 3904 Petri)
280 3818 377 3883 Sedes
399 3819 433 3881 ia
457 3841 575 3882 omnem
600 3830 755 3881 terraram
778 3817 881 3880 orbem
905 3828 1011 3882 teneas
1028 3819 1203 3902 pmmattam

87 3915 227 4000 refulget,
260 3928 291 3980 ct
323 3927 418 4004 caput
441 3918 576 3980 orandam
604 3915 802 3980 ecclesiarum
826 3917 889 3978 Dei
911 3918 1063 3979 corceat.
1114 3915 1202 3980 Unde

88 4013 165 4076 idem
189 4013 298 4079 bachas
322 4017 433 4079 Petrus
457 4011 630 4100 Apostolus
648 4013 779 4076 Domini
796 4023 966 4099 praecepte
985 4033 1122 4098 pascens
1145 4013 1202 4076 Ec-

86 4110 214 4175 clesiam
236 4111 315 4176 adal
337 4111 523 4176 dissolutam
546 4113 676 4190 dintisit,
698 4111 752 4174 aad
776 4113 875 4174 tentarit
898 4133 1016 4198 semper·
1040 4112 1204 4174 atratino!

83 4211 306 4295 principatum.
356 4209 415 4274 tbi
437 4211 467 4272 ri
489 4209 658 4273 adhaerere
673 4211 760 4294 carpit
785 4219 889 4271 cosma
913 4211 1074 4286 sanctitas,
1098 4217 1128 4270 et
1149 4229 1203 4269 ao·

86 4317 168 4370 stram
193 4307 393 4393 Apostolicae
419 4307 524 4387 Sedis,
556 4331 634 4394 pasce
660 4317 705 4368 asi
729 4316 824 4392 caput
847 4308 982 4369 cranium
1006 4305 1203 4368 ecclesiaram

1061 4411 1094 4463 4*
