2962 4840
394 469 497 522 Causae
514 477 706 540 praeparantes
717 469 912 538 principatum.
1159 472 1210 526 103

94 613 251 698 putabis
274 612 490 699 deferuimsem
513 623 543 676 et
564 614 714 678 inuictam
734 617 800 702 ejece
824 612 1017 678 dementiam
1041 626 1218 704 conuertere

99 733 162 776 cum
183 709 356 788 alausas,
390 712 456 797 ipse
483 733 554 774 uero
577 711 627 773 bis
648 708 789 774 omnibus
813 735 881 774 cum
902 711 1019 798 pandis
1044 723 1074 776 et
1096 707 1216 799 pratia·

100 831 163 870 rum
186 809 314 872 actione
337 809 474 874 Dareium
498 809 649 897 repensis,
668 809 772 894 ipsam
795 807 981 894 lupationem
994 807 1073 874 'cum
1096 812 1220 896 mapnis

101 905 274 968 amnibus
300 906 436 969 Rursum
463 903 627 990 remisit¹).
673 903 813 970 Romani
838 904 964 972 scilicet
987 903 1119 972 senatus
1144 929 1219 972 cou-

99 1003 188 1084 sulto,
206 1005 314 1089 juxta
337 1001 397 1068 hos
420 1013 580 1084 auctores,
615 1001 813 1085 obtulerunt,
842 1013 878 1067 ut
902 1004 963 1069 sub
988 1003 1085 1068 certis
1109 1003 1219 1070 eondi-

99 1101 258 1183 tionibus,
286 1101 424 1166 dimissa
448 1101 672 1166 dominatione
696 1097 909 1184 Graecorum,
943 1123 963 1165 a
987 1097 1107 1192 quibua
1130 1099 1221 1166 nulla

99 1221 168 1284 spes
200 1199 325 1264 auxilii
359 1198 548 1284 effulgebat,
574 1194 728 1264 Gerulum
759 1209 796 1262 ut
819 1199 1025 1264 defensorem
1048 1221 1143 1264 suum
1167 1221 1220 1285 ag·

100 1307 281 1362 noscerent
331 1297 397 1362 Sed
420 1299 483 1364 ista
506 1318 564 1382 pro
589 1306 735 1382 tempore
754 1297 909 1360 effaetum
932 1318 1000 1362 non
1023 1295 1220 1380 habuerunt,

98 1409 128 1456 et
148 1395 433 1482 subsequentibus
456 1395 553 1460 annis
588 1393 727 1458 Romani
759 1393 869 1458 adhue
899 1415 1087 1480 supremam
1120 1395 1222 1460 domi·

100 1494 268 1556 nationem
285 1491 498 1580 Imperatoria
521 1491 690 1556 orientalis
705 1501 922 1576 agnoverunt.
948 1490 1095 1558 Potestas
1110 1502 1221 1557 tamen

100 1589 295 1656 immediata
323 1593 394 1678 jam
427 1601 507 1656 tunc
540 1600 610 1672 erat
639 1611 741 1676 penes
773 1587 1013 1674 rempublicam
1036 1591 1220 1656 Romanam

99 1711 334 1776 summumque
357 1688 562 1770 Pontificem,
587 1690 643 1775 qui
667 1689 845 1774 praecipue
870 1689 1064 1753 auctoritate
1088 1711 1147 1753 sua
1161 1689 1222 1752 Ro·

102 1807 170 1850 mae
193 1797 303 1872 atque
330 1789 363 1850 in
389 1787 512 1852 ducatu
534 1787 685 1851 Romano
709 1808 760 1850 rer
783 1783 1026 1851 moderabatur.

185 1885 242 1948 26.
270 1883 306 1948 S.
331 1883 506 1950 Zacharias
528 1881 615 1950 anno
641 1885 704 1948 741
721 1881 874 1968 Gregorii
898 1881 950 1947 III
973 1884 1008 1947 in
1030 1883 1224 1970 pontificatu
1232 1904 1254 1947 s.
1271 1902 1391 1946 maheu.

100 2004 285 2065 smcessor,
321 2003 396 2048 cum
425 1981 632 2068 Luitprando
666 1984 737 2068 ipso
767 1983 937 2062 tractavit,
970 1980 1042 2066 jam
1066 1981 1221 2066 diximus,
1279 1965 1305 2006 ¹³*
1320 1963 1344 2006 Ρ·

100 2080 178 2144 forte
203 2101 250 2143 ax
275 2079 422 2168 quadam
445 2081 585 2166 pacifica
619 2081 863 2145 interventione
888 2077 998 2144 Caroli
1022 2079 1111 2165 apud
1133 2080 1225 2144 Luit·

101 2175 268 2261 prandum
293 2200 346 2241 res
368 2177 499 2243 facilius
524 2180 722 2264 compositas
744 2177 856 2242 fuisse.
881 2175 1108 2262 Luitpraudue
1131 2198 1223 2242 occu·

100 2285 192 2360 patae
226 2277 264 2340 in
302 2274 424 2340 ducatu
447 2277 596 2342 Romano
628 2277 782 2340 civitates
805 2274 985 2357 Ameriam,
1010 2273 1117 2358 Ortus,
1141 2275 1225 2340 Poli-

100 2375 258 2438 martium
280 2384 314 2437 et
332 2373 463 2438 Bleram
480 2396 556 2438 cum
571 2395 684 2440 earum
709 2372 839 2454 ineolis,
866 2393 996 2438 necnon
1016 2375 1223 2458 patrimonia,

100 2469 431 2552 scilieetSabinense,
441 2472 635 2553 Narniense,
644 2472 883 2552 Auximauum,
892 2470 1150 2554 Anconitanum,
1159 2471 1225 2535 Nu·

100 2579 251 2633 matense
268 2579 303 2632 et
318 2568 488 2636 Sutriuum
505 2570 658 2635 Pontifici
675 2568 829 2634 reddidit.
876 2567 950 2632 Hac
974 2567 1016 2632 de
1037 2590 1074 2632 re
1088 2567 1226 2633 Anasta-

100 2667 165 2731 sius
201 2669 239 2731 in
276 2665 357 2731 Vita
384 2665 417 2732 S.
449 2667 647 2732 Zachariae:
699 2666 794 2756 Cujus
828 2664 1037 2752 (Zachariae)
1065 2667 1132 2752 piis
1165 2666 1225 2730 elo-

100 2767 181 2848 puiis
195 2767 321 2853 fimus,
345 2777 375 2829 et
397 2767 611 2830 constantiam
634 2776 663 2829 et
695 2763 938 2829 admonitionem
960 2765 1065 2827 sancti
1086 2764 1149 2827 uiri
1171 2763 1226 2828 ad·

101 2864 238 2928 miratus
272 2861 377 2950 (rex),
401 2865 509 2929 omnia
532 2887 738 2950 quaecumque
757 2863 853 2948 petiit
871 2885 934 2948 per
964 2861 1102 2946 qratiam
1124 2864 1228 2926 sancti

102 2959 246 3046 Spiritum
271 2961 423 3041 obtinuit,
457 2973 487 3026 et
504 2961 691 3048 praedictas
724 2971 860 3048 quatuor
883 2960 1034 3041 ciuitates,
1058 2983 1137 3045 quas
1158 2961 1226 3046 ipse

101 3071 172 3124 ante
197 3059 362 3124 biennium
379 3083 442 3147 per
475 3061 679 3126 obsessionem
695 3060 820 3145 factam
842 3080 906 3144 pro
925 3056 1092 3144 praedicto
1119 3057 1225 3122 Trasi-

103 3157 217 3222 mundo
253 3159 332 3222 dues
356 3155 518 3245 Spoletina
552 3157 738 3236 abstulerat,
772 3157 871 3220 eidem
901 3165 1009 3220 sancto
1032 3179 1100 3219 cum
1123 3177 1228 3220 aarum

103 3255 338 3321 habitatoribus
359 3255 536 3320 redonavit.
565 3253 653 3329 Quas
676 3266 706 3319 et
723 3277 786 3342 per
810 3255 1013 3318 &nationem
1032 3255 1225 3336 fimuaoit...

106 3353 192 3418 Nam
217 3367 248 3418 at
274 3353 447 3420 δαόἰιιιηιο
470 3353 711 3440 patrimonium,
743 3351 827 3440 quod
843 3376 906 3439 per
929 3375 1029 3416 annos
1048 3375 1149 3440 prope
1174 3353 1228 3416 tri·

103 3456 192 3539 pinta
208 3453 328 3540 fumat
350 3451 501 3531 ablatum,
527 3462 619 3538 atquc
633 3453 814 3516 Narniense
842 3453 938 3514 etiam
961 3461 991 3515 et
1014 3450 1229 3515 Assaimanum

105 3563 197 3638 atate
222 3551 473 3633 Anconitanum,
497 3572 619 3614 necnon
642 3560 672 3613 et
700 3549 903 3627 Numatense,
934 3559 965 3612 et
996 3549 1109 3613 uallem
1149 3569 1228 3634 quae

107 3660 237 3713 uowtur
270 3671 385 3733 mapna
418 3650 512 3712 sitam
535 3650 570 3710 in
595 3647 754 3711 territorio
785 3645 933 3725 Sanina,
952 3669 1014 3732 par
1046 3645 1228 3710 donatrbnis

108 3745 234 3810 mnam
267 3747 333 3832 ipsi
360 3747 397 3811 B.
433 3747 525 3810 Petro
549 3745 773 3831 Apostolomtm
797 3745 944 3830 principi
976 3745 1169 3822 reconcessit,
1199 3753 1229 3806 et

103 3867 216 3930 pacem
247 3868 316 3908 cum
347 3845 464 3908 ducatu
488 3845 632 3908 Romano
663 3845 813 3928 ipsoram
842 3843 878 3906 in
900 3841 1014 3928 uipinti
1035 3840 1229 3925 confirmauit

107 3965 218 4008 annos.
252 3977 297 3990 -
329 3943 533 4008 Patr-imonis
558 3939 622 4006 illa
655 3942 801 4004 maxima
833 3949 926 4024 parte
954 3947 1047 4003 extra
1071 3938 1229 4003 ducatum

110 4039 294 4106 Romanum
319 4042 382 4104 sita
405 4041 469 4125 ipsi
488 4038 647 4104 ecclesiae
663 4039 833 4102 Romanae
849 4058 907 4100 seu
922 4037 1075 4101 Pontifici
1099 4047 1135 4102 ut
1158 4059 1229 4122 pos-

186 4247 204 4311 ¹)
222 4243 345 4300 chronic.
364 4241 498 4298 uoiuua
517 4243 552 4297 ad
570 4255 595 4298 a
615 4241 675 4296 ma
695 4239 776 4296 Perta
794 4241 831 4299 Μ.
851 4240 883 4295 G.
903 4240 925 4298 Ι.
945 4241 1006 4297 292.
