3054 4834
316 481 370 532 330
551 480 623 532 xxi.
644 480 684 532 De
703 480 727 533 S.
748 479 882 548 Gregorio
903 479 955 532 Vll
978 481 1051 534 lictu.
1074 481 1212 534 Poutitiee.

310 625 448 708 pouooir
473 623 608 709 directrf
627 622 845 688 d’institu'tion
870 623 995 705 divine,
1020 634 1054 687 et
1077 645 1123 688 un
1142 626 1280 710 pouooir
1302 625 1340 688 dc
1356 629 1430 714 jori-

315 722 435 784 diction
460 719 640 806 temporalia
665 721 878 785 d'iuatitution
897 732 1067 807 peremerat
1088 723 1245 786 immaioe.
1284 722 1336 786 Eu
1353 724 1434 791 effer.

315 818 449 903 lePape
475 829 506 881 et
520 817 656 902 l’liglire
679 833 790 902 ayant,
815 819 948 904 d’apres
971 819 1183 884 l'institution
1208 819 1340 898 divine,
1363 820 1437 885 l'ob·

316 916 453 1001 ligation
486 927 518 979 et
552 937 612 1000 por
645 919 849 1002 consequent
886 917 917 981 le
947 918 1089 1002 pouvoir
1130 917 1309 982 d’delairer
1338 933 1373 984 et
1402 919 1441 984 de

315 1010 438 1097 diriger
460 1013 493 1077 la
516 1015 710 1078 conscience
733 1013 792 1078 des
807 1017 938 1099 princes
961 1025 994 1078 et
1009 1014 1068 1080 des
1091 1015 1228 1101 peuplcs
1251 1039 1294 1081 en
1310 1029 1385 1081 taut
1407 1041 1442 1081 ce

314 1113 370 1196 qni
401 1111 539 1196 regardo
570 1111 601 1175 le
634 1111 730 1197 salut,
765 1125 822 1177 ont
853 1135 913 1199 par
943 1113 1015 1177 cela
1039 1119 1147 1178 meme
1179 1113 1210 1178 le
1234 1117 1382 1199 pouvoir
1405 1115 1443 1178 de

315 1209 449 1273 deeider
480 1208 527 1273 les
550 1211 719 1294 questions
752 1210 907 1274 relatives
930 1233 1000 1276 eux
1026 1210 1226 1296 obligations
1250 1212 1293 1277 de
1319 1214 1443 1278 eonsci-

314 1329 394 1370 ence
417 1308 474 1392 qui
499 1306 659 1371 resultent
682 1307 728 1372 du
752 1320 897 1372 serment
908 1309 949 1373 de
961 1307 1089 1374 fidelite
1103 1308 1139 1390 ¹).
1173 1309 1259 1373 Mais
1283 1310 1442 1394 indepen-

314 1405 484 1468 damment
516 1405 556 1470 de
589 1426 627 1468 ce
651 1408 791 1491 pouooir
823 1407 956 1493 directif
982 1407 1203 1470 d'institution
1236 1407 1367 1486 divine,
1405 1407 1444 1472 ils

313 1505 448 1566 avaient
472 1525 514 1566 uu
540 1524 659 1586 moyen
684 1507 746 1587 rige
770 1526 816 1568 un
835 1507 973 1590 pouooir
996 1505 1035 1568 de
1051 1504 1246 1593 juridiction
1260 1507 1441 1593 temporelle
1509 1529 1510 1532 ¹

313 1601 533 1664 d’institution
558 1611 732 1685 purement
755 1601 924 1685 humaine,
955 1601 1059 1666 fonde
1087 1625 1144 1666 sur
1168 1603 1189 1666 l’
1202 1627 1299 1688 usage
1333 1613 1367 1666 et
1398 1604 1443 1668 les

314 1700 464 1761 monimen
498 1699 535 1761 de
564 1699 650 1762 droit
672 1698 787 1784 ,public
818 1699 906 1764 olore
932 1701 1162 1785 peudralcmeut
1193 1702 1342 1765 adorirer.
1393 1703 1441 1766 Eu
1509 1771 1510 1776 η

312 1796 474 1881 deponant
508 1818 554 1860 un
579 1799 755 1860 souverain
792 1799 957 1882 opiniaitre
989 1798 1072 1862 dans
1095 1797 1258 1862 l'her'dsie
1287 1821 1331 1864 ou
1356 1800 1442 1863 l’ex-

312 1896 602 1971 communicatiou‚
629 1893 668 1958 ils
689 1896 904 1979 n'agissaient
928 1919 986 1981 pas
1005 1896 1189 1961 seulement
1211 1919 1344 1962 comme
1369 1899 1441 1962 doe-

311 2006 399 2056 teurs
425 2003 457 2056 et
480 1992 662 2060 directeurs
687 1993 745 2056 des
769 1993 884 2058 fideles
909 1993 993 2058 dans
1025 1993 1045 2056 l’
1058 1993 1154 2058 ordre
1186 1995 1232 2059 du
1264 1995 1370 2074 salut,
1405 1997 1443 2060 ils

310 2093 491 2175 agissaient
510 2113 549 2154 en
566 2095 673 2154 meme
689 2101 796 2176 temps
820 2113 952 2154 oonmre
972 2092 1071 2176 juges
1095 2093 1214 2156 e'roblis
1231 2105 1264 2156 et
1278 2115 1444 2158 reconnus
1509 2105 1510 2162 i

310 2211 371 2274 per
395 2188 523 2274 l’osapo
546 2201 579 2251 et
602 2187 632 2251 le
656 2189 743 2252 droit
759 2187 871 2275 problic
899 2189 984 2253 alors
1008 2212 1051 2252 en
1077 2193 1227 2274 vigueur,
1259 2213 1348 2276 pour
1372 2213 1442 2254 exn·

310 2289 417 2350 miner
453 2297 485 2349 et
509 2287 609 2372 juger
638 2285 670 2349 lu
702 2308 801 2351 cause
832 2287 890 2350 des
914 2289 1108 2353 souverains
1139 2291 1195 2374 qui
1227 2281 1443 2353 encouraient
1509 2317 1510 2332 ¹

310 2385 341 2448 la
374 2384 573 2465 rldclrdance,
607 2407 666 2468 par
697 2384 907 2449 l'infractiou
940 2385 985 2448 du
1018 2396 1147 2450 contrat
1177 2385 1284 2472 qu’ils
1307 2390 1443 2452 avaient
1509 2423 1510 2428 κ

310 2485 411 2567 prauae·
439 2504 522 2545 avec
552 2481 624 2545 lem·
657 2481 823 2567 peupleil.
872 2483 897 2546 ll
930 2495 978 2546 cst
1010 2485 1078 2546 aisti
1103 2484 1143 2548 de
1168 2487 1243 2549 voir
1266 2508 1335 2570 que
1361 2486 1443 2549 «laus
1509 2493 1510 2514 ¹

385 2784 406 2852 ¹)
425 2784 502 2836 llam
521 2791 683 2849 potestaten
703 2784 863 2837 ciranivam
883 2793 990 2838 tautum
1017 2787 1100 2840 ctiam
1126 2787 1295 2842 atlersouio
1316 2787 1443 2840 l'outitici

309 2864 442 2916 tributam
461 2863 601 2916 existimet
621 2862 753 2934 Feneloni3
786 2871 815 2916 at
834 2865 980 2918 (lereouius
1010 2867 1074 2920 licet
1093 2883 1189 2920 noureu
1218 2867 1285 2920 illud
1306 2867 1444 2920 adhibent.

310 2945 418 2998 ridetur
446 2949 536 2996 tameu
563 2959 653 2996 veram
679 2943 894 3010 jurisdictionem
921 2945 949 2998 iu
970 2947 1131 3014 temporalia
1150 2947 1278 3000 Pontifici
1305 2947 1443 3000 tribuisse.

311 3025 349 3077 lte
368 3039 401 3076 ea
420 3029 509 3076 autem
530 3024 570 3076 ita
589 3023 722 3078 ueneror:
754 3025 844 3077 „liaeo
868 3033 959 3078 uruom
978 3035 1107 3093 potestas.
1134 3043 1213 3094 quiam
1233 3027 1388 3081 Gereonium
1407 3027 1443 3078 di-

308 3103 440 3158 rectivam
460 3109 488 3156 et
507 3103 690 3158 ordinativum
709 3117 856 3172 rrrrucupat.
885 3105 912 3159 iu
933 3123 964 3159 eo
984 3113 1091 3160 tautum
1110 3107 1245 3168 consistit,
1264 3107 1338 3174 quod
1362 3109 1444 3173 Papa.

309 3190 405 3251 utpote
425 3183 547 3250 princeps
567 3191 712 3252 ptumorum,
739 3194 835 3252 utpote
855 3188 1015 3254 praecipuus
1041 3188 1069 3240 iu
1089 3187 1235 3254 majoribus
1257 3189 1376 3242 moralia
1394 3187 1444 3240 nli-¹·

308 3264 424 3332 eipliuae
443 3264 530 3317 (eurisis
544 3261 680 3318 Ecclesiae
699 3265 815 3318 director
828 3273 856 3318 et
869 3266 970 3330 doctor,
990 3267 1023 3319 de
1036 3269 1168 3320 servando
1187 3267 1335 3322 fidelitatis
1357 3284 1440 3320 sacac

309 3351 400 3398 rueme
426 3345 552 3411 populum
576 3345 761 3398 corisuleutem
786 3345 895 3399 erlrrcere
924 3354 1061 3401 teneatur.
1100 3347 1138 3400 lle
1164 3355 1282 3410 nrtetero,
1313 3348 1384 3401 nihii
1405 3359 1442 3400 est

309 3423 378 3490 quod
393 3423 538 3476 Pontifices
559 3423 668 3490 regibus
688 3423 822 3491 iruperare
844 3425 936 3486 velint,
957 3425 1008 3479 uisi
1029 3441 1061 3479 ex
1081 3425 1190 3493 speciali
1210 3427 1295 3481 titulo
1315 3439 1367 3482 aur
1387 3443 1441 3495 pc·

308 3504 426 3557 sessione
451 3503 542 3569 aliqum
569 3503 696 3570 peculiari
723 3504 749 3557 id
774 3505 825 3558 sibi
848 3505 918 3570 ‚iuris
947 3506 974 3559 iu
1000 3507 1117 3573 aliquem
1142 3523 1234 3576 regem
1253 3508 1440 3562 feudatarium

309 3585 384 3638 Sedis
404 3584 575 3650 Apostolicae
595 3584 685 3651 adepti
706 3584 817 3638 fuerint.
848 3585 968 3652 Namque
987 3587 1117 3654 mustolia
1136 3586 1259 3641 omnibus
1280 3604 1313 3640 aa
1328 3589 1440 3656 lirniude

308 3665 391 3716 Petro
416 3664 517 3716 dietum
543 3671 596 3717 est:
626 3665 716 3732 Reges
735 3665 860 3734 gentium
879 3666 1053 3721 dominantur·
1072 3683 1175 3728 eoruuu
1205 3683 1253 3720 vos
1273 3677 1371 3724 autem
1391 3685 1438 3722 nou

308 3744 371 3799 sic.“
412 3744 523 3796 ltissert.
544 3747 576 3797 de
596 3744 723 3798 eructarit.
744 3746 840 3799 aurumi
862 3745 1008 3810 pontilicis,
1028 3765 1049 3800 c.
1070 3749 1105 3800 27

381 3863 403 3926 Ἃ)
423 3861 530 3914 Statum
549 3877 638 3914 rerum
659 3861 775 3914 Ferrelou
795 3861 868 3914 hisce
893 3863 1035 3916 ‹lescrihit:
1066 3864 1149 3925 „Tum
1175 3881 1238 3918 vero
1264 3869 1353 3918 ’κω-ὼ
1374 3875 1437 3918 emi.

309 3951 340 3994 ut
359 3939 580 3994 excoummuicati
605 3941 710 4007 piorum
735 3942 854 3996 omnium
881 3943 1012 3998 societate
1039 3943 1221 4010 privarentur.
1250 3954 1280 4000 et
1307 3947 1369 4001 soii
1394 3963 1438 4014 ope

308 4022 343 4072 ad
362 4021 463 4074 victum
482 4021 634 4076 necessaria
653 4019 707 4074 frui
727 4030 850 4088 possent:
872 4023 941 4076 trude
961 4022 1028 4076 nihil
1048 4030 1090 4076 est
1109 4024 1214 4087 mirum,
1233 4026 1259 4080 si
1278 4033 1382 4094 gentes
1399 4045 1437 4080 or·

309 4101 424 4154 tholioee
443 4100 569 4168 religioni
589 4116 668 4166 qurum
681 4102 797 4155 maxime
816 4103 940 4156 addictae
953 4103 1082 4170 principis
1096 4107 1323 4162 excommunicati
1340 4109 1435 4175 jugan

308 4189 474 4234 excuterent.
512 4181 554 4233 Ea
577 4181 647 4234 euim
677 4182 738 4248 lege
763 4197 791 4235 se
817 4183 931 4250 principi
957 4183 1080 4237 subditas
1108 4183 1166 4239 iore
1191 4185 1333 4251 pollicitae
1352 4195 1434 4240 erent.

309 4270 341 4312 ut
365 4261 487 4327 princepe
512 4261 570 4327 ipse
594 4261 742 4314 catholicae
769 4263 894 4330 religioni
923 4264 1026 4330 {rariter
1044 4263 1169 4318 sithditus
1187 4275 1268 4320 esset.
1309 4267 1434 4333 Prinoeps
