2932 4836
303 482 356 538 364
618 481 706 537 XVII.
744 484 784 538 De
803 483 946 538 schismate
965 483 1109 538 Photinno.

218 609 220 614 ⁵
306 637 413 690 tamen.
431 627 521 712 faeti
542 637 616 690 stmt
636 627 705 710 sede
734 625 959 713 praesentem).
1006 627 1129 711 Magna
1160 647 1235 690 cum
1265 627 1414 712 sapientia-

177 1017 259 1060 tineent

149 1079 282 1122 sollicitudo.

305 724 348 789 ud
372 725 581 809 quaestiones
604 727 789 809 propositae
803 723 958 790 Pontifex
981 724 1162 809 respondit,
1188 726 1233 788 ita
1248 721 1412 787 utNicolei

306 825 472 908 lteepouea
511 822 555 886 ed
589 822 734 887 cormulta
767 822 980 907 Balparorum
1021 824 1223 886 constituant
1257 823 1412 906 egregium

306 920 542 984 documentum
554 919 787 985 sollicitudinis
800 920 973 1006 pastoralis
985 919 1084 1006 hujus
1096 919 1277 984 Pontificio.
1306 919 1414 999 Quoad

307 1019 498 1103 petitionem
530 1027 567 1081 ut
595 1017 816 1103 patriarcham
854 1017 1029 1098 haberent,
1062 1018 1218 1082 Pontifex
1249 1015 1413 1098 respondet

306 1139 334 1179 o.
361 1115 416 1178 72:
451 1115 660 1200 Requioietie,
694 1118 722 1179 ei
745 1116 839 1179 liceat
864 1118 897 1179 iu
919 1115 1006 1179 volis
1027 1115 1247 1202 patriarcham
1270 1114 1413 1177 ordinari.

308 1213 371 1277 Sed
393 1213 432 1276 de
455 1214 509 1277 loe
532 1213 614 1277 nihil
637 1213 807 1300 diffinitive
831 1214 1019 1300 respondere
1037 1236 1220 1300 postrenus,
1240 1213 1415 1300 primumn

306 1312 403 1396 leuati
432 1311 550 1388 nostri,
586 1333 661 1396 quoe
686 1312 841 1376 nobiscum
865 1313 1015 1375 mittimus
1026 1361 1035 1390 ,
1068 1312 1187 1375 reversi
1211 1310 1356 1397 fuerint,
1389 1317 1416 1370 ιιι

307 1410 406 1482 nodie,
432 1433 511 1494 quae
535 1411 695 1472 tererem
720 1410 886 1474 multitudo
912 1413 971 1488 eit,
997 1421 1026 1473 et
1050 1411 1247 1474 unianimitas
1274 1405 1415 1472 Christia-

306 1530 417 1571 norum
439 1508 628 1570 renuntient.
672 1508 758 1571 Nam
781 1509 908 1572 interim
932 1509 1111 1594 episcopum
1133 1505 1284 1584 habetote,
1309 1515 1415 1568 etcum

308 1608 494 1671 incremento
525 1605 652 1668 divinae
683 1607 808 1692 pratiae
832 1605 1052 1670 christianitas
1081 1606 1128 1669 ibi
1148 1605 1255 1692 fuerit
1278 1601 1415 1676 dilatate,

308 1715 336 1767 et
370 1703 510 1790 episcopi
538 1725 599 1788 per
622 1703 764 1789 eiupulae
799 1704 945 1768 eeclesiae
969 1705 1129 1782 ordinati,
1166 1715 1238 1766 taem
1269 1697 1417 1785 elipendm

308 1811 353 1864 eet
366 1801 450 1864 inter
464 1821 517 1864 ooo
532 1823 623 1878 u-uue,
647 1801 710 1886 qui,
736 1803 841 1865 eicon
854 1801 1057 1888 patriarcha,
1082 1813 1163 1866 certe
1179 1799 1416 1886 arcltiepiecopm

308 1897 522 1984 appellandus
546 1898 597 1974 eit,
622 1898 667 1962 od
689 1921 777 1984 quem
800 1921 905 1963 amireo
919 1911 1111 1962 conectere-nt.
1130 1936 1171 1945 -
1195 1893 1414 1982 Conjunotioni

308 2016 387 2060 vero
421 2015 496 2058 oum
530 1992 616 2059 Sede
650 1995 840 2081 Apostoliee
874 1996 1056 2061 servandae
1097 1995 1249 2081 providet
1281 1989 1415 2058 scribens

309 2117 336 2157 c.
355 2093 434 2156 106:
460 2091 523 2156 Sed
546 2103 575 2156 et
598 2091 660 2170 illi,
684 2095 748 2156 eine
771 2119 853 2158 nuuc
874 2096 937 2158 sive
956 2105 1032 2181 poet
1047 2095 1131 2171 iaec,
1154 2117 1274 2179 semper
1288 2093 1323 2154 iu
1337 2087 1416 2152 reim

309 2190 415 2254 dubiie
439 2203 468 2254 et
490 2191 625 2276 repotiis
648 2191 822 2282 majoribus
837 2190 948 2255 Sedem
973 2195 1068 2255 totino
1083 2191 1242 2256 Ecclesiae
1263 2208 1415 2252 moreton-

309 2288 411 2352 rulent
434 2286 668 2374 Apostolicam,
702 2300 731 2353 et
764 2289 804 2353 ab
837 2289 897 2353 illa
926 2292 1072 2354 irretrueti
1103 2293 1137 2353 iu
1170 2287 1280 2375 preibat
1308 2293 1415 2372 oportet

309 2387 483 2464 tmrimenr,
508 2397 538 2449 et
561 2409 639 2471 quae
654 2387 718 2450 Dei
740 2399 814 2451 ιιιιιι
836 2386 948 2451 sedula
967 2387 1210 2474 praedieatione
1234 2384 1387 2449 docebunt.

396 2485 450 2548 235.
475 2484 567 2548 llisit
588 2483 745 2548 Nicolaus
769 2486 801 2548 in
826 2484 1017 2569 Balgatiam
1041 2495 1077 2548 nt
1099 2483 1224 2568 legatos
1247 2503 1323 2546 suos
1345 2479 1413 2542 Pnu-

307 2581 375 2645 lum
406 2581 609 2667 Populoniae
641 2593 673 2645 et
703 2583 897 2646 Formosum
925 2583 1043 2646 Portus
1074 2583 1262 2667 episcopos3
1290 2575 1414 2660 Begoris

309 2701 363 2743 ecs
395 2700 514 2762 magno
547 2701 621 2743 oum
654 2679 777 2742 honore
809 2682 948 2766 recepit,
980 2701 1147 2766 quumque
1176 2679 1323 2744 diversos
1345 2674 1414 2737 ritus

309 2787 341 2840 et
364 2799 442 2840 usus
466 2775 639 2840 admittere
665 2779 696 2840 in
722 2799 823 2862 regno
848 2800 905 2842 suo
930 2777 1039 2857 nollet,
1063 2775 1238 2842 orientales
1261 2774 1414 2840 missione-

309 2877 373 2938 rios
398 2874 533 2956 dimisit,
559 2886 591 2938 et
609 2876 708 2961 juxte
731 2874 913 2958 legatorum
938 2885 1081 2939 mentem
1115 2877 1225 2939 omnia
1257 2869 1413 2958 disposuit

308 2974 453 3037 Tantum
477 2973 625 3037 favorem
644 2973 821 3039 Formosus
844 2973 934 3058 apud
958 2995 1066 3058 regem
1093 2983 1288 3038 consecutus
1310 2979 1364 3044 est,
1386 2975 1413 3028 nt

309 3072 399 3136 huno
424 3073 458 3134 in
482 3069 769 3157 archiepiscopum
793 3083 971 3183 expeteret.
1011 3071 1077 3137 Sed
1093 3070 1250 3136 Nicolaus
1265 3091 1330 3134 non
1353 3085 1413 3128 oon·

310 3170 421 3247 sensit,
446 3167 528 3232 alios
551 3180 660 3232 tomen
686 3169 769 3234 duos
793 3171 964 3255 episcopos
988 3191 1063 3233 eum
1083 3167 1313 3255 presbyteris
1305 3189 1336 3230 ιιι
1350 3159 1413 3227 Bul·

308 3269 435 3352 geriem
460 3267 558 3331 misit.
536 3269 658 3330 tDe
691 3268 761 3330 istis
790 3267 964 3332 eventibus
989 3267 1222 3331 Anastasius'
1214 3289 1248 3331 ιιι
1279 3265 1348 3330 Vua
1368 3259 1412 3322 lii·

309 3364 410 3430 colai.
435 3364 534 3427 Porro
557 3387 577 3426 a
590 3366 832 3450 praenominato
848 3387 918 3451 repe
933 3363 1146 3451 Bulparorum
1162 3361 1328 3451 apostolici
1340 3355 1414 3422 mirri

305 3465 366 3548 pia
381 3472 480 3525 mente
504 3462 728 3546 celerrimeque
747 3463 909 3525 devotione
924 3464 1070 3548 mseepti,
1094 3485 1221 3548 coepere
1235 3455 1412 3526 salutar-ilic

303 3560 458 3650 populum
492 3559 617 3624 edocere
641 3561 784 3636 monitio,
818 3569 848 3623 et
875 3583 896 3622 a
923 3561 1050 3624 minimo
1074 3581 1169 3645 aeque
1193 3560 1237 3624 ad
1259 3557 1411 3622 mammon

308 3681 399 3722 ¹sacro
415 3658 521 3744 fonte,
545 3658 609 3721 Dei
630 3659 747 3742 pratia,
773 3655 910 3736 abluere,
932 3679 1109 3744 omnemque
1128 3659 1226 3722 ritum
1239 3655 1411 3721 amnem

300 3756 383 3840 fidei
405 3754 499 3842 (eiciet
522 3779 543 3820 a
566 3757 763 3820 earwtieeimo
782 3779 877 3842 papa
906 3755 1054 3820 inotmeti
1067 3757 1219 3842 jite'rmet)
1246 3765 1277 3819 et
1305 3771 1410 3816 conae·

311 3853 450 3918 tudinem
485 3853 636 3938 Bulpam'e
674 3853 885 3917 tradiderunt.
936 3854 1103 3918 Gloriome
1134 3865 1238 3919 autem
1268 3873 1324 3916 ree
1342 3845 1412 3931 fidei

310 3961 403 4015 touta
425 3953 526 4039 eoepit
538 3951 682 4038 stuprare
705 3952 833 4015 monitis
855 3952 947 4041 hujus
963 3953 1019 4037 pii
1041 3952 1150 4016 Patris
1173 3949 1359 4022 commuta,
1383 3951 1409 4004 *tl

310 4071 414 4112 omuee
437 4073 458 4112 a
481 4071 536 4114 euo
559 4071 654 4132 regno
673 4047 798 4134 pelleae
821 4049 1017 4136 alieuipenoe
1035 4049 1258 4136 praefatorum
1280 4039 1408 4132 apostoli·

384 4253 406 4320 ¹)
424 4250 516 4306 ιιιιι
536 4251 610 4307 vm.
629 4253 690 4308 470.
