2922 4832
307 483 346 536 De
365 481 536 550 oppressione
554 480 690 536 libertatis
709 483 853 539 Ecclesiae.
1107 487 1158 540 191

53 635 109 716 bat,
130 633 298 720 aliumque
323 632 421 697 simul
438 655 514 697 curn
530 634 694 719 episcopis
718 635 1060 720 comprovincialibus
1085 658 1160 700 con·

54 733 209 808 stituebat,
242 730 296 795 vel
319 733 419 795 etiarn
442 733 513 816 regi
537 735 837 816 praesentationem
861 755 1022 819 personae
1045 743 1159 818 gratae

53 830 273 895 committebat.
319 829 498 894 Pontifices
522 851 653 915 quoque
676 831 818 896 Romani
841 854 940 917 saepe
963 833 1159 896 intervenie-

53 931 128 1012 bant,
151 931 177 992 si
203 928 320 992 electio
352 949 419 992 non
441 927 544 992 fiebat
567 928 664 992 modo
695 931 866 994 canonico·
913 929 977 994 Sed
1002 952 1160 1015 persaepe

51 1051 130 1110 reges
152 1036 185 1090 et
207 1027 377 1112 principes
410 1029 456 1090 ita
488 1024 676 1090 libertatem
708 1037 935 1110 coarctarunt,
972 1037 1009 1091 ut
1043 1027 1159 1092 electio

51 1125 95 1189 rel
122 1125 308 1190 nullatenus
347 1124 401 1188 vel
436 1145 503 1188 non
535 1126 598 1188 nisi
633 1126 841 1210 specietenus
870 1125 979 1190 locum
1012 1125 1159 1190 haberet.

51 1225 230 1288 Ludovicus
264 1223 345 1286 Pius
378 1223 502 1307 passim
534 1222 821 1287 commendatione
859 1233 1022 1288 certarum
1053 1245 1161 1308 perso·

52 1345 154 1386 narum
178 1321 350 1386 electionis
373 1319 561 1384 libertatem
591 1321 828 1404 restringebat3
862 1343 1066 1384 successores
1089 1322 1160 1406 ejus

51 1443 134 1506 saepe
156 1419 380 1505 postulabant,
406 1429 442 1480 ut
465 1417 507 1482 ab
532 1419 613 1502 ipsis
628 1420 801 1502 permissio
823 1419 993 1483 electionis
1017 1429 1049 1483 et
1065 1419 1160 1484 electi

51 1519 242 1582 confirmatio
273 1527 450 1602 peteretur.
507 1515 644 1581 Carolus
679 1515 802 1580 Calvus
836 1517 957 1603 aliique
993 1519 1160 1603 principes
1208 1502 1211 1519 ³

51 1615 218 1700 Carolingii
251 1618 351 1679 etiam
377 1615 501 1678 directe
532 1615 698 1678 interdum
729 1617 900 1700 episcopos
932 1614 1160 1699 nominabant,

49 1727 75 1777 et
94 1715 244 1800 quamvis
266 1715 303 1798 in
327 1713 437 1778 Gallia
464 1715 588 1798 passim
618 1713 731 1798 aliqua
755 1714 896 1778 concilia
920 1714 974 1778 vel
998 1724 1158 1800 metropo-

48 1811 114 1876 litae
136 1815 335 1894 resisterent,
363 1822 476 1876 tamen
494 1811 567 1897 jam
592 1833 706 1876 versus
731 1814 864 1877 initium
888 1812 1011 1876 saeculi
1036 1813 1158 1876 decimi

48 1909 93 1973 ills
114 1935 191 1976 usus
214 1909 371 1991 invaluit,
405 1919 442 1973 ut
464 1932 557 1994 reges
581 1912 842 1975 nominationem
866 1910 920 1974 vel
943 1910 1059 1974 saltem
1084 1932 1159 1975 con-

49 2009 257 2075 firmationem
281 2010 511 2094 episcoporum
535 2031 593 2094 pro
618 2008 706 2073 illius
729 2010 824 2092 regni
855 2008 989 2074 sedibus
1014 2009 1077 2073 sibi
1105 2010 1159 2072 tri·

49 2105 186 2174 buarent.
233 2107 305 2172 Imo
338 2108 437 2170 etiam
469 2107 570 2170 duces
594 2116 626 2170 et
650 2109 786 2170 comites
816 2107 880 2170 sibi
904 2107 1104 2192 arrogabant
1125 2106 1161 2170 il·

47 2204 96 2267 lud
112 2208 185 2291 jus,
218 2216 255 2269 nt
278 2204 400 2290 quibus
423 2203 557 2286 vellent,
583 2207 777 2292 propinquis
800 2205 855 2268 vel
879 2207 960 2270 viris
983 2205 1047 2269 sibi
1072 2204 1161 2268 dedi-

48 2305 91 2380 tis,
115 2307 326 2390 episcopatus
357 2313 515 2367 vacantes
539 2305 589 2366 sui
620 2305 776 2368 territorii
801 2305 1037 2388 concederent,
1061 2312 1161 2388 atque

49 2401 215 2483 interdum,
240 2402 289 2464 uti
313 2401 348 2464 in
371 2399 468 2464 Italia
492 2404 660 2486 superiore
683 2402 718 2466 id
741 2401 874 2484 accidit,
899 2404 1011 2487 pueris
1034 2401 1161 2466 dioece-

48 2521 91 2562 ses
113 2498 410 2578 comittebantur.¹)

51 2671 251 2680 *-

111 2749 131 2816 ¹)
150 2747 356 2816 Hergenrethsr
378 2747 413 2801 K.
440 2746 472 2800 G.
497 2747 520 2800 I.
540 2747 564 2802 S.
585 2748 646 2804 631.
666 2781 699 2788 -
718 2750 778 2803 Ista
796 2749 829 2803 de
848 2765 876 2802 re
895 2747 991 2801 scribit
1009 2747 1077 2798 Atto
1094 2745 1162 2798 Ver·

48 2829 158 2883 cellensis
184 2830 213 2882 in
237 2828 306 2881 libro
330 2827 363 2879 de
387 2829 526 2894 pressuris
551 2830 737 2882 eccbsiastieia
760 2828 1019 2898 (D’AcherySpicil.
1040 2826 1159 2892 1.414):

48 2908 207 2977 ,irreligiosi
225 2906 360 2976 principes
384 2905 450 2960 haec
473 2909 564 2960 omnia
582 2909 660 2975 parri
685 2909 846 2976 pendentes,
873 2925 951 2963 suurn
977 2905 1161 2960 tantummodo

47 2987 70 3040 in
95 2988 136 3042 his
162 2987 349 3055 (electionibus
374 2987 569 3058 episcoporum)
598 3000 697 3056 parant
725 2991 881 3057 praevalere
907 2989 1031 3043 edictum.
1069 2986 1162 3040 Solent

47 3069 120 3122 etiam
139 3068 281 3121 admodum
299 3066 451 3135 indignari,
478 3067 501 3120 si
527 3069 570 3122 vel
590 3069 623 3122 ab
647 3069 707 3122 aliis
732 3071 837 3136 aliquis
857 3069 1045 3136 cujuscumque
1071 3065 1161 3119 meriti

46 3150 84 3212 sit,
108 3150 246 3216 episcopus
279 3147 412 3216 eligatur,
442 3148 486 3202 vel
518 3149 542 3202 si
571 3165 588 3202 a
617 3165 646 3202 se
674 3149 788 3215 electus,
821 3151 1010 3218 cujuscumque
1040 3146 1161 3213 pravita-

47 3229 78 3280 tis
95 3229 145 3292 sit‚
171 3229 206 3282 ab
232 3227 322 3294 aliquo
346 3227 512 3295 reprobetur.
557 3229 669 3283 Illorum
693 3247 758 3284 eane
783 3247 848 3297 quos
873 3230 925 3298 ipsi
951 3228 1058 3295 eligunt
1082 3226 1161 3290 vitia,

47 3309 161 3374 quamvis
179 3307 267 3362 multa
285 3313 315 3362 et
332 3323 434 3375 magna
452 3309 516 3373 sint
536 3311 612 3364 velut
630 3310 706 3364 nulla
724 3317 815 3365 tamen
834 3314 1005 3377 reputantur.
1044 3307 1161 3373 Quorum

46 3389 145 3452 quidem
164 3389 192 3442 in
212 3388 413 3442 examinatione
431 3405 484 3442 non
504 3390 623 3444 charitas
642 3397 671 3445 et
688 3391 754 3445 fides
772 3392 817 3446 vel
835 3407 896 3458 spes
914 3389 1096 3455 inquiruntur,
1115 3387 1162 3441 sed

46 3467 161 3533 divitiae,
180 3469 316 3532 affinitas,
345 3477 375 3522 et
392 3470 548 3536 obsequium
567 3473 771 3526 considerantur
784 3513 791 3527 .
806 3511 831 3522 ..
853 3470 966 3537 Quidam
985 3473 1076 3521 autem
1095 3467 1161 3521 adeo

46 3558 128 3602 ruente
148 3555 176 3602 et
195 3565 304 3616 corpore
323 3549 516 3616 obcaecantur,
542 3561 574 3605 ut
601 3552 672 3619 ipsos
684 3553 774 3606 ‘etiarn
793 3552 919 3620 parvulos
946 3550 980 3603 ad
999 3547 1162 3616 pastoralem

47 3627 129 3683 curam
148 3643 306 3697 promovere
325 3644 379 3682 non
398 3629 538 3692 dubitent,
569 3648 633 3698 quos
656 3649 706 3687 nec
731 3639 820 3686 mente
844 3647 894 3685 nec
919 3645 1028 3698 corpore
1052 3629 1161 3682 idoneos

46 3724 97 3762 esse
115 3717 227 3763 constet.
267 3709 369 3762 Rident
387 3709 511 3778 plurimi,
537 3713 582 3766 alii
604 3714 681 3779 quasi
700 3714 733 3766 de
751 3713 866 3766 infantis
884 3712 983 3766 honore
1002 3709 1161 3777 gaudentes,

46 3789 88 3842 alii
105 3797 196 3844 tarum
215 3790 316 3844 clarum
336 3795 368 3844 et
382 3791 559 3846 manifestum
578 3794 757 3862 praestigium
776 3793 936 3848 deridentes.
975 3791 1037 3857 Ipse
1056 3804 1161 3856 quoqne
1225 3789 1229 3798 '

46 3871 167 3934 parvulus
186 3871 218 3926 de
236 3869 371 3935 aliquibus
390 3871 577 3940 interrogatus
597 3873 731 3940 capitulis,
751 3891 819 3942 quae
836 3874 859 3928 si
879 3885 1041 3941 praeparare
1059 3869 1162 3936 poterit

46 3949 193 4004 memoriter
211 3949 311 4012 reddet,
329 3951 374 4004 vel
392 3951 420 4004 in
441 3951 531 4017 aliquo
551 3959 668 4007 tremens
682 3955 752 4022 legit
771 3954 892 4021 pittacio,
912 3971 965 4007 non
984 3949 1162 4017 episcopalem

46 4027 136 4082 timens
155 4029 265 4097 perdere
283 4029 412 4096 gratiam,
431 4033 477 4085 sed
490 4033 617 4102 magistri
635 4035 771 4089 incurrere
781 4035 913 4102 virgum.“
929 4051 981 4102 epp.
998 4032 1161 4096 cal-422).

46 4136 76 4146 -
93 4109 196 4166 Sortem
214 4114 366 4178 praesulum
385 4111 426 4166 his
445 4113 568 4180 deplorat
584 4115 662 4167 Atto:
685 4112 857 4182 ,Irreligiose
875 4115 1024 4184 eliguntur,
1043 4113 1163 4174 inaniter

46 4187 210 4250 ordinantur.
238 4191 340 4258 iniuste
367 4193 571 4260 opprimuntur,
605 4195 705 4262 perfide
733 4195 912 4262 dejiciuntur,
940 4195 1085 4250 crudeliter
1112 4191 1162 4246 ali·

47 4270 146 4333 quando
165 4276 193 4324 et
210 4277 367 4328 necantur.“
388 4273 495 4344 p.',4·24.
