2926 4840
307 501 358 553 ‘262
461 497 535 552 XVI.
572 497 677 552 Causae
694 495 811 552 celebres
828 501 857 550 et
875 496 1031 551 Decreteles
1050 495 1272 552 Pseudo-Isidori.

306 643 384 707 bata
415 651 447 704 et
476 639 701 726 promulgata,
733 660 884 727 quaeque
914 637 960 704 ita
989 639 1170 724 perfectam
1193 641 1263 704 vim
1294 638 1408 723 regulae

307 740 486 805 canonicae
509 737 600 824 apud
620 737 776 802 ecclesias
789 737 952 802 Franciae
973 735 1210 822 obtinebant.¹)
1247 737 1345 801 Anno
1359 737 1407 802 Sil

305 839 451 923 primum
469 835 651 922 Ansegisus
674 833 778 900 abbas
798 835 1060 900 Fontanellensis
1083 834 1209 920 aliquot
1223 833 1408 919 Capitularis

307 934 416 1001 Caroli
439 933 485 999 M.
518 945 551 998 et
581 932 748 998 Ludovici
771 932 824 996 Pii
858 931 990 1017 collegit
1021 941 1054 996 et
1086 933 1120 997 in
1154 943 1296 1018 quatuor
1325 931 1409 996 libros

305 1033 452 1118 digessit
499 1030 638 1096 Saeculo
671 1051 757 1094 nono
790 1030 959 1094 mediante
991 1029 1082 1095 hisco
1120 1041 1183 1095 tres
1214 1029 1298 1096 alios
1330 1030 1411 1094 libror

306 1128 548 1215 Capitularium
581 1127 712 1193 addidit
738 1127 929 1192 Benedictus
963 1128 1072 1194 Levita
1104 1128 1231 1210 dictus,
1267 1149 1305 1192 eo
1338 1126 1409 1213 quod

304 1237 419 1293 auctor
450 1229 520 1312 ipse
549 1228 586 1289 in
609 1225 816 1311 praefatione
845 1225 988 1308 indicat,
1022 1247 1057 1290 se
1079 1225 1272 1310 hloguntiae
1300 1237 1338 1289 ut
1359 1225 1411 1288 dis·

305 1347 425 1391 conum
450 1323 511 1388 sub
536 1323 673 1408 Otgario
702 1325 857 1408 episcopo
887 1345 931 1387 cx
954 1325 1083 1388 scriniis
1107 1323 1266 1388 ecclcsiae
1290 1323 1412 1406 Mogon-

304 1425 394 1488 tinae
430 1445 469 1487 ea
505 1420 711 1507 Capitularia
746 1421 927 1505 collegisse.
974 1419 1040 1485 Sed
1075 1429 1221 1502 constat,
1257 1419 1410 1486 falsarium

304 1523 406 1586 luisse
429 1519 670 1602 Benedictum,
705 1529 737 1582 et
770 1540 846 1582 eum
870 1539 912 1582 ex
937 1520 1038 1582 variis
1060 1517 1209 1583 fontibus
1233 1541 1272 1582 ea
1294 1517 1411 1605 Capitu-

304 1613 386 1682 laria
407 1619 609 1702 excerpsisse
626 1615 680 1680 vel
695 1618 827 1702 proprio
843 1627 947 1681 marte
962 1618 1194 1701 composuisse.
1227 1615 1267 1680 In
1283 1615 1410 1680 Francia

305 1736 401 1801 porro
421 1715 508 1780 hanc
526 1714 752 1801 apocrypham
773 1713 1001 1778 collectionem
1020 1713 1205 1779 confectam
1225 1735 1295 1778 csse
1311 1715 1412 1777 merito

305 1822 441 1877 censent
465 1813 602 1894 eruditi3
627 1815 701 1898 quis
727 1834 804 1877 vero
828 1812 928 1876 fuerit
951 1811 1006 1876 ille
1021 1813 1223 1878 Benedictus
1238 1811 1413 1897 disputant:

304 1910 360 1975 alii
385 1911 579 1975 existimant
601 1931 705 1974 unum
730 1910 950 1995 eumdemque
973 1909 1074 1974 fuisse
1104 1933 1144 1974 ac
1168 1909 1413 1974 Pseudo-Isido-

304 2031 395 2090 rum3
432 2008 488 2072 alii
519 2031 594 2072 eum
625 2009 697 2093 jam
728 2007 1006 2073 Pseudo-Isidori
1037 2007 1240 2074 Collectione
1270 2016 1307 2070 ut
1338 2007 1413 2070 lente

305 2129 400 2170 usum
425 2128 511 2186 esse3
536 2106 591 2170 alii
617 2129 634 2169 e
658 2115 773 2170 contra
788 2105 1098 2171 Pseudo-Isidorum
1123 2127 1219 2170 usum
1239 2126 1310 2168 esse
1325 2104 1413 2168 Beue·

304 2205 383 2268 dicti
409 2225 518 2288 opere.
565 2204 675 2288 Atque
698 2205 891 2288 praesertim
915 2203 1099 2268 Hinschius
1130 2213 1286 2268 accurata
1311 2203 1414 2266 utrius·

304 2324 368 2388 que
393 2299 604 2366 Collectionis
637 2301 884 2385 comparatione
917 2303 1020 2381 lacta,
1057 2301 1229 2366 ostendere
1253 2303 1345 2365 nisus
1366 2309 1413 2364 cst.

304 2401 446 2483 priorem
469 2421 540 2463 esse
565 2397 802 2462 Collectionem
827 2395 1069 2483 Capitularium
1084 2399 1260 2463 Benedicti
1275 2397 1413 2464 Levitae

303 2517 407 2582 caque
439 2497 472 2559 in
497 2517 555 2560 suo
580 2517 678 2580 opere
709 2496 919 2582 compilando
945 2497 1017 2582 jam
1041 2519 1138 2560 usum
1167 2519 1238 2561 esse
1261 2496 1413 2560 Isidorum

303 2595 530 2662 Mercatorcm.
566 2591 604 2658 F.
620 2593 664 2658 X.
680 2593 790 2657 Kraus
811 2615 889 2657 vero
914 2595 1092 2676 existimat,
1117 2593 1415 2658 Pseudo-Isidorum

303 2690 477 2755 schedulas
500 2713 558 2756 suo
582 2689 688 2756 labori
712 2691 917 2756 conficiendo
949 2714 1009 2777 per
1031 2691 1157 2777 aliquot
1180 2703 1311 2778 tempus
1334 2711 1413 2777 prar-

301 2811 454 2874 parassc,
487 2790 593 2876 iisque
617 2789 773 2854 schedulis
804 2812 902 2854 usum
933 2812 1004 2854 esse
1026 2790 1247 2855 Benedictum
1270 2789 1414 2854 Levitam

303 2889 337 2950 in
371 2909 430 2950 sua
463 2885 663 2951 Collectione
696 2887 930 2972 comparanda.
977 2889 1067 2953 Dein
1099 2909 1178 2952 vero
1211 2887 1299 2952 hanc
1323 2883 1415 2951 Colle·

303 2987 445 3050 ctionem
470 2984 663 3048 adhibuisse
679 2984 1000 3066 Pseudo-Isidorum,
1024 3007 1126 3072 quum
1151 2985 1194 3050 ad
1211 2985 1313 3049 finem
1328 3001 1413 3048 suum

303 3103 385 3167 opus
410 3081 652 3168 conduceret.²)

391 3179 445 3245 50.
478 3179 634 3246 Collectio
671 3180 891 3267 Capitulorum
923 3180 1126 3266 Augilramai
1157 3179 1259 3244 multo
1293 3177 1416 3244 brevior

209 3261 231 3290 ²⁸
277 3278 353 3340 'est
375 3277 599 3362 praecedenti.
645 3279 729 3364 Ejus
752 3279 922 3364 inscriptio
947 3289 1012 3343 est:
1036 3279 1089 3343 Es
1106 3278 1240 3344 &cecis
1255 3289 1286 3342 at
1300 3276 1414 3342 mono

306 3371 488 3440 Cauarillus
511 3387 541 3440 et
565 3375 704 3464 Quodis
727 3378 881 3440 Romanis
906 3387 998 3462 atque
1019 3377 1164 3440 Decretis
1179 3373 1362 3440 Resculum
1383 3395 1415 3434 cr

302 3471 486 3559 Hirecipum
510 3475 724 3538 Romanorum
747 3475 821 3538 haec
853 3471 1005 3560 Capitale
1028 3476 1165 3560 sparum
1187 3473 1317 3538 collecta
1338 3477 1414 3537 uret.

302 3579 331 3634 et
344 3569 552 3656 Aupilrcuroo
569 3571 830 3636 Mediomatricos
846 3570 1031 3658 (Metensis)
1045 3571 1134 3636 urbis
1145 3571 1305 3658 Episcopo
1316 3572 1415 3634 Roma

302 3691 322 3730 α
352 3666 442 3732 beato
473 3669 566 3755 Papa
599 3669 745 3734 Adriano
778 3669 901 3734 tradita
931 3669 987 3734 suh
1017 3669 1069 3734 die
1093 3668 1180 3733 XIII
1204 3669 1412 3734 Kalendarum

306 3763 485 3829 octobrium
514 3767 691 3830 [edictione
720 3789 824 3844 coac,
855 3766 981 3852 quondo
1005 3787 1070 3852 pro
1099 3767 1151 3830 sui
1179 3769 1296 3854 capotii
1323 3785 1414 3830 causo

301 3861 462 3946 agebatur.
511 3860 668 3927 Continet
690 3873 801 3928 autem
826 3861 984 3928 Collectio
1009 3861 1164 3950 Capitale
1187 3865 1356 3950 sexaginta
1386 3871 1414 3922 ct

306 4009 513 4022 ψ-

333 4177 341 4230 ¹
369 4097 471 4231 goir.
491 4099 637 4166 Baletium,
656 4101 746 4156 Praei.
766 4102 794 4156 in
813 4101 932 4170 Capitol.
952 4102 1041 4157 Caroli
1054 4101 1099 4166 M„
1119 4101 1220 4171 migne,
1241 4101 1269 4156 p¹
1288 4099 1315 4153 L·
1335 4106 1358 4152 t·
1374 4097 1413 4149 97,

302 4191 350 4230 ⁰⁰·
405 4217 411 4229 .

375 4255 394 4318 ’l
413 4257 447 4314 V.
465 4257 583 4328 Ttbing.
603 4257 814 4326 Quartalschrift
834 4261 910 4326 laos,
930 4277 956 4330 p.
974 4261 1028 4315 485
1046 4275 1104 4329 sqq.
