2932 4836
315 481 369 536 332
636 479 722 534 XVII.
760 479 799 534 De
820 479 963 534 schismate
982 479 1123 535 Photiano.
1448 505 1449 510 κ

317 622 538 688 orientalium.
584 619 686 686 Gesta
718 621 900 686 Justiniani
930 621 946 686 Ι
979 632 1094 686 contra
1125 622 1304 707 Vigilium,
1335 623 1418 688 Justi-
1448 553 1449 634 i

317 723 409 786 niani
424 720 459 786 II
478 729 592 784 contra
608 718 769 804 Sergium,
794 722 940 784 maxime
955 741 1033 785 vero
1050 719 1227 785 violentiae
1245 722 1418 786 commissae

317 843 337 884 a
354 817 533 884 Constante
549 827 662 882 conba
678 840 703 882 s.
716 818 896 882 Martinam
911 839 1025 882 amara
1039 828 1148 882 mente
1163 818 1206 882 ab
1219 817 1418 884 Occidentali-

317 917 381 981 bus
391 915 673 996 memorabantur3
686 917 883 980 recentiores
894 917 993 979 etiam
1005 917 1114 980 minae
1125 916 1251 981 feroces
1257 917 1418 981 Leonislll
1448 929 1449 1000 l

255 1012 260 1023 “
318 1014 478 1079 oblivioni
502 1013 648 1098 profecto
680 1013 771 1078 haud
800 1027 894 1079 erant
922 1013 1073 1078 traditae.
1121 1012 1234 1093 Quum
1265 1035 1357 1099 porro
1378 1037 1419 1078 en·
1448 1001 1449 1016 ³

317 1112 409 1176 archi
438 1111 539 1176 Italos
570 1133 668 1196 saepe
699 1111 930 1176 exactionibus
961 1133 1001 1175 ac
1034 1111 1155 1174 duritie
1188 1113 1418 1198 oppressissent.

318 1233 418 1296 quum
444 1211 610 1295 principes
627 1208 724 1294 plane
746 1209 886 1292 indigni.
911 1209 1058 1290 violenti,
1084 1207 1243 1288 crudeles,
1268 1209 1417 1273 haeretici.

317 1307 416 1392 longa
449 1307 532 1372 serie
564 1306 719 1370 thronum
745 1317 977 1392 occupassent,
1014 1308 1142 1370 aversio
1176 1319 1208 1370 et
1232 1317 1420 1392 contemptos

318 1405 521 1470 Graecorum
558 1406 686 1468 animos
721 1403 987 1469 Occidentalium
1020 1417 1220 1490 pervaserat
1256 1441 1300 1452 -
1334 1403 1421 1466 Vehe

318 1513 447 1568 menter
478 1503 577 1566 etiam
602 1502 731 1566 Latinis
765 1501 978 1588 displicuerat
1006 1501 1268 1587 patriarcharum
1295 1500 1421 1566 CPtano·

318 1623 391 1666 rum
416 1602 600 1684 usurpatio,
626 1621 691 1685 qua
715 1599 874 1685 paulatim
898 1603 1120 1686 acquisierant
1144 1601 1422 1685 praeeminentiam

318 1719 397 1784 prae
420 1696 556 1782 reliquis
579 1695 714 1762 sedibus
737 1697 1014 1782 patriarchalibus
1029 1699 1184 1778 Orientis,
1210 1708 1243 1761 et
1264 1696 1423 1782 privilegia

318 1819 357 1860 ac
376 1796 454 1881 jura
468 1793 564 1859 Sedis
579 1795 749 1876 Romanae
773 1817 903 1880 quoque
927 1796 1050 1880 passim
1074 1795 1205 1860 laedere
1227 1795 1422 1860 videbantur.

318 1894 569 1958 Perseverantia
602 1893 783 1973 obstinata,
820 1915 885 1978 qua
918 1914 1038 1957 nomen
1068 1894 1276 1958 Potiioroltoe
1308 1913 1423 1957 ocutus·

318 1993 385 2056 aiei
416 1990 478 2055 sibi
513 1990 732 2057 vindicabant
764 1990 932 2076 praesules
966 1989 1288 2078 Constantinopolis,
1323 1992 1423 2054 merito

319 2089 387 2154 RR.
411 2086 590 2152 Pontifices
613 2087 797 2172 pungebat,
822 2088 1043 2174 sollicitosque
1067 2089 1237 2170 reddebat,
1262 2111 1305 2153 ne
1327 2088 1424 2174 pejora

202 2210 205 2216 ·
321 2189 423 2252 etiam
445 2187 509 2249 viri
533 2185 694 2250 honorum
719 2187 832 2271 cupidi
856 2196 1066 2250 attentarent.

191 2293 277 2335 mantus
413 2285 464 2348 19.
499 2282 611 2363 Quum
641 2293 754 2348 contra
785 2305 904 2348 nomen
928 2282 1136 2369 patriarchae
1161 2284 1362 2347 oecumenici
1391 2279 1424 2344 ab

149 2355 386 2459 {llsslllilffillis
409 2380 617 2467 praesulibus
641 2381 704 2444 sibi
729 2380 889 2446 tributum
913 2403 1011 2466 saepe
1031 2380 1287 2445 reclamaverint
1300 2380 1424 2444 Romani

321 2480 513 2553 Pontifices,
546 2477 710 2563 quaedam
734 2478 775 2542 de
799 2477 959 2563 ejusmodi
985 2477 1079 2542 titulo
1098 2477 1234 2562 juvabit
1257 2478 1424 2543 advertere.

321 2578 416 2642 Licet
440 2577 522 2640 forte
540 2575 612 2660 jam
636 2585 733 2640 antea
758 2575 839 2641 illud
864 2597 984 2641 nomen
1008 2576 1174 2640 interdum
1194 2575 1425 2640 honoriacensi

321 2673 529 2761 patriarchae
546 2671 679 2738 OPtano
703 2673 845 2752 daretur,
871 2676 998 2759 primus
1022 2695 1097 2738 cum
1122 2675 1340 2738 ostentatione
1362 2695 1425 2758 qua·

321 2774 397 2838 dam
430 2771 516 2836 hane
549 2770 783 2855 appellationm
816 2773 995 2856 assumpsit
1017 2771 1164 2848 Joannes
1188 2771 1236 2835 IV
1268 2772 1426 2858 Jejunator

320 2895 349 2936 a.
373 2871 449 2935 588.
497 2870 570 2946 Hic,
593 2870 642 2932 ait
664 2891 688 2933 s.
707 2869 774 2933 Leo
792 2868 843 2932 IX
868 2869 1008 2950 (Labbe,
1033 2869 1094 2933 IX.
1111 2867 1190 2954 954)
1214 2871 1332 2934 nimiae
1353 2867 1425 2931 coni·

321 2971 396 3034 totiu
419 2991 530 3032 nomeu
553 2967 614 3030 sits·
631 2968 756 3052 primos
779 2967 960 3052 usurpauit,
989 2967 1044 3030 ati
1066 2989 1098 3031 ae
1122 2991 1143 3030 u
1166 2969 1286 3032 cunetis
1309 2989 1425 3031 eamme-

320 3068 423 3132 aa‘eum
442 3065 670 3151 patriarcham,
693 3065 714 3128 i.
731 3087 755 3128 e.
777 3065 996 3142 universalem,
1021 3075 1050 3128 et
1074 3066 1139 3129 diei
1162 3075 1192 3128 et
1214 3064 1310 3129 scribi
1332 3061 1425 3128 debera

320 3163 466 3228 decreuit.
513 3161 618 3226 Sensu
648 3160 782 3226 litterali
814 3183 942 3247 usuque
971 3162 1061 3246 apud
1093 3175 1244 3226 auctores
1268 3183 1374 3227 sacros
1401 3174 1426 3222 ot

320 3262 475 3348 profanos
511 3269 641 3344 recepto
675 3252 842 3346 οἰκουμένη
882 3259 1091 3344 significabat
1124 3261 1237 3326 orbem
1269 3271 1424 3324 terrarum.

320 3359 468 3445 adeoque
500 3357 696 3442 significatio
721 3357 820 3422 obvia
853 3357 1084 3444 appellationis
1114 3357 1325 3444 patriarchae
1347 3377 1424 3420 oecu-

321 3458 441 3522 menici
466 3477 582 3520 revera
605 3477 644 3520 ea
667 3468 755 3536 erat,
780 3466 817 3520 ut
840 3458 1040 3540 exprimeret
1063 3455 1287 3541 patriarcham
1312 3457 1423 3519 univer·

322 3554 422 3620 salem
446 3555 546 3617 totius
570 3553 658 3618 orbis
682 3553 864 3632 christiani,
888 3555 988 3618 totius
1006 3551 1185 3629 Ecclesiae,
1210 3575 1268 3617 seu
1292 3553 1423 3618 omnium

322 3651 582 3718 Christianorum
609 3653 644 3716 in
659 3651 737 3716 orbe
760 3662 931 3716 terrarum.
971 3652 1081 3737 Atque
1097 3650 1138 3715 ob
1162 3651 1326 3737 ejusmodi
1342 3648 1422 3734 signi·

322 3751 509 3815 ficationem
534 3749 636 3813 verbo
660 3751 793 3814 insitam
825 3773 849 3814 s.
874 3748 1054 3833 Gregorius
1077 3749 1122 3813 M.
1156 3749 1293 3834 ejusque
1316 3765 1423 3812 succes·

322 3871 410 3912 sores
442 3849 563 3911 acriter
586 3869 619 3910 se
644 3857 867 3933 opposuerunt
899 3847 1104 3932 usurpationi
1130 3845 1217 3910 illius
1240 3843 1345 3926 titulis
1377 3863 1423 3907 neo

322 3949 393 4012 ausi
427 3957 504 4010 sunt
526 3943 718 4030 plerumque
751 3944 958 4030 patriarchae
983 3941 1107 4009 CPtani
1141 3945 1176 4008 in
1198 3945 1364 4028 rescriptis
1392 3937 1422 4002 ul

323 4044 443 4110 Sedem
467 4041 692 4126 Apostolicam
717 4041 809 4106 illum
833 4043 965 4107 titulum
989 4063 1165 4106 assumere.
1213 4039 1246 4106 S.
1262 4039 1421 4124 Gregorius

323 4142 368 4206 M.
392 4141 513 4224 aliique
537 4136 714 4204 Pontifices
738 4141 773 4203 in
796 4163 857 4204 sua
879 4142 1124 4227 oppugnatione
1149 4149 1352 4225 supponunt,
1380 4156 1422 4219 pa·
1448 4199 1449 4240 ,

322 4239 483 4304 triarchas
506 4257 622 4301 revera
641 4239 818 4323 primatum
843 4239 1020 4324 quemdam
1041 4236 1261 4301 universalem
1283 4235 1343 4300 sibi
1357 4233 1421 4297 arri·
1448 4241 1449 4296 l
