<?xml version="1.0" encoding="UTF-8"?>
<!DOCTYPE html PUBLIC "-//W3C//DTD XHTML 1.0 Transitional//EN"
    "http://www.w3.org/TR/xhtml1/DTD/xhtml1-transitional.dtd">
<html xmlns="http://www.w3.org/1999/xhtml" xml:lang="en" lang="en">
 <head>
  <title>
</title>
<meta http-equiv="Content-Type" content="text/html;charset=utf-8" />
  <meta name='ocr-system' content='tesseract 3.04.00' />
  <meta name='ocr-capabilities' content='ocr_page ocr_carea ocr_par ocr_line ocrx_word'/>
</head>
<body>
  <div class='ocr_page' id='page_1' title='image "./dissertationess01junggoog_0703.png"; bbox 0 0 2952 4832; ppageno 0'>
   <div class='ocr_carea' id='block_1_1' title="bbox 289 432 1197 500">
    <p class='ocr_par' dir='ltr' id='par_1_1' title="bbox 289 432 1197 500">
     <span class='ocr_line' id='line_1_1' title="bbox 289 432 1197 500; baseline 0.003 -15"><span class='ocrx_word' id='word_1_1' title='bbox 289 433 342 486; x_wconf 72' lang='lat'><strong>232</strong></span> <span class='ocrx_word' id='word_1_2' title='bbox 538 433 612 487; x_wconf 85' lang='lat' dir='ltr'>XXI.</span> <span class='ocrx_word' id='word_1_3' title='bbox 634 433 716 488; x_wconf 81' lang='lat' dir='ltr'><strong>Des.</strong></span> <span class='ocrx_word' id='word_1_4' title='bbox 738 432 870 500; x_wconf 81' lang='lat' dir='ltr'><strong>Gregorio</strong></span> <span class='ocrx_word' id='word_1_5' title='bbox 889 433 944 487; x_wconf 81' lang='lat' dir='ltr'><strong>Vll</strong></span> <span class='ocrx_word' id='word_1_6' title='bbox 962 434 1036 488; x_wconf 88' lang='lat' dir='ltr'><strong>Rom.</strong></span> <span class='ocrx_word' id='word_1_7' title='bbox 1057 435 1197 488; x_wconf 83' lang='lat' dir='ltr'><strong>Pontifice.</strong></span> 
     </span>
    </p>
   </div>
   <div class='ocr_carea' id='block_1_2' title="bbox 120 575 1403 1442">
    <p class='ocr_par' dir='ltr' id='par_1_2' title="bbox 120 575 1403 1350">
     <span class='ocr_line' id='line_1_2' title="bbox 120 575 1398 661; baseline 0.005 -23"><span class='ocrx_word' id='word_1_8' title='bbox 120 581 245 624; x_wconf 63' lang='lat' dir='ltr'><strong>sosarnus</strong></span> <span class='ocrx_word' id='word_1_9' title='bbox 261 575 560 640; x_wconf 68' lang='lat' dir='ltr'><strong>xVelitsrnensem.</strong></span> <span class='ocrx_word' id='word_1_10' title='bbox 608 576 651 638; x_wconf 86' lang='lat' dir='ltr'><strong>Et</strong></span> <span class='ocrx_word' id='word_1_11' title='bbox 674 578 745 661; x_wconf 79' lang='lat' dir='ltr'><strong>ipse</strong></span> <span class='ocrx_word' id='word_1_12' title='bbox 768 597 811 638; x_wconf 87' lang='lat' dir='ltr'><strong>ex</strong></span> <span class='ocrx_word' id='word_1_13' title='bbox 825 575 952 640; x_wconf 85' lang='lat' dir='ltr'><strong>familia</strong></span> <span class='ocrx_word' id='word_1_14' title='bbox 975 579 1133 642; x_wconf 89' lang='lat' dir='ltr'><strong>comitum</strong></span> <span class='ocrx_word' id='word_1_15' title='bbox 1147 579 1398 646; x_wconf 84' lang='lat' dir='ltr'><strong>Tusculanorum</strong></span> 
     </span>
     <span class='ocr_line' id='line_1_3' title="bbox 149 652 1400 772; baseline 0.006 -34"><span class='ocrx_word' id='word_1_16' title='bbox 149 652 252 772; x_wconf 43' lang='lat' dir='ltr'><strong>1333]ssss</strong></span> <span class='ocrx_word' id='word_1_17' title='bbox 288 673 447 738; x_wconf 87' lang='lat' dir='ltr'><strong>oriundus</strong></span> <span class='ocrx_word' id='word_1_18' title='bbox 480 683 566 750; x_wconf 69' lang='lat' dir='ltr'><strong>erat,</strong></span> <span class='ocrx_word' id='word_1_19' title='bbox 601 695 720 738; x_wconf 89' lang='lat' dir='ltr'><strong>nornen</strong></span> <span class='ocrx_word' id='word_1_20' title='bbox 751 675 916 738; x_wconf 72' lang='lat' dir='ltr'><em>Benedicti</em></span> <span class='ocrx_word' id='word_1_21' title='bbox 939 677 972 740; x_wconf 85' lang='lat' dir='ltr'><em>X</em></span> <span class='ocrx_word' id='word_1_22' title='bbox 1000 679 1139 761; x_wconf 89' lang='lat' dir='ltr'><strong>accepit.</strong></span> <span class='ocrx_word' id='word_1_23' title='bbox 1186 677 1226 742; x_wconf 91' lang='lat' dir='ltr'><strong>In</strong></span> <span class='ocrx_word' id='word_1_24' title='bbox 1251 677 1400 744; x_wconf 77' lang='lat' dir='ltr'><strong>electione</strong></span> 
     </span>
     <span class='ocr_line' id='line_1_4' title="bbox 288 770 1401 860; baseline 0.006 -26"><span class='ocrx_word' id='word_1_25' title='bbox 288 770 350 835; x_wconf 91' lang='lat' dir='ltr'><strong>hac</strong></span> <span class='ocrx_word' id='word_1_26' title='bbox 366 781 452 835; x_wconf 83' lang='lat' dir='ltr'><strong>certe</strong></span> <span class='ocrx_word' id='word_1_27' title='bbox 476 793 527 835; x_wconf 89' lang='lat' dir='ltr'><strong>res</strong></span> <span class='ocrx_word' id='word_1_28' title='bbox 551 793 615 834; x_wconf 90' lang='lat' dir='ltr'><strong>non</strong></span> <span class='ocrx_word' id='word_1_29' title='bbox 632 773 693 834; x_wconf 91' lang='lat' dir='ltr'><strong>rite</strong></span> <span class='ocrx_word' id='word_1_30' title='bbox 718 780 870 856; x_wconf 87' lang='lat' dir='ltr'><strong>peractae</strong></span> <span class='ocrx_word' id='word_1_31' title='bbox 893 783 979 855; x_wconf 88' lang='lat' dir='ltr'><strong>sunt,</strong></span> <span class='ocrx_word' id='word_1_32' title='bbox 1004 783 1035 836; x_wconf 91' lang='lat' dir='ltr'><strong>et</strong></span> <span class='ocrx_word' id='word_1_33' title='bbox 1050 773 1199 860; x_wconf 85' lang='lat' dir='ltr'><strong>plerique</strong></span> <span class='ocrx_word' id='word_1_34' title='bbox 1215 775 1401 840; x_wconf 81' lang='lat' dir='ltr'><strong>Cardinales</strong></span> 
     </span>
     <span class='ocr_line' id='line_1_5' title="bbox 288 867 1400 960; baseline 0.005 -28"><span class='ocrx_word' id='word_1_35' title='bbox 288 867 509 932; x_wconf 80' lang='lat' dir='ltr'><strong>reclamarunt</strong></span> <span class='ocrx_word' id='word_1_36' title='bbox 532 869 573 932; x_wconf 96' lang='lat' dir='ltr'><strong>ob</strong></span> <span class='ocrx_word' id='word_1_37' title='bbox 599 868 767 934; x_wconf 88' lang='lat' dir='ltr'><strong>decretum</strong></span> <span class='ocrx_word' id='word_1_38' title='bbox 792 873 943 954; x_wconf 89' lang='lat' dir='ltr'><strong>superius</strong></span> <span class='ocrx_word' id='word_1_39' title='bbox 967 883 1272 954; x_wconf 88' lang='lat' dir='ltr'><strong>commemoratum,</strong></span> <span class='ocrx_word' id='word_1_40' title='bbox 1297 895 1400 960; x_wconf 89' lang='lat' dir='ltr'><strong>quum·</strong></span> 
     </span>
     <span class='ocr_line' id='line_1_6' title="bbox 288 966 1401 1056; baseline 0.003 -25"><span class='ocrx_word' id='word_1_41' title='bbox 288 989 352 1053; x_wconf 88' lang='lat' dir='ltr'><strong>qne</strong></span> <span class='ocrx_word' id='word_1_42' title='bbox 381 989 447 1032; x_wconf 90' lang='lat' dir='ltr'><strong>non</strong></span> <span class='ocrx_word' id='word_1_43' title='bbox 481 966 724 1052; x_wconf 76' lang='lat' dir='ltr'><strong>praevalerent,</strong></span> <span class='ocrx_word' id='word_1_44' title='bbox 762 967 940 1032; x_wconf 86' lang='lat' dir='ltr'><strong>anathema</strong></span> <span class='ocrx_word' id='word_1_45' title='bbox 964 970 999 1033; x_wconf 91' lang='lat' dir='ltr'><strong>in</strong></span> <span class='ocrx_word' id='word_1_46' title='bbox 1022 971 1216 1056; x_wconf 76' lang='lat' dir='ltr'><strong>antipapam</strong></span> <span class='ocrx_word' id='word_1_47' title='bbox 1241 975 1401 1056; x_wconf 88' lang='lat' dir='ltr'><strong>pronunti-</strong></span> 
     </span>
     <span class='ocr_line' id='line_1_7' title="bbox 289 1064 1402 1154; baseline 0.003 -26"><span class='ocrx_word' id='word_1_48' title='bbox 289 1076 388 1129; x_wconf 82' lang='lat' dir='ltr'><strong>arunt</strong></span> <span class='ocrx_word' id='word_1_49' title='bbox 411 1075 443 1129; x_wconf 89' lang='lat' dir='ltr'><strong>et</strong></span> <span class='ocrx_word' id='word_1_50' title='bbox 466 1088 509 1129; x_wconf 83' lang='lat' dir='ltr'><strong>ex</strong></span> <span class='ocrx_word' id='word_1_51' title='bbox 532 1064 623 1130; x_wconf 90' lang='lat' dir='ltr'><strong>Urbe</strong></span> <span class='ocrx_word' id='word_1_52' title='bbox 648 1065 878 1130; x_wconf 85' lang='lat' dir='ltr'><strong>discesserunt.</strong></span> <span class='ocrx_word' id='word_1_53' title='bbox 918 1069 1009 1130; x_wconf 91' lang='lat' dir='ltr'><strong>Dein</strong></span> <span class='ocrx_word' id='word_1_54' title='bbox 1033 1067 1131 1131; x_wconf 87' lang='lat' dir='ltr'><strong>simul</strong></span> <span class='ocrx_word' id='word_1_55' title='bbox 1157 1091 1231 1132; x_wconf 88' lang='lat' dir='ltr'><strong>eum</strong></span> <span class='ocrx_word' id='word_1_56' title='bbox 1259 1069 1402 1154; x_wconf 88' lang='lat' dir='ltr'><strong>plurimis</strong></span> 
     </span>
     <span class='ocr_line' id='line_1_8' title="bbox 289 1163 1403 1250; baseline 0.002 -24"><span class='ocrx_word' id='word_1_57' title='bbox 289 1163 460 1248; x_wconf 85' lang='lat' dir='ltr'><strong>Romanis,</strong></span> <span class='ocrx_word' id='word_1_58' title='bbox 496 1164 617 1250; x_wconf 90' lang='lat' dir='ltr'><strong>quibus</strong></span> <span class='ocrx_word' id='word_1_59' title='bbox 652 1164 780 1228; x_wconf 84' lang='lat' dir='ltr'><strong>evectio</strong></span> <span class='ocrx_word' id='word_1_60' title='bbox 813 1163 986 1228; x_wconf 83' lang='lat' dir='ltr'><strong>Benedicti</strong></span> <span class='ocrx_word' id='word_1_61' title='bbox 1023 1164 1251 1250; x_wconf 81' lang='lat' dir='ltr'><strong>displicuerat,</strong></span> <span class='ocrx_word' id='word_1_62' title='bbox 1288 1167 1403 1248; x_wconf 80' lang='lat' dir='ltr'><strong>legatos</strong></span> 
     </span>
     <span class='ocr_line' id='line_1_9' title="bbox 288 1260 1402 1350; baseline 0.002 -26"><span class='ocrx_word' id='word_1_63' title='bbox 288 1262 449 1326; x_wconf 87' lang='lat' dir='ltr'><strong>miserunt</strong></span> <span class='ocrx_word' id='word_1_64' title='bbox 471 1261 514 1325; x_wconf 89' lang='lat' dir='ltr'><strong>ad</strong></span> <span class='ocrx_word' id='word_1_65' title='bbox 538 1261 701 1346; x_wconf 86' lang='lat' dir='ltr'><strong>Agnetem</strong></span> <span class='ocrx_word' id='word_1_66' title='bbox 725 1260 974 1346; x_wconf 88' lang='lat' dir='ltr'><strong>Imperatricem</strong></span> <span class='ocrx_word' id='word_1_67' title='bbox 998 1274 1096 1348; x_wconf 87' lang='lat' dir='ltr'><strong>atque</strong></span> <span class='ocrx_word' id='word_1_68' title='bbox 1122 1263 1309 1328; x_wconf 88' lang='lat' dir='ltr'><strong>Henricum</strong></span> <span class='ocrx_word' id='word_1_69' title='bbox 1341 1266 1402 1350; x_wconf 85' lang='lat' dir='ltr'><strong>ejus</strong></span> 
     </span>
    </p>

    <p class='ocr_par' dir='ltr' id='par_1_3' title="bbox 288 1358 1344 1442">
     <span class='ocr_line' id='line_1_10' title="bbox 288 1358 1344 1442; baseline 0.003 -20"><span class='ocrx_word' id='word_1_70' title='bbox 288 1358 402 1442; x_wconf 88' lang='lat' dir='ltr'><strong>filium,</strong></span> <span class='ocrx_word' id='word_1_71' title='bbox 428 1369 464 1422; x_wconf 90' lang='lat' dir='ltr'><strong>ut</strong></span> <span class='ocrx_word' id='word_1_72' title='bbox 487 1381 563 1423; x_wconf 90' lang='lat' dir='ltr'><strong>cum</strong></span> <span class='ocrx_word' id='word_1_73' title='bbox 587 1361 627 1422; x_wconf 91' lang='lat' dir='ltr'><strong>iis</strong></span> <span class='ocrx_word' id='word_1_74' title='bbox 651 1359 692 1423; x_wconf 91' lang='lat' dir='ltr'><strong>de</strong></span> <span class='ocrx_word' id='word_1_75' title='bbox 716 1359 875 1424; x_wconf 89' lang='lat' dir='ltr'><strong>electione</strong></span> <span class='ocrx_word' id='word_1_76' title='bbox 897 1360 1069 1424; x_wconf 88' lang='lat' dir='ltr'><strong>Pontificis</strong></span> <span class='ocrx_word' id='word_1_77' title='bbox 1093 1364 1344 1426; x_wconf 86' lang='lat' dir='ltr'><strong>conveniretur.</strong></span> 
     </span>
    </p>
   </div>
   <div class='ocr_carea' id='block_1_3' title="bbox 287 1526 1404 2397">
    <p class='ocr_par' dir='ltr' id='par_1_4' title="bbox 287 1526 1404 2397">
     <span class='ocr_line' id='line_1_11' title="bbox 380 1526 1403 1616; baseline 0 -24"><span class='ocrx_word' id='word_1_78' title='bbox 380 1530 430 1592; x_wconf 79' lang='lat'><strong>17.</strong></span> <span class='ocrx_word' id='word_1_79' title='bbox 469 1526 717 1592; x_wconf 87' lang='lat' dir='ltr'><strong>Hildebrandus</strong></span> <span class='ocrx_word' id='word_1_80' title='bbox 742 1529 875 1592; x_wconf 89' lang='lat' dir='ltr'><strong>interim</strong></span> <span class='ocrx_word' id='word_1_81' title='bbox 898 1527 1113 1593; x_wconf 84' lang='lat' dir='ltr'><strong>eGermania</strong></span> <span class='ocrx_word' id='word_1_82' title='bbox 1137 1529 1172 1592; x_wconf 88' lang='lat' dir='ltr'><strong>iu</strong></span> <span class='ocrx_word' id='word_1_83' title='bbox 1186 1527 1324 1594; x_wconf 85' lang='lat' dir='ltr'><strong>Italiam</strong></span> <span class='ocrx_word' id='word_1_84' title='bbox 1344 1553 1403 1616; x_wconf 83' lang='lat' dir='ltr'><strong>pcr-</strong></span> 
     </span>
     <span class='ocr_line' id='line_1_12' title="bbox 287 1626 1404 1711; baseline 0.001 -23"><span class='ocrx_word' id='word_1_85' title='bbox 287 1647 379 1710; x_wconf 86' lang='lat' dir='ltr'><strong>gens,</strong></span> <span class='ocrx_word' id='word_1_86' title='bbox 410 1645 512 1711; x_wconf 91' lang='lat' dir='ltr'><strong>quum</strong></span> <span class='ocrx_word' id='word_1_87' title='bbox 542 1626 715 1690; x_wconf 90' lang='lat' dir='ltr'><strong>Benedicti</strong></span> <span class='ocrx_word' id='word_1_88' title='bbox 749 1627 966 1691; x_wconf 81' lang='lat' dir='ltr'><strong>intrusionem</strong></span> <span class='ocrx_word' id='word_1_89' title='bbox 997 1626 1187 1706; x_wconf 86' lang='lat' dir='ltr'><strong>audivisset,</strong></span> <span class='ocrx_word' id='word_1_90' title='bbox 1224 1627 1404 1692; x_wconf 86' lang='lat' dir='ltr'><strong>Florentiae</strong></span> 
     </span>
     <span class='ocr_line' id='line_1_13' title="bbox 289 1721 1404 1812; baseline 0.002 -25"><span class='ocrx_word' id='word_1_91' title='bbox 289 1724 444 1788; x_wconf 83' lang='lat' dir='ltr'><strong>substitit.</strong></span> <span class='ocrx_word' id='word_1_92' title='bbox 490 1723 592 1788; x_wconf 90' lang='lat' dir='ltr'><strong>Haud</strong></span> <span class='ocrx_word' id='word_1_93' title='bbox 616 1721 765 1806; x_wconf 87' lang='lat' dir='ltr'><strong>dubium,</strong></span> <span class='ocrx_word' id='word_1_94' title='bbox 798 1725 875 1788; x_wconf 88' lang='lat' dir='ltr'><strong>inde</strong></span> <span class='ocrx_word' id='word_1_95' title='bbox 900 1725 1000 1789; x_wconf 88' lang='lat' dir='ltr'><strong>etiam</strong></span> <span class='ocrx_word' id='word_1_96' title='bbox 1025 1725 1133 1810; x_wconf 89' lang='lat' dir='ltr'><strong>ipsum</strong></span> <span class='ocrx_word' id='word_1_97' title='bbox 1165 1747 1241 1788; x_wconf 89' lang='lat' dir='ltr'><strong>cum</strong></span> <span class='ocrx_word' id='word_1_98' title='bbox 1268 1725 1404 1812; x_wconf 80' lang='lat' dir='ltr'><strong>Impera·</strong></span> 
     </span>
     <span class='ocr_line' id='line_1_14' title="bbox 288 1821 1403 1909; baseline 0 -24"><span class='ocrx_word' id='word_1_99' title='bbox 288 1823 369 1885; x_wconf 88' lang='lat' dir='ltr'><strong>trice</strong></span> <span class='ocrx_word' id='word_1_100' title='bbox 400 1823 514 1906; x_wconf 85' lang='lat' dir='ltr'><strong>egisse,</strong></span> <span class='ocrx_word' id='word_1_101' title='bbox 546 1831 644 1908; x_wconf 87' lang='lat' dir='ltr'><strong>atque</strong></span> <span class='ocrx_word' id='word_1_102' title='bbox 677 1843 719 1884; x_wconf 84' lang='lat' dir='ltr'><strong>ex</strong></span> <span class='ocrx_word' id='word_1_103' title='bbox 743 1821 918 1886; x_wconf 87' lang='lat' dir='ltr'><strong>eventibus</strong></span> <span class='ocrx_word' id='word_1_104' title='bbox 949 1831 1188 1909; x_wconf 88' lang='lat' dir='ltr'><strong>auctorumque</strong></span> <span class='ocrx_word' id='word_1_105' title='bbox 1221 1826 1403 1888; x_wconf 81' lang='lat' dir='ltr'><strong>narratione</strong></span> 
     </span>
     <span class='ocr_line' id='line_1_15' title="bbox 289 1918 1403 2008; baseline 0.002 -26"><span class='ocrx_word' id='word_1_106' title='bbox 289 1921 441 2004; x_wconf 85' lang='lat' dir='ltr'><strong>quamvis</strong></span> <span class='ocrx_word' id='word_1_107' title='bbox 473 1941 591 2006; x_wconf 88' lang='lat' dir='ltr'><strong>parum</strong></span> <span class='ocrx_word' id='word_1_108' title='bbox 624 1919 796 1984; x_wconf 82' lang='lat' dir='ltr'><strong>enucleata</strong></span> <span class='ocrx_word' id='word_1_109' title='bbox 829 1918 1003 2004; x_wconf 84' lang='lat' dir='ltr'><strong>colligitur,</strong></span> <span class='ocrx_word' id='word_1_110' title='bbox 1029 1922 1074 1984; x_wconf 88' lang='lat' dir='ltr'><strong>ita</strong></span> <span class='ocrx_word' id='word_1_111' title='bbox 1097 1942 1167 1984; x_wconf 90' lang='lat' dir='ltr'><strong>rem</strong></span> <span class='ocrx_word' id='word_1_112' title='bbox 1192 1925 1403 2008; x_wconf 86' lang='lat' dir='ltr'><strong>compositam</strong></span> 
     </span>
     <span class='ocr_line' id='line_1_16' title="bbox 288 2015 1404 2104; baseline -0.004 -23"><span class='ocrx_word' id='word_1_113' title='bbox 288 2017 399 2098; x_wconf 84' lang='lat' dir='ltr'><strong>fuisse,</strong></span> <span class='ocrx_word' id='word_1_114' title='bbox 424 2028 461 2082; x_wconf 89' lang='lat' dir='ltr'><strong>ut</strong></span> <span class='ocrx_word' id='word_1_115' title='bbox 476 2020 654 2104; x_wconf 89' lang='lat' dir='ltr'><strong>propositio</strong></span> <span class='ocrx_word' id='word_1_116' title='bbox 670 2017 842 2082; x_wconf 87' lang='lat' dir='ltr'><strong>Pontificis</strong></span> <span class='ocrx_word' id='word_1_117' title='bbox 864 2015 1010 2102; x_wconf 85' lang='lat' dir='ltr'><strong>eligendi</strong></span> <span class='ocrx_word' id='word_1_118' title='bbox 1036 2017 1270 2083; x_wconf 88' lang='lat' dir='ltr'><strong>Hildebrando</strong></span> <span class='ocrx_word' id='word_1_119' title='bbox 1296 2042 1337 2082; x_wconf 87' lang='lat' dir='ltr'><strong>ac</strong></span> <span class='ocrx_word' id='word_1_120' title='bbox 1352 2020 1404 2083; x_wconf 82' lang='lat' dir='ltr'><strong>Ro-</strong></span> 
     </span>
     <span class='ocr_line' id='line_1_17' title="bbox 288 2116 1404 2202; baseline 0.002 -24"><span class='ocrx_word' id='word_1_121' title='bbox 288 2117 395 2179; x_wconf 88' lang='lat' dir='ltr'><strong>mauis</strong></span> <span class='ocrx_word' id='word_1_122' title='bbox 425 2127 581 2196; x_wconf 90' lang='lat' dir='ltr'><strong>maneret,</strong></span> <span class='ocrx_word' id='word_1_123' title='bbox 616 2137 794 2180; x_wconf 87' lang='lat' dir='ltr'><strong>consensus</strong></span> <span class='ocrx_word' id='word_1_124' title='bbox 817 2125 929 2180; x_wconf 90' lang='lat' dir='ltr'><strong>tamen</strong></span> <span class='ocrx_word' id='word_1_125' title='bbox 961 2119 1071 2179; x_wconf 87' lang='lat' dir='ltr'><strong>curiae</strong></span> <span class='ocrx_word' id='word_1_126' title='bbox 1101 2116 1285 2202; x_wconf 88' lang='lat' dir='ltr'><strong>imperialis</strong></span> <span class='ocrx_word' id='word_1_127' title='bbox 1316 2117 1404 2181; x_wconf 89' lang='lat' dir='ltr'><strong>simul</strong></span> 
     </span>
     <span class='ocr_line' id='line_1_18' title="bbox 288 2212 1402 2301; baseline 0 -25"><span class='ocrx_word' id='word_1_128' title='bbox 288 2220 462 2298; x_wconf 90' lang='lat' dir='ltr'><strong>peteretur.</strong></span> <span class='ocrx_word' id='word_1_129' title='bbox 511 2213 746 2279; x_wconf 86' lang='lat' dir='ltr'><strong>Convenerunt</strong></span> <span class='ocrx_word' id='word_1_130' title='bbox 769 2213 856 2291; x_wconf 89' lang='lat' dir='ltr'><strong>dein,</strong></span> <span class='ocrx_word' id='word_1_131' title='bbox 891 2215 1052 2278; x_wconf 86' lang='lat' dir='ltr'><strong>invitante</strong></span> <span class='ocrx_word' id='word_1_132' title='bbox 1076 2212 1320 2293; x_wconf 85' lang='lat' dir='ltr'><strong>Hildebrando,</strong></span> <span class='ocrx_word' id='word_1_133' title='bbox 1354 2219 1402 2301; x_wconf 89' lang='lat' dir='ltr'><strong>qui</strong></span> 
     </span>
     <span class='ocr_line' id='line_1_19' title="bbox 288 2310 1403 2397; baseline 0 -23"><span class='ocrx_word' id='word_1_134' title='bbox 288 2321 440 2396; x_wconf 87' lang='lat' dir='ltr'><strong>poterant</strong></span> <span class='ocrx_word' id='word_1_135' title='bbox 471 2311 663 2377; x_wconf 77' lang='lat' dir='ltr'><strong>Cardinales</strong></span> <span class='ocrx_word' id='word_1_136' title='bbox 698 2310 820 2397; x_wconf 87' lang='lat' dir='ltr'><strong>aliique</strong></span> <span class='ocrx_word' id='word_1_137' title='bbox 856 2313 1011 2396; x_wconf 88' lang='lat' dir='ltr'><strong>primates</strong></span> <span class='ocrx_word' id='word_1_138' title='bbox 1042 2311 1182 2375; x_wconf 85' lang='lat' dir='ltr'><strong>Romani</strong></span> <span class='ocrx_word' id='word_1_139' title='bbox 1214 2311 1341 2388; x_wconf 81' lang='lat' dir='ltr'><strong>Senes,</strong></span> <span class='ocrx_word' id='word_1_140' title='bbox 1376 2329 1403 2376; x_wconf 84' lang='lat' dir='ltr'><strong>et</strong></span> 
     </span>
    </p>
   </div>
   <div class='ocr_carea' id='block_1_4' title="bbox 288 2408 1405 2592">
    <p class='ocr_par' dir='ltr' id='par_1_5' title="bbox 288 2408 1405 2592">
     <span class='ocr_line' id='line_1_20' title="bbox 288 2408 1403 2496; baseline 0.001 -24"><span class='ocrx_word' id='word_1_141' title='bbox 288 2408 413 2472; x_wconf 91' lang='lat' dir='ltr'><strong>ibidem</strong></span> <span class='ocrx_word' id='word_1_142' title='bbox 438 2409 490 2474; x_wconf 86' lang='lat' dir='ltr'><strong>die</strong></span> <span class='ocrx_word' id='word_1_143' title='bbox 506 2409 772 2474; x_wconf 77' lang='lat' dir='ltr'><strong>28⁰Decembris</strong></span> <span class='ocrx_word' id='word_1_144' title='bbox 796 2433 825 2474; x_wconf 88' lang='lat' dir='ltr'><strong>a.</strong></span> <span class='ocrx_word' id='word_1_145' title='bbox 843 2409 928 2474; x_wconf 78' lang='lat'>1058</span> <span class='ocrx_word' id='word_1_146' title='bbox 954 2411 1122 2472; x_wconf 91' lang='lat' dir='ltr'><strong>communi</strong></span> <span class='ocrx_word' id='word_1_147' title='bbox 1146 2411 1308 2496; x_wconf 81' lang='lat' dir='ltr'><strong>suffragio</strong></span> <span class='ocrx_word' id='word_1_148' title='bbox 1332 2411 1403 2474; x_wconf 84' lang='lat' dir='ltr'><strong>eler-</strong></span> 
     </span>
     <span class='ocr_line' id='line_1_21' title="bbox 288 2505 1405 2592; baseline -0.001 -22"><span class='ocrx_word' id='word_1_149' title='bbox 288 2519 340 2571; x_wconf 90' lang='lat' dir='ltr'><strong>tus</strong></span> <span class='ocrx_word' id='word_1_150' title='bbox 371 2519 421 2571; x_wconf 90' lang='lat' dir='ltr'><strong>cst</strong></span> <span class='ocrx_word' id='word_1_151' title='bbox 450 2509 485 2572; x_wconf 89' lang='lat' dir='ltr'><strong>in</strong></span> <span class='ocrx_word' id='word_1_152' title='bbox 516 2508 711 2572; x_wconf 89' lang='lat' dir='ltr'><strong>Pontificem</strong></span> <span class='ocrx_word' id='word_1_153' title='bbox 745 2505 913 2571; x_wconf 81' lang='lat' dir='ltr'><strong>Gerardus</strong></span> <span class='ocrx_word' id='word_1_154' title='bbox 942 2507 1160 2592; x_wconf 86' lang='lat' dir='ltr'><strong>Burgundus,</strong></span> <span class='ocrx_word' id='word_1_155' title='bbox 1197 2508 1405 2574; x_wconf 82' lang='lat' dir='ltr'><strong>Florentinus</strong></span> 
     </span>
    </p>
   </div>
   <div class='ocr_carea' id='block_1_5' title="bbox 130 2605 1405 3964">
    <p class='ocr_par' dir='ltr' id='par_1_6' title="bbox 288 2605 1402 2692">
     <span class='ocr_line' id='line_1_22' title="bbox 288 2605 1402 2692; baseline 0.002 -24"><span class='ocrx_word' id='word_1_156' title='bbox 288 2606 478 2690; x_wconf 77' lang='lat' dir='ltr'><strong>episcopua,</strong></span> <span class='ocrx_word' id='word_1_157' title='bbox 517 2607 549 2669; x_wconf 91' lang='lat' dir='ltr'><strong>in</strong></span> <span class='ocrx_word' id='word_1_158' title='bbox 583 2628 680 2692; x_wconf 89' lang='lat' dir='ltr'><strong>quem</strong></span> <span class='ocrx_word' id='word_1_159' title='bbox 716 2609 816 2670; x_wconf 90' lang='lat' dir='ltr'><strong>etiam</strong></span> <span class='ocrx_word' id='word_1_160' title='bbox 845 2605 1044 2690; x_wconf 84' lang='lat' dir='ltr'><strong>Imperatrix</strong></span> <span class='ocrx_word' id='word_1_161' title='bbox 1078 2605 1152 2691; x_wconf 88' lang='lat' dir='ltr'><strong>jam</strong></span> <span class='ocrx_word' id='word_1_162' title='bbox 1185 2623 1402 2670; x_wconf 83' lang='lat' dir='ltr'><strong>consenserat.</strong></span> 
     </span>
    </p>

    <p class='ocr_par' dir='ltr' id='par_1_7' title="bbox 130 2701 1405 3964">
     <span class='ocr_line' id='line_1_23' title="bbox 130 2701 1405 2790; baseline 0.002 -25"><span class='ocrx_word' id='word_1_163' title='bbox 130 2717 228 2759; x_wconf 70' lang='lat' dir='ltr'><strong>uranus</strong></span> <span class='ocrx_word' id='word_1_164' title='bbox 243 2717 268 2759; x_wconf 80' lang='lat'><strong>11.</strong></span> <span class='ocrx_word' id='word_1_165' title='bbox 289 2701 446 2767; x_wconf 78' lang='lat' dir='ltr'><strong>Nicotaus</strong></span> <span class='ocrx_word' id='word_1_166' title='bbox 468 2705 508 2767; x_wconf 88' lang='lat' dir='ltr'><strong>II</strong></span> <span class='ocrx_word' id='word_1_167' title='bbox 532 2705 602 2790; x_wconf 87' lang='lat' dir='ltr'><strong>ipse</strong></span> <span class='ocrx_word' id='word_1_168' title='bbox 626 2713 675 2768; x_wconf 87' lang='lat' dir='ltr'><strong>est</strong></span> <span class='ocrx_word' id='word_1_169' title='bbox 698 2702 892 2790; x_wconf 73' lang='lat' dir='ltr'><strong>appellatus.</strong></span> <span class='ocrx_word' id='word_1_170' title='bbox 928 2713 1027 2788; x_wconf 89' lang='lat' dir='ltr'><strong>atque</strong></span> <span class='ocrx_word' id='word_1_171' title='bbox 1051 2702 1250 2788; x_wconf 87' lang='lat' dir='ltr'><strong>Imperatrix</strong></span> <span class='ocrx_word' id='word_1_172' title='bbox 1278 2704 1405 2768; x_wconf 86' lang='lat' dir='ltr'><strong>manda-</strong></span> 
     </span>
     <span class='ocr_line' id='line_1_24' title="bbox 289 2798 1404 2872; baseline 0.004 -12"><span class='ocrx_word' id='word_1_173' title='bbox 289 2801 338 2862; x_wconf 86' lang='lat' dir='ltr'><strong>vit</strong></span> <span class='ocrx_word' id='word_1_174' title='bbox 353 2799 533 2865; x_wconf 81' lang='lat' dir='ltr'><strong>Godefrido</strong></span> <span class='ocrx_word' id='word_1_175' title='bbox 558 2801 633 2866; x_wconf 90' lang='lat' dir='ltr'><strong>duci</strong></span> <span class='ocrx_word' id='word_1_176' title='bbox 651 2801 836 2872; x_wconf 82' lang='lat' dir='ltr'><strong>Hetruriae.</strong></span> <span class='ocrx_word' id='word_1_177' title='bbox 862 2811 897 2864; x_wconf 89' lang='lat' dir='ltr'><strong>ut</strong></span> <span class='ocrx_word' id='word_1_178' title='bbox 915 2798 1056 2864; x_wconf 87' lang='lat' dir='ltr'><strong>electum</strong></span> <span class='ocrx_word' id='word_1_179' title='bbox 1074 2801 1213 2864; x_wconf 89' lang='lat' dir='ltr'><strong>Romam</strong></span> <span class='ocrx_word' id='word_1_180' title='bbox 1231 2801 1404 2866; x_wconf 83' lang='lat' dir='ltr'><strong>deduceret</strong></span> 
     </span>
     <span class='ocr_line' id='line_1_25' title="bbox 289 2897 1403 2984; baseline 0 -22"><span class='ocrx_word' id='word_1_181' title='bbox 289 2910 321 2962; x_wconf 90' lang='lat' dir='ltr'><strong>et</strong></span> <span class='ocrx_word' id='word_1_182' title='bbox 343 2899 562 2964; x_wconf 90' lang='lat' dir='ltr'><strong>Benedictum</strong></span> <span class='ocrx_word' id='word_1_183' title='bbox 587 2899 775 2984; x_wconf 85' lang='lat' dir='ltr'><strong>expelleret.</strong></span> <span class='ocrx_word' id='word_1_184' title='bbox 804 2897 960 2963; x_wconf 89' lang='lat' dir='ltr'><strong>Nicolaus</strong></span> <span class='ocrx_word' id='word_1_185' title='bbox 984 2897 1019 2962; x_wconf 92' lang='grc' dir='ltr'>Π</span> <span class='ocrx_word' id='word_1_186' title='bbox 1042 2921 1059 2962; x_wconf 90' lang='lat' dir='ltr'><strong>e</strong></span> <span class='ocrx_word' id='word_1_187' title='bbox 1078 2897 1314 2963; x_wconf 78' lang='lat' dir='ltr'><strong>Cardinalium</strong></span> <span class='ocrx_word' id='word_1_188' title='bbox 1337 2921 1403 2962; x_wconf 89' lang='lat' dir='ltr'><strong>con·</strong></span> 
     </span>
     <span class='ocr_line' id='line_1_26' title="bbox 289 2995 1404 3082; baseline -0.002 -22"><span class='ocrx_word' id='word_1_189' title='bbox 289 2996 361 3060; x_wconf 90' lang='lat' dir='ltr'><strong>silio</strong></span> <span class='ocrx_word' id='word_1_190' title='bbox 394 2997 516 3061; x_wconf 84' lang='lat' dir='ltr'><strong>indixit</strong></span> <span class='ocrx_word' id='word_1_191' title='bbox 547 2997 710 3082; x_wconf 84' lang='lat' dir='ltr'><strong>synodum</strong></span> <span class='ocrx_word' id='word_1_192' title='bbox 735 2998 840 3062; x_wconf 85' lang='lat' dir='ltr'><strong>Sutrii</strong></span> <span class='ocrx_word' id='word_1_193' title='bbox 863 2995 1062 3076; x_wconf 86' lang='lat' dir='ltr'><strong>habendam,</strong></span> <span class='ocrx_word' id='word_1_194' title='bbox 1096 3006 1132 3059; x_wconf 85' lang='lat' dir='ltr'><strong>ut</strong></span> <span class='ocrx_word' id='word_1_195' title='bbox 1162 2997 1203 3061; x_wconf 88' lang='lat' dir='ltr'><strong>de</strong></span> <span class='ocrx_word' id='word_1_196' title='bbox 1228 2997 1404 3062; x_wconf 84' lang='lat' dir='ltr'><strong>Benedicta</strong></span> 
     </span>
     <span class='ocr_line' id='line_1_27' title="bbox 289 3093 1404 3176; baseline -0.002 -19"><span class='ocrx_word' id='word_1_197' title='bbox 289 3103 495 3160; x_wconf 87' lang='lat' dir='ltr'><strong>statueretur.</strong></span> <span class='ocrx_word' id='word_1_198' title='bbox 528 3095 641 3176; x_wconf 82' lang='lat' dir='ltr'><strong>Quum</strong></span> <span class='ocrx_word' id='word_1_199' title='bbox 659 3095 741 3159; x_wconf 90' lang='lat' dir='ltr'><strong>haec</strong></span> <span class='ocrx_word' id='word_1_200' title='bbox 756 3093 938 3159; x_wconf 87' lang='lat' dir='ltr'><strong>audivisset</strong></span> <span class='ocrx_word' id='word_1_201' title='bbox 952 3093 1162 3176; x_wconf 85' lang='lat' dir='ltr'><strong>Benedictus,</strong></span> <span class='ocrx_word' id='word_1_202' title='bbox 1187 3095 1404 3159; x_wconf 82' lang='lat' dir='ltr'><strong>eonscientiae</strong></span> 
     </span>
     <span class='ocr_line' id='line_1_28' title="bbox 288 3191 1404 3278; baseline 0 -22"><span class='ocrx_word' id='word_1_203' title='bbox 288 3215 435 3258; x_wconf 87' lang='lat' dir='ltr'><strong>remorsu</strong></span> <span class='ocrx_word' id='word_1_204' title='bbox 459 3203 575 3274; x_wconf 82' lang='lat' dir='ltr'><strong>tactus,</strong></span> <span class='ocrx_word' id='word_1_205' title='bbox 600 3191 710 3257; x_wconf 87' lang='lat' dir='ltr'><strong>sedem</strong></span> <span class='ocrx_word' id='word_1_206' title='bbox 729 3192 944 3277; x_wconf 87' lang='lat' dir='ltr'><strong>pontificiam,</strong></span> <span class='ocrx_word' id='word_1_207' title='bbox 969 3214 1069 3278; x_wconf 91' lang='lat' dir='ltr'><strong>quam</strong></span> <span class='ocrx_word' id='word_1_208' title='bbox 1090 3191 1205 3256; x_wconf 85' lang='lat' dir='ltr'><strong>decem</strong></span> <span class='ocrx_word' id='word_1_209' title='bbox 1230 3193 1302 3256; x_wconf 86' lang='lat' dir='ltr'><strong>fere</strong></span> <span class='ocrx_word' id='word_1_210' title='bbox 1326 3215 1404 3256; x_wconf 90' lang='lat' dir='ltr'><strong>men·</strong></span> 
     </span>
     <span class='ocr_line' id='line_1_29' title="bbox 289 3289 1403 3377; baseline -0.006 -22"><span class='ocrx_word' id='word_1_211' title='bbox 289 3290 381 3355; x_wconf 89' lang='lat' dir='ltr'><strong>sibus</strong></span> <span class='ocrx_word' id='word_1_212' title='bbox 394 3303 623 3377; x_wconf 86' lang='lat' dir='ltr'><strong>occupaverat,</strong></span> <span class='ocrx_word' id='word_1_213' title='bbox 640 3290 771 3376; x_wconf 89' lang='lat' dir='ltr'><strong>reliquit</strong></span> <span class='ocrx_word' id='word_1_214' title='bbox 783 3300 815 3353; x_wconf 92' lang='lat' dir='ltr'><strong>et</strong></span> <span class='ocrx_word' id='word_1_215' title='bbox 825 3292 859 3354; x_wconf 91' lang='lat' dir='ltr'><strong>in</strong></span> <span class='ocrx_word' id='word_1_216' title='bbox 867 3292 1033 3376; x_wconf 87' lang='lat' dir='ltr'><strong>propriam</strong></span> <span class='ocrx_word' id='word_1_217' title='bbox 1044 3289 1178 3354; x_wconf 90' lang='lat' dir='ltr'><strong>domum</strong></span> <span class='ocrx_word' id='word_1_218' title='bbox 1187 3311 1344 3353; x_wconf 85' lang='lat' dir='ltr'><strong>reversus</strong></span> <span class='ocrx_word' id='word_1_219' title='bbox 1354 3302 1403 3353; x_wconf 85' lang='lat' dir='ltr'><strong>cst.</strong></span> 
     </span>
     <span class='ocr_line' id='line_1_30' title="bbox 291 3387 1402 3476; baseline -0.004 -23"><span class='ocrx_word' id='word_1_220' title='bbox 291 3389 500 3476; x_wconf 79' lang='lat' dir='ltr'><strong>Quapropter</strong></span> <span class='ocrx_word' id='word_1_221' title='bbox 516 3389 673 3453; x_wconf 78' lang='lat' dir='ltr'><strong>Nicolaus</strong></span> <span class='ocrx_word' id='word_1_222' title='bbox 688 3389 721 3452; x_wconf 91' lang='lat' dir='ltr'><strong>ll</strong></span> <span class='ocrx_word' id='word_1_223' title='bbox 741 3389 863 3453; x_wconf 91' lang='lat' dir='ltr'><strong>Urbem</strong></span> <span class='ocrx_word' id='word_1_224' title='bbox 888 3389 1055 3472; x_wconf 86' lang='lat' dir='ltr'><strong>ingressus</strong></span> <span class='ocrx_word' id='word_1_225' title='bbox 1079 3397 1111 3452; x_wconf 92' lang='lat' dir='ltr'><strong>et</strong></span> <span class='ocrx_word' id='word_1_226' title='bbox 1129 3410 1148 3452; x_wconf 90' lang='lat' dir='ltr'><strong>a</strong></span> <span class='ocrx_word' id='word_1_227' title='bbox 1165 3387 1252 3452; x_wconf 87' lang='lat' dir='ltr'><strong>clero</strong></span> <span class='ocrx_word' id='word_1_228' title='bbox 1279 3387 1402 3474; x_wconf 89' lang='lat' dir='ltr'><strong>populo·</strong></span> 
     </span>
     <span class='ocr_line' id='line_1_31' title="bbox 290 3484 1401 3574; baseline -0.005 -22"><span class='ocrx_word' id='word_1_229' title='bbox 290 3511 353 3574; x_wconf 92' lang='lat' dir='ltr'><strong>que</strong></span> <span class='ocrx_word' id='word_1_230' title='bbox 368 3489 547 3552; x_wconf 84' lang='lat' dir='ltr'><strong>honorilice</strong></span> <span class='ocrx_word' id='word_1_231' title='bbox 562 3497 729 3574; x_wconf 85' lang='lat' dir='ltr'><strong>exceptus,</strong></span> <span class='ocrx_word' id='word_1_232' title='bbox 755 3486 809 3550; x_wconf 87' lang='lat' dir='ltr'><strong>die</strong></span> <span class='ocrx_word' id='word_1_233' title='bbox 827 3487 885 3551; x_wconf 87' lang='lat'><strong>18⁰</strong></span> <span class='ocrx_word' id='word_1_234' title='bbox 899 3487 1051 3552; x_wconf 87' lang='lat' dir='ltr'><strong>Januarii</strong></span> <span class='ocrx_word' id='word_1_235' title='bbox 1068 3509 1097 3551; x_wconf 89' lang='lat' dir='ltr'><strong>a.</strong></span> <span class='ocrx_word' id='word_1_236' title='bbox 1119 3484 1202 3550; x_wconf 82' lang='lat'>1059</span> <span class='ocrx_word' id='word_1_237' title='bbox 1226 3485 1401 3550; x_wconf 88' lang='lat' dir='ltr'><strong>secundum</strong></span> 
     </span>
     <span class='ocr_line' id='line_1_32' title="bbox 290 3583 1402 3670; baseline -0.003 -21"><span class='ocrx_word' id='word_1_238' title='bbox 290 3607 413 3649; x_wconf 89' lang='lat' dir='ltr'><strong>morem</strong></span> <span class='ocrx_word' id='word_1_239' title='bbox 439 3597 632 3650; x_wconf 87' lang='lat' dir='ltr'><strong>consuetum</strong></span> <span class='ocrx_word' id='word_1_240' title='bbox 658 3587 873 3670; x_wconf 83' lang='lat' dir='ltr'><strong>inauguratus</strong></span> <span class='ocrx_word' id='word_1_241' title='bbox 896 3583 968 3651; x_wconf 82' lang='lat' dir='ltr'><strong>fuit.</strong></span> <span class='ocrx_word' id='word_1_242' title='bbox 999 3584 1101 3648; x_wconf 88' lang='lat' dir='ltr'><strong>Paulo</strong></span> <span class='ocrx_word' id='word_1_243' title='bbox 1123 3592 1196 3668; x_wconf 84' lang='lat' dir='ltr'><strong>post</strong></span> <span class='ocrx_word' id='word_1_244' title='bbox 1207 3583 1402 3648; x_wconf 69' lang='lat' dir='ltr'><strong>Benedictus</strong></span> 
     </span>
     <span class='ocr_line' id='line_1_33' title="bbox 290 3681 1400 3768; baseline 0 -21"><span class='ocrx_word' id='word_1_245' title='bbox 290 3692 434 3747; x_wconf 88' lang='lat' dir='ltr'><strong>erratum</strong></span> <span class='ocrx_word' id='word_1_246' title='bbox 458 3707 554 3748; x_wconf 91' lang='lat' dir='ltr'><strong>suum</strong></span> <span class='ocrx_word' id='word_1_247' title='bbox 579 3685 721 3748; x_wconf 89' lang='lat' dir='ltr'><strong>correxit</strong></span> <span class='ocrx_word' id='word_1_248' title='bbox 752 3703 851 3768; x_wconf 88' lang='lat' dir='ltr'><strong>seque</strong></span> <span class='ocrx_word' id='word_1_249' title='bbox 874 3683 917 3746; x_wconf 88' lang='lat' dir='ltr'><strong>ad</strong></span> <span class='ocrx_word' id='word_1_250' title='bbox 941 3682 1042 3768; x_wconf 88' lang='lat' dir='ltr'><strong>pedes</strong></span> <span class='ocrx_word' id='word_1_251' title='bbox 1066 3681 1238 3746; x_wconf 84' lang='lat' dir='ltr'><strong>Pontificis</strong></span> <span class='ocrx_word' id='word_1_252' title='bbox 1263 3683 1400 3768; x_wconf 83' lang='lat' dir='ltr'><strong>projecit</strong></span> 
     </span>
     <span class='ocr_line' id='line_1_34' title="bbox 290 3778 1400 3868; baseline -0.005 -23"><span class='ocrx_word' id='word_1_253' title='bbox 290 3784 346 3868; x_wconf 89' lang='lat' dir='ltr'><strong>qui</strong></span> <span class='ocrx_word' id='word_1_254' title='bbox 376 3803 452 3846; x_wconf 89' lang='lat' dir='ltr'><strong>eum</strong></span> <span class='ocrx_word' id='word_1_255' title='bbox 477 3781 655 3868; x_wconf 88' lang='lat' dir='ltr'><strong>episcopali</strong></span> <span class='ocrx_word' id='word_1_256' title='bbox 688 3791 721 3844; x_wconf 91' lang='lat' dir='ltr'><strong>et</strong></span> <span class='ocrx_word' id='word_1_257' title='bbox 743 3779 937 3844; x_wconf 85' lang='lat' dir='ltr'><strong>sacerdotali</strong></span> <span class='ocrx_word' id='word_1_258' title='bbox 962 3780 1071 3844; x_wconf 83' lang='lat' dir='ltr'><strong>officio</strong></span> <span class='ocrx_word' id='word_1_259' title='bbox 1095 3778 1264 3864; x_wconf 84' lang='lat' dir='ltr'><strong>privatum</strong></span> <span class='ocrx_word' id='word_1_260' title='bbox 1290 3779 1334 3844; x_wconf 89' lang='lat' dir='ltr'><strong>ad</strong></span> <span class='ocrx_word' id='word_1_261' title='bbox 1355 3778 1400 3842; x_wconf 91' lang='lat' dir='ltr'><strong>lai-</strong></span> 
     </span>
     <span class='ocr_line' id='line_1_35' title="bbox 290 3881 849 3964; baseline 0.002 -21"><span class='ocrx_word' id='word_1_262' title='bbox 290 3901 363 3944; x_wconf 89' lang='lat' dir='ltr'><strong>cam</strong></span> <span class='ocrx_word' id='word_1_263' title='bbox 388 3882 653 3944; x_wconf 89' lang='lat' dir='ltr'><strong>communionem</strong></span> <span class='ocrx_word' id='word_1_264' title='bbox 677 3881 802 3964; x_wconf 90' lang='lat' dir='ltr'><strong>rscepit</strong></span> <span class='ocrx_word' id='word_1_265' title='bbox 814 3881 849 3960; x_wconf 87' lang='lat'><strong>¹).</strong></span> 
     </span>
    </p>
   </div>
   <div class='ocr_carea' id='block_1_6' title="bbox 293 4007 348 4014">
    <p class='ocr_par' dir='ltr' id='par_1_8' title="bbox 293 4007 348 4014">
     <span class='ocr_line' id='line_1_36' title="bbox 293 4007 348 4014; baseline 0 0"><span class='ocrx_word' id='word_1_266' title='bbox 293 4007 343 4014; x_wconf 65' lang='grc' dir='ltr'>-υ-ι-ι-</span> <span class='ocrx_word' id='word_1_267' title='bbox 347 4009 348 4012; x_wconf 69' lang='lat'><strong>.</strong></span> 
     </span>
    </p>
   </div>
   <div class='ocr_carea' id='block_1_7' title="bbox 291 4059 1399 4293">
    <p class='ocr_par' dir='ltr' id='par_1_9' title="bbox 291 4059 1399 4293">
     <span class='ocr_line' id='line_1_37' title="bbox 367 4059 1399 4132; baseline -0.007 -13"><span class='ocrx_word' id='word_1_268' title='bbox 367 4067 386 4132; x_wconf 78' lang='lat'><strong>¹)</strong></span> <span class='ocrx_word' id='word_1_269' title='bbox 404 4067 444 4119; x_wconf 86' lang='lat' dir='ltr'><strong>De</strong></span> <span class='ocrx_word' id='word_1_270' title='bbox 462 4066 609 4121; x_wconf 88' lang='lat' dir='ltr'><strong>Benedicto</strong></span> <span class='ocrx_word' id='word_1_271' title='bbox 628 4065 653 4118; x_wconf 89' lang='lat' dir='ltr'>X</span> <span class='ocrx_word' id='word_1_272' title='bbox 675 4065 730 4128; x_wconf 80' lang='lat' dir='ltr'><strong>alii.</strong></span> <span class='ocrx_word' id='word_1_273' title='bbox 749 4071 782 4117; x_wconf 91' lang='lat' dir='ltr'><strong>ut</strong></span> <span class='ocrx_word' id='word_1_274' title='bbox 805 4081 825 4120; x_wconf 91' lang='lat' dir='ltr'><strong>s.</strong></span> <span class='ocrx_word' id='word_1_275' title='bbox 847 4064 944 4118; x_wconf 75' lang='lat' dir='ltr'><strong>Petrum</strong></span> <span class='ocrx_word' id='word_1_276' title='bbox 964 4063 1097 4127; x_wconf 85' lang='lat' dir='ltr'><strong>Damiani,</strong></span> <span class='ocrx_word' id='word_1_277' title='bbox 1128 4063 1229 4126; x_wconf 82' lang='lat' dir='ltr'><strong>durius,</strong></span> <span class='ocrx_word' id='word_1_278' title='bbox 1248 4061 1297 4115; x_wconf 81' lang='lat' dir='ltr'><strong>alii</strong></span> <span class='ocrx_word' id='word_1_279' title='bbox 1316 4059 1399 4128; x_wconf 81' lang='lat' dir='ltr'><strong>majori</strong></span> 
     </span>
     <span class='ocr_line' id='line_1_38' title="bbox 291 4141 1398 4214; baseline 0 -20"><span class='ocrx_word' id='word_1_280' title='bbox 291 4159 351 4196; x_wconf 92' lang='lat' dir='ltr'><strong>cum</strong></span> <span class='ocrx_word' id='word_1_281' title='bbox 369 4145 541 4214; x_wconf 85' lang='lat' dir='ltr'><strong>induigentia</strong></span> <span class='ocrx_word' id='word_1_282' title='bbox 565 4145 718 4212; x_wconf 89' lang='lat' dir='ltr'><strong>loquuntur,</strong></span> <span class='ocrx_word' id='word_1_283' title='bbox 747 4149 880 4212; x_wconf 86' lang='lat' dir='ltr'><strong>quatenus</strong></span> <span class='ocrx_word' id='word_1_284' title='bbox 899 4143 983 4197; x_wconf 82' lang='lat' dir='ltr'><strong>inerit</strong></span> <span class='ocrx_word' id='word_1_285' title='bbox 1009 4145 1052 4198; x_wconf 82' lang='lat' dir='ltr'><strong>rir</strong></span> <span class='ocrx_word' id='word_1_286' title='bbox 1070 4142 1161 4196; x_wconf 90' lang='lat' dir='ltr'><strong>tenuis</strong></span> <span class='ocrx_word' id='word_1_287' title='bbox 1185 4142 1293 4211; x_wconf 84' lang='lat' dir='ltr'><strong>ingenii</strong></span> <span class='ocrx_word' id='word_1_288' title='bbox 1316 4151 1343 4195; x_wconf 84' lang='lat' dir='ltr'><strong>et</strong></span> <span class='ocrx_word' id='word_1_289' title='bbox 1360 4141 1398 4194; x_wconf 78' lang='lat' dir='ltr'><strong>im</strong></span> 
     </span>
     <span class='ocr_line' id='line_1_39' title="bbox 292 4223 1398 4293; baseline -0.003 -18"><span class='ocrx_word' id='word_1_290' title='bbox 292 4223 408 4288; x_wconf 81' lang='lat' dir='ltr'><strong>prudens</strong></span> <span class='ocrx_word' id='word_1_291' title='bbox 435 4226 525 4293; x_wconf 87' lang='lat' dir='ltr'><strong>potius</strong></span> <span class='ocrx_word' id='word_1_292' title='bbox 550 4241 629 4292; x_wconf 89' lang='lat' dir='ltr'><strong>quam</strong></span> <span class='ocrx_word' id='word_1_293' title='bbox 654 4223 797 4292; x_wconf 85' lang='lat' dir='ltr'><strong>improbus.</strong></span> <span class='ocrx_word' id='word_1_294' title='bbox 835 4223 900 4278; x_wconf 89' lang='lat' dir='ltr'><strong>Fuit</strong></span> <span class='ocrx_word' id='word_1_295' title='bbox 925 4223 982 4291; x_wconf 83' lang='lat' dir='ltr'><strong>ipse</strong></span> <span class='ocrx_word' id='word_1_296' title='bbox 1001 4223 1151 4278; x_wconf 88' lang='lat' dir='ltr'><strong>interillos</strong></span> <span class='ocrx_word' id='word_1_297' title='bbox 1176 4223 1316 4290; x_wconf 81' lang='lat' dir='ltr'><strong>quondam.</strong></span> <span class='ocrx_word' id='word_1_298' title='bbox 1343 4235 1398 4286; x_wconf 64' lang='lat' dir='ltr'><strong>qum</strong></span> 
     </span>
    </p>
   </div>
   <div class='ocr_carea' id='block_1_8' title="bbox 0 0 1483 4832">
    <p class='ocr_par' dir='ltr' id='par_1_10' title="bbox 0 0 1483 4832">
     <span class='ocr_line' id='line_1_40' title="bbox 0 0 1483 4832; baseline 0 0"><span class='ocrx_word' id='word_1_299' title='bbox 0 0 1483 4832; x_wconf 95' lang='lat' dir='ltr'><strong> </strong></span> 
     </span>
    </p>
   </div>
  </div>
 </body>
</html>
