2922 4832
344 486 535 554 elenensis
553 497 586 554 de
604 497 855 554 reordinationibus
1106 497 1157 551 119

134 645 180 710 12.
202 644 320 730 Itaque
344 641 493 707 Marinus
515 641 661 706 advertit
685 643 735 705 1⁰:
769 641 829 725 ,In
852 642 918 706 ritu
942 639 1158 706 ordinationis
1178 649 1318 722 noemae-

61 764 153 806 sserse
184 739 349 828 quaedum
382 760 453 804 esse
485 736 621 804 divinae
654 740 869 804 institutionis
897 747 930 803 et
960 737 1157 818 traditionis,
1211 713 1287 752 m*

60 861 129 926 quse
150 841 240 904 omni
265 838 373 904 ordini
397 858 490 902 saera
512 855 642 922 semper
664 845 698 901 et
720 836 844 923 ubique
868 837 1080 914 conveniunt,
1105 857 1158 900 ve·

59 937 98 1002 lut
117 957 228 1002 manus
252 935 418 1021 impositio
449 942 482 999 et
514 936 616 999 oratio
641 936 856 1015 conveniens,
888 956 973 1021 ques
997 942 1029 998 et
1052 934 1159 1019 Serip-

59 1049 119 1100 ture
146 1055 238 1099 saera
262 1031 358 1097 nobis
380 1030 535 1114 tradidit,
568 1041 601 1096 et
626 1031 796 1097 Eculesiae
823 1033 937 1118 praxis
969 1053 1099 1118 semper
1128 1041 1161 1095 et

59 1133 163 1218 ubique
185 1132 369 1216 usurpavit.
394 1129 570 1211 Quaedam
594 1151 672 1195 vero
688 1127 918 1194 seelenastieae
940 1131 1160 1208 institutionis,

57 1255 122 1315 pane
143 1230 213 1295 lieet
235 1229 355 1293 mutari
371 1239 508 1315 poseant
531 1238 561 1292 et
576 1250 642 1314 pra
656 1239 828 1314 temporam
843 1238 873 1290 et
894 1230 1055 1312 regionam
1077 1230 1160 1292 oani-

58 1339 124 1391 etate
142 1328 236 1392 aliter
259 1336 351 1411 alque
375 1325 469 1390 aliter
493 1325 662 1405 obseruari,
687 1325 770 1388 tanti
793 1335 896 1388 tuanen
918 1336 991 1388 ssent
1016 1325 1163 1389 menanti

57 1425 191 1510 pendia
213 1424 254 1488 ab
268 1423 412 1488 Ecclesia
434 1433 581 1488 resonata
604 1433 661 1486 ant
684 1423 839 1508 abrogato
860 1444 924 1486 non
946 1432 1029 1500 sant,
1057 1434 1093 1487 nt
1115 1445 1161 1486 eo·

56 1545 113 1586 uem
137 1523 263 1587 omissio
295 1520 528 1586 ordinationem
554 1542 619 1584 non
651 1520 740 1584 nwdo
769 1519 886 1584 reddat
916 1521 1110 1584 inhonestam
1133 1531 1163 1585 et
1250 1595 1253 1602 Δ

55 1620 202 1698 illicitam,
235 1619 291 1684 sed
320 1620 416 1683 enam
447 1620 575 1682 irritam
607 1628 637 1681 et
659 1617 798 1695 nnllam,
830 1620 972 1704 amnique
1000 1616 1110 1704 effectu
1133 1629 1162 1681 et

54 1721 146 1803 patio
167 1723 325 1782 eassom.“

133 1835 183 1899 13.
207 1833 384 1897 Praeterea
399 1831 451 1895 2⁰:
478 1829 560 1914 „Illa
583 1839 694 1894 autem
718 1831 830 1894 omnia
854 1830 1026 1916 ejusmodi,
1052 1832 1162 1896 eondi-

54 1933 146 1996 tiones
172 1940 251 1996 sunt
278 1930 452 1993 materiam
481 1929 677 1992 sacramenti
709 1929 757 1992 sie
786 1926 968 1992 afficientes
998 1939 1032 1993 et
1059 1929 1162 1993 deter-

55 2029 206 2094 minantes
241 2038 277 2093 ut
306 2049 418 2092 earum
452 2025 583 2090 defectu
613 2028 750 2089 materia
778 2025 936 2102 reddatur
962 2026 1162 2092 ordinationi

54 2127 172 2212 inepts“
209 2125 280 2214 (vel
314 2124 471 2189 ordinans
509 2123 667 2188 reddatur
699 2122 854 2210 ineptus).
917 2123 1018 2208 „illae
1052 2134 1163 2190 autem

52 2235 110 2288 tam
131 2233 287 2312 speetare
310 2232 449 2309 possunt
481 2221 689 2286 ordinantem
713 2243 813 2308 quam
839 2219 1072 2286 ordinandum.
1101 2223 1162 2286 Ee·

55 2321 144 2386 elesia
166 2324 258 2386 enim
282 2341 355 2385 meo
374 2319 503 2406 judicio
534 2319 663 2404 definire
683 2329 804 2406 potest,
837 2317 948 2406 quibos
977 2320 1163 2385 amminoni-

54 2418 102 2483 lns
123 2419 280 2484 ordinans
309 2420 472 2504 episcopos
496 2418 684 2482 anctoritate
708 2439 768 2482 sesa
790 2419 837 2480 nti
859 2415 986 2496 deleat,
1017 2417 1163 2504 qnibnsve

53 2539 113 2580 usn
135 2519 230 2582 donis
252 2527 282 2579 et
304 2513 452 2602 qnalibns
474 2514 674 2578 ordinandas
696 2535 761 2578 sese
784 2515 948 2578 ordinanti
978 2518 1097 2594 sistere
1130 2529 1164 2581 nt

54 2614 149 2680 aalide
172 2626 204 2680 et
226 2613 397 2700 effisaeiter
420 2613 562 2676 mdinem
585 2611 625 2675 al
649 2634 683 2676 eo
707 2614 876 2698 sorapiat:
901 2614 947 2677 ita
970 2623 1006 2677 ut
1029 2615 1057 2677 si
1081 2613 1164 2677 ordi-

53 2734 126 2777 nans
150 2722 210 2776 aut
225 2709 432 2776 ordinandus
448 2709 674 2774 definitionem
698 2708 785 2774 hane
808 2709 1015 2795 neglexerint
1039 2721 1163 2775 eontra·

52 2831 107 2894 que
130 2811 270 2896 egerint,
295 2807 458 2872 ordinatio
482 2808 524 2870 sit
544 2806 635 2871 nulla
658 2817 691 2870 et
712 2808 814 2888 irrita,
839 2816 946 2894 atque,
971 2817 1008 2872 ut
1029 2810 1165 2872 effoetus

51 2907 256 2991 producatur,
282 2904 443 2970 iteranda.
489 2904 582 2969 Idem
614 2904 655 2969 de
678 2903 741 2969 hou
765 2916 970 2970 sacramento
994 2905 1165 2992 analogice

51 3003 225 3071 dicendum
249 3003 338 3090 quod
363 3003 404 3068 de
420 3003 629 3067 matrimonio
654 3012 687 3068 et
706 3002 919 3089 poenitentis,
945 3025 1084 3090 quorum
1099 3025 1165 3068 ma

51 3105 160 3169 temam
184 3103 339 3168 videmus
362 3100 547 3166 Ecclesiam
571 3122 669 3186 saepe
699 3099 760 3166 sub
784 3103 1053 3168 interminatione
1082 3104 1165 3166 irriti

50 3201 242 3266 sacramenti
265 3199 484 3280 restrinxisse,
509 3197 674 3281 dilatasse,
699 3200 792 3264 vario
806 3207 954 3285 tempore
977 3201 1079 3266 variis
1101 3223 1166 3266 mo-

50 3297 96 3362 dis
118 3298 355 3364 determinasse
367 3299 393 3380 ¹)
411 3345 419 3362 .
436 3347 443 3362 .
460 3347 468 3362 .
486 3345 494 3361 .
517 3295 608 3361 Hine
631 3298 780 3382 sequitur
794 3308 1076 3364 sacramentorum
1100 3321 1166 3363 ma·

116 3477 135 3543 ι)
155 3476 216 3530 Non
235 3475 370 3530 immerito
395 3473 516 3529 advertit
538 3471 667 3542 Phillips,
695 3473 897 3538 Kirohenreeht,
922 3475 953 3528 B.
973 3477 993 3530 Ι.
1015 3476 1039 3546 §.
1060 3476 1102 3541 39,
1127 3475 1166 3530 ni·

50 3556 125 3610 unum
143 3554 233 3610 videri
252 3554 321 3609 hene
340 3553 494 3622 analogiam
506 3553 608 3620 urgeri,
628 3561 660 3606 ut
669 3553 798 3622 eiusmodi
818 3553 906 3609 illatio
925 3554 983 3609 fieri
1001 3555 1095 3622 possit.
1115 3555 1167 3608 Rs·

50 3634 118 3690 tione
138 3635 304 3690 ehmsateris
322 3632 474 3688 indelebilis
498 3633 526 3687 iu
551 3633 721 3688 ordinatione
744 3635 866 3702 proprior
890 3640 932 3690 est
956 3635 1084 3704 analogia
1108 3651 1168 3690 eum

49 3715 185 3784 baptismo,
204 3715 324 3783 sdeoqm
341 3715 385 3769 uti
403 3713 553 3781 baptismus
577 3713 619 3767 its
638 3721 666 3768 et
685 3713 820 3768 ordinatio
839 3715 937 3779 valida
957 3716 980 3769 si
999 3715 1167 3776 conditiones

49 3795 178 3852 divinitus
204 3796 352 3852 institutae
378 3799 531 3850 servantur.
557 3825 590 3834 -
617 3794 716 3848 Morini
742 3795 880 3850 sententis
904 3794 996 3862 potius
1014 3795 1167 3864 analogiam

48 3873 186 3942 qnamdam
211 3875 293 3932 hebet
316 3891 376 3930 eum
399 3889 431 3928 sa
450 3873 575 3942 opinione
593 3889 662 3941 quas
687 3883 792 3939 eeuset.
820 3875 849 3928 in
868 3875 989 3930 Eeclesis
1007 3875 1166 3930 occidentali

49 3955 79 4010 sd
104 3957 225 4012 rslomm
252 3954 415 4011 saasmsnti
442 3953 552 4012 Ordinis
579 3953 755 4009 traditionem
783 3955 1024 4010 instrumentorum
1058 3955 1166 4022 requiri,

48 4035 167 4102 quamvis
185 4035 214 4090 in
234 4034 346 4090 Oriente
362 4049 417 4088 nou
434 4035 473 4089 sit
491 4034 649 4089 ueoemsria.
687 4033 762 4089 Haeo
780 4041 872 4089 autem
891 4035 1038 4101 sententis,
1063 4051 1096 4090 ex
1115 4051 1169 4103 qna

49 4115 99 4170 alis
116 4115 270 4171 martialis
289 4116 405 4170 materia
422 4114 451 4169 in
469 4129 526 4169 uns
542 4121 622 4183 parts
634 4114 779 4180 Eeolesise,
798 4115 854 4170 alie
872 4115 900 4168 in
920 4119 998 4184 purte
1016 4115 1105 4169 altera
1122 4116 1168 4169 ad·

49 4194 117 4250 mitti
136 4195 247 4250 deberet
266 4196 395 4263 quomodo
413 4193 543 4250 sustiueri
561 4195 660 4263 possit,
686 4195 787 4262 optime
806 4193 926 4250 deelarat
944 4193 985 4249 De
1002 4193 1081 4264 Lago
1100 4195 1167 4262 disp.

49 4272 78 4326 ΙΙ.
97 4281 164 4332 sset.
184 4277 208 4331 ὅ.
228 4291 254 4328 n.
274 4275 310 4330 85
328 4291 385 4344 sqq.
406 4275 542 4344 ,Supponi
561 4275 666 4331 scilieet
689 4273 806 4341 deberet,
826 4275 964 4330 Christum
983 4275 1169 4330 institutorem
