3002 4836
490 501 531 556 De
549 501 666 556 Concilio
684 500 823 557 Trullauo.
1198 507 1215 560 9

180 645 210 710 8.
235 645 290 708 Ex
313 643 498 710 canonibus
513 645 584 708 istis
606 645 703 710 facile
727 644 841 724 vides,
865 645 1050 712 Orientales
1074 650 1108 713 in
1131 649 1215 712 occi·

97 741 256 806 ‹lent-elem
271 741 459 806 Ecclesiam
481 741 644 808 tumidam
658 743 838 830 quamdam
862 747 1085 828 arrogantiam
1109 755 1214 812 osten·

97 839 194 920 disse,
218 839 300 904 dum
317 861 432 904 eorum
448 839 657 926 disciplinam
673 840 936 926 reprehendunt,
961 863 1077 906 revera
1100 854 1210 910 sutem
1230 881 1332 925 mmm„
1348 884 1372 926 ί,

96 938 181 1024 apud
204 939 313 1024 ipsos,
338 939 484 1002 maxime
499 938 587 1024 quod
602 938 796 1004 clericorum
812 941 1050 1006 continentiam
1074 952 1211 1026 spectat,
1233 943 1373 988 ⁰⁶0¹⁶⁶¹¹i⁰2

95 1035 284 1120 languorem
307 1045 407 1120 atque
431 1037 600 1122 ignaviam
630 1037 703 1123 jam
726 1037 915 1102 invaluisse.
961 1039 1053 1104 Bene
1077 1039 1211 1106 adrem

96 1133 352 1198 Thomessinns:
379 1133 467 1216 ,Sed
490 1136 537 1200 ite
551 1145 778 1220 comparatum
794 1144 861 1200 est:
886 1138 976 1220 aegri
1002 1134 1143 1202 subinde
1167 1140 1213 1202 in·

95 1231 272 1316 dignantur
304 1240 336 1294 et
359 1232 579 1298 effervescunt
610 1234 742 1314 ineos,
776 1233 833 1319 qui
865 1234 994 1316 integra
1023 1232 1214 1302 valetudine

95 1338 185 1410 sunt3
209 1339 309 1392 etex
332 1329 472 1396 adverso
497 1332 554 1416 qui
579 1331 651 1396 sani
676 1341 771 1412 sunt,
796 1351 834 1394 eo
859 1332 1004 1396 maxime
1028 1333 1116 1396 vires
1139 1355 1214 1398 suas

95 1429 305 1513 vigoremque
338 1437 521 1508 ostentant,
559 1428 649 1514 quod
680 1429 886 1494 infirmorum
926 1429 1150 1514 aegritudines
1182 1442 1214 1498 et

95 1527 306 1610 intemperiae
328 1546 433 1611 aequo
457 1528 567 1592 animo
599 1527 720 1594 ferunt.
767 1527 890 1594 Pacato
913 1537 946 1590 et
969 1526 1147 1594 clementer
1169 1529 1212 1594 fe-

94 1623 206 1688 rebant
240 1623 355 1687 Latini
380 1622 582 1690 Graecorum
613 1624 727 1690 alteris
759 1626 985 1690 ministrorum
1009 1627 1212 1692 incontinen-

94 1723 186 1800 tiam3
211 1719 351 1784 Graecis
375 1721 511 1786 molesta
534 1731 566 1786 et
589 1721 795 1788 intoleranda
818 1721 995 1788 videbatur
1016 1723 1213 1788 Latinorum

93 1821 223 1882 matites
239 1829 273 1881 et
296 1820 457 1884 castitatis
480 1841 560 1884 cura
582 1843 622 1886 ac
637 1819 818 1906 diligentia.
842 1821 999 1905 Magnam
1015 1823 1095 1906 quin
1113 1824 1212 1887 etiam

92 1919 228 2002 gratiam
252 1937 288 1980 se
313 1918 451 1982 inituros
475 1928 724 2003 speraverunta
738 1917 940 2004 presbyteris
963 1919 1211 2003 provinciarum

93 2014 357 2096 barbaricarum,
382 2016 410 2078 si
433 2017 578 2080 sinerent
601 2037 656 2082 eos
671 2017 855 2082 castitatem
880 2014 1006 2096 colere,
1032 2015 1112 2080 dum
1137 2039 1208 2082 con·

88 2113 181 2198 juges
204 2133 284 2176 suas
308 2113 376 2176 suis
408 2111 450 2176 ab
484 2111 619 2178 sedibus
652 2122 869 2178 semoverunt.
918 2112 993 2193 Qua
1017 2115 1152 2198 quidem
1176 2117 1209 2180 iu

91 2231 123 2272 re
149 2209 326 2274 evidenter
355 2209 587 2296 repugnabant
619 2209 803 2276 canonibus
835 2210 1038 2296 apostolicis,
1071 2233 1211 2297 quorum

91 2317 266 2372 sectatores
298 2329 333 2372 se
365 2307 603 2372 vindicabant“
614 2306 649 2394 ¹).
707 2308 843 2372 Dixeris
875 2309 993 2390 etiam,
1027 2308 1212 2376 Orientales

91 2406 123 2468 iu
146 2404 347 2470 celebranda
380 2405 506 2490 synodo
539 2417 571 2470 et
602 2405 784 2472 condendis
816 2405 879 2470 illis
909 2407 1092 2472 canonibus
1116 2407 1212 2472 disci·

91 2501 274 2588 plineribus
307 2503 436 2570 occulta
468 2503 611 2590 quadam
643 2513 748 2570 motos
780 2503 882 2568 fuisse
905 2503 1034 2570 invidia
1058 2505 1093 2568 in
1117 2505 1197 2571 Occi

91 2599 256 2680 dentales,
280 2621 321 2666 ac
344 2604 508 2683 vanitate,
534 2612 586 2682 ut,
620 2601 699 2666 dum
732 2601 905 2668 molestum
935 2603 985 2666 eis
1012 2613 1111 2682 esset,
1142 2614 1209 2668 tam

90 2698 263 2764 manifeste
297 2699 436 2764 latinos
468 2701 550 2785 ipsis
586 2698 815 2784 comprobatos
856 2721 927 2764 esse
958 2700 1142 2784 superiores
1175 2702 1209 2764 in

91 2794 249 2860 doctrinis
273 2796 468 2881 dogmaticis
492 2808 591 2884 atque
615 2799 650 2862 in
675 2795 890 2880 orthodoxia,
915 2796 1030 2864 saltem
1054 2799 1089 2862 in
1112 2797 1210 2862 rebus

90 2893 360 2978 disciplinaribus
400 2905 601 2962 ostentarent
648 2895 826 2980 quamdam
859 2896 1107 2973 autonomiam,
1144 2897 1209 2960 imo

89 3013 166 3076 prae
190 2991 322 3058 Latinis
345 2993 583 3058 excellentiam.

177 3091 206 3154 9.
233 3089 394 3156 Absolute
420 3090 587 3171 Concilio,
612 3091 829 3186 Justiniauus
854 3090 885 3154 ΙΙ
908 3090 1092 3174 Imperator
1115 3111 1209 3156 cauo·
1236 3129 1300 3170 sp„
1318 3128 1359 3170 Μ

88 3207 146 3250 nes
170 3189 206 3263 in
230 3188 444 3256 eo·conditos
474 3190 565 3254 misit
588 3187 634 3254 ad
659 3188 810 3270 Sergium
838 3187 984 3272 Papam,
1017 3197 1053 3252 ut
1076 3209 1131 3252 eos
1154 3209 1208 3272 up·
1261 3201 1329 3232 ⁰¹⁸²·-

86 3283 253 3368 probaret.
299 3287 347 3351 At
368 3285 504 3370 Sergius
527 3305 644 3372 neque
657 3284 811 3371 precibus
834 3306 942 3370 neque
966 3286 1064 3350 minis
1086 3283 1209 3350 adduci

86 3381 191 3446 adid
226 3385 343 3467 potuit.
389 3384 598 3449 Justinianus
631 3385 680 3448 ira
710 3385 854 3470 percitus
877 3382 1072 3448 Zachariam
1104 3391 1210 3468 proto·

85 3479 294 3564 spatharium
318 3503 414 3546 suum
438 3481 577 3546 Romam
601 3479 742 3562 direxit,
767 3490 803 3544 ut
821 3479 1014 3544 Pontificem
1040 3480 1208 3564 captivum

86 3575 267 3642 deduceret
278 3577 607 3664 Constantinopolim.
655 3578 781 3642 Verum
797 3577 914 3642 militia
927 3577 1117 3658 Ravennae,
1128 3577 1209 3642 Peu-

86 3675 226 3760 tapolis,
261 3687 294 3739 et
326 3678 511 3742 vicinarum
546 3678 690 3764 partium
713 3675 852 3740 Romam
883 3675 1043 3754 accurrit,
1069 3685 1105 3738 ut
1127 3675 1209 3738 Pon·

87 3773 211 3838 tilioem
236 3783 351 3840 contra
376 3775 491 3860 iniqua
511 3773 723 3860 Imperatoris
747 3772 901 3838 mandata
926 3767 1126 3840 defenderet.
1150 3771 1209 3836 Po-

89 3869 186 3952 pulus
209 3871 379 3938 Romanus
411 3893 447 3938 se
478 3893 537 3958 pro
570 3869 741 3936 Pontificis
772 3870 964 3936 defensione
990 3869 1207 3934 commilitio

1 4003 2 4008 κ
90 3967 279 4053 conjunxit,
311 3971 357 4033 ita
385 3967 520 4055 quidem
553 3979 589 4032 ut
621 3967 798 4033 Zacharias
828 3965 1109 4052 protospatharius
1133 3987 1207 4030 cum

92 4063 248 4130 dedecore
273 4089 316 4130 ex
340 4066 429 4132 Urbe
460 4067 560 4130 fuerit
591 4067 735 4151 ejectus,
770 4075 803 4128 et
826 4065 989 4128 exercitus
1013 4075 1045 4126 et
1068 4063 1208 4149 populus

93 4207 301 4222 --—-—n—-

167 4281 189 4347 ¹)
207 4277 245 4334 us
263 4277 366 4346 roupi.
384 4277 446 4334 sou
467 4277 497 4332 Ρ.
517 4277 537 4332 1.
557 4277 587 4331 u.
606 4277 641 4330 11.
661 4293 683 4332 ο.
702 4277 746 4332 es.
765 4290 792 4330 n.
812 4277 852 4329 rs.
