2926 4840
351 513 391 568 De
409 527 491 567 cansa
508 513 648 568 Hincmari
666 514 860 570 Lucumonis.
1116 515 1170 570 255

68 653 133 718 dum
162 677 283 720 morem
308 665 550 722 retractaretur.
596 657 740 723 Proinde
774 659 873 722 etiam
898 656 961 721 hac
984 659 1019 722 in
1042 679 1078 722 re
1101 678 1169 723 non

67 753 149 818 cessit
176 757 342 840 episcopis
365 752 511 839 Galliae,
544 757 601 841 qui
634 755 736 820 alium
770 755 905 820 modum
937 757 1101 820 examinis
1133 758 1168 820 in

66 853 220 934 provincia
244 852 440 917 instituendi
464 852 722 938 postulaverant.
770 854 885 918 Vetuit
909 863 1080 939 praeterea
1102 854 1168 919 Ha·

66 947 190 1032 dnonas,
219 971 263 1016 ne
286 973 457 1036 quousque
480 973 581 1016 causa
604 961 689 1018 esset
711 952 805 1017 finita
828 950 913 1016 alius
936 951 1110 1037 episcopus
1134 953 1168 1016 in

66 1045 184 1112 ccclesia
207 1048 426 1113 Laudunensi
460 1049 677 1116 ordinaretur.
724 1049 863 1136 Scripsit
894 1048 1087 1114 Hadrianus
1118 1048 1168 1113 lit-

63 1155 135 1210 teras
155 1156 226 1210 tum
250 1147 294 1212 ad
309 1147 529 1212 Hincmarum
552 1157 623 1212 tum
646 1148 690 1213 ad
707 1146 862 1214 Carolum
878 1146 1019 1212 Calvum
1041 1167 1168 1232 ragem;

64 1242 110 1305 sed
138 1243 340 1310 Hincmaros
372 1267 486 1310 amara
517 1256 627 1310 mente
659 1247 844 1333 respondit,
884 1253 984 1332 atqua
1015 1243 1169 1310 acerbius

63 1343 146 1406 etiam
170 1341 311 1407 Carolus
335 1341 458 1407 Calvus
481 1343 629 1428 epistola,
654 1366 753 1430 quam
769 1345 989 1409 Hincmarum
1006 1342 1168 1407 Ithemon-

63 1461 117 1502 sem
140 1444 364 1526 composuisse
378 1444 591 1507 convenIunt.
631 1440 890 1524 Contenderunt,
915 1462 1049 1506 eausam
1065 1441 1168 1506 Hinc·

63 1539 130 1601 mari
151 1537 388 1604 Laudunensis
410 1540 594 1605 secundum
618 1561 762 1605 canones
784 1549 973 1620 tractatam,
1001 1537 1168 1625 hujusque

62 1634 175 1719 culpam
208 1637 421 1702 manifestam
453 1659 541 1720 esse;
582 1636 719 1703 Carolus
751 1639 785 1703 in
817 1637 935 1702 litteris
967 1639 1035 1702 suis
1067 1639 1167 1700 etiam

62 1745 244 1819 conquestus
274 1744 340 1815 ast,
371 1735 459 1821 quod
482 1737 553 1821 ipse
577 1737 611 1800 in
635 1735 806 1801 Pontificio
836 1734 991 1821 epistola,
1023 1757 1123 1821 quam
1147 1757 1168 1798 a

62 1830 206 1897 malevolo
231 1832 343 1918 aliquo
368 1835 585 1919 compositam
608 1833 714 1918 fingit,
738 1833 836 1919 plane
856 1833 977 1918 injuste
998 1841 1166 1914 tractatur,

61 1949 146 2012 quum
165 1929 435 2016 praedecessores
458 1933 562 2016 ipsius
585 1931 778 1997 aRomanis
796 1930 1015 1995 Pontifichus
1038 1951 1168 2015 semper

59 2027 210 2092 amicitiae
239 2029 336 2113 sIgna
358 2028 528 2115 praeclara
561 2028 805 2115 obtinuerint.¹)
851 2029 1043 2093 Hadrianus
1075 2049 1166 2092 ueco-

59 2126 154 2189 nomia
185 2126 343 2212 prudenti
376 2127 442 2192 alia.
475 2126 614 2212 epistola
644 2148 755 2212 regem
790 2147 997 2211 compescere
1029 2125 1165 2208 studuit,

59 2242 201 2308 mamque
226 2225 262 2288 in
286 2227 395 2310 Ipsum
415 2222 682 2290 benevolentiam
705 2235 842 2289 testatus
860 2222 956 2310 θεῖς’)
979 2223 1074 2290 brevi
1093 2232 1167 2308 post

58 2332 153 2384 autem
176 2321 334 2386 Pontifex
358 2322 450 2387 obiit.

131 2419 184 2484 42.
215 2419 355 2485 Interim
379 2441 442 2486 nec
457 2421 639 2485 Hincmaro
654 2420 872 2486 Laudunensi
895 2421 1067 2507 permissio
1089 2418 1167 2484 data
1202 2427 1304 2474 flium

59 2527 97 2577 est
109 2515 246 2581 Romam
269 2518 512 2604 proficiscendi,
537 2541 599 2583 uec
623 2517 805 2583 adversarii
829 2525 1056 2604 procuratores
1072 2516 1166 2582 mise·
1192 2491 1258 2534 Μ’
1273 2494 1326 2536 ‘⁸²⁸

59 2625 130 2678 runt.
175 2615 248 2679 Imo
274 2613 412 2680 Carolus
441 2639 501 2679 rex
523 2616 744 2680 Hincmarum
775 2615 944 2681 custodiae
975 2614 1165 2696 mandavit3

60 2729 146 2792 quum
169 2733 250 2778 vero
274 2723 385 2798 partes
409 2714 443 2778 in
467 2713 578 2800 aliqua
597 2714 824 2800 conjuratione
840 2715 911 2799 ipse
926 2720 1167 2798 supponeretur

59 2805 214 2894 habuisse,
248 2811 353 2876 oculis
376 2833 506 2898 quoque
538 2812 602 2876 fuit
624 2811 769 2877 orbatus.
815 2810 973 2875 Attamen
1002 2831 1069 2874 non
1093 2809 1165 2873 ausi

59 2919 122 2970 sunt
153 2907 290 2974 Carolus
329 2919 363 2973 et
402 2911 547 2996 episcopi
581 2908 709 2975 Galliae
748 2908 850 2974 alium
885 2907 957 2973 loco
989 2907 1164 2972 Hincmari

60 3003 241 3072 substituere
277 3007 435 3072 ecclesiae
469 3007 703 3073 Laudunensis
737 3009 946 3093 episcopum,
987 3015 1165 3090 antequam

59 3123 191 3170 summus
206 3105 363 3170 Pontifex
386 3107 583 3171 sententiam
603 3105 723 3190 synodi
738 3105 957 3170 Duaiacensis
978 3103 1165 3169 confirmas·

59 3217 106 3264 ses.
148 3202 241 3268 Haec
265 3204 471 3269 confirmatio
495 3204 629 3268 demum
653 3203 788 3268 obtenta
812 3211 862 3266 est
883 3225 903 3266 a
926 3201 1057 3267 Joanne
1080 3199 1165 3264 VIII

59 3320 132 3364 anno
164 3302 247 3384 876,
282 3324 384 3389 quum
413 3301 550 3367 Carolus
582 3323 641 3387 pro
674 3323 796 3366 corona
829 3298 991 3386 imperiali
1024 3299 1164 3362 Romam

60 3399 199 3464 venisset.
249 3401 346 3465 Tunc
383 3399 541 3465 ecclesiae
577 3398 792 3464 Laudunensi
830 3401 1004 3484 episcopus
1040 3394 1164 3460 electus

59 3507 85 3554 st
118 3508 324 3564 consecratus
363 3508 412 3562 est
446 3495 655 3562 Hedenulfus
694 3494 876 3582 presbyter.
929 3494 1042 3576 Quum
1082 3513 1163 3556 vero

59 3613 133 3659 anno
156 3595 218 3662 878
241 3605 476 3682 postmortem
501 3593 610 3659 Caroli
632 3593 727 3658 Calvi
751 3594 898 3659 Joanues
921 3590 1005 3656 VIII
1028 3593 1063 3656 in
1087 3588 1162 3655 Gal-

60 3689 125 3756 liam
148 3697 289 3760 venisset
311 3693 542 3780 synodumque
555 3693 670 3756 Trecis
694 3690 885 3773 celebraret,
909 3690 1047 3754 accessit
1060 3688 1162 3752 Hinc-

60 3809 157 3856 marus
177 3791 407 3858 Laudunensis
430 3801 462 3855 et
485 3790 605 3856 obtulit
627 3789 766 3854 libellam
789 3788 1024 3854 reclamationis
1047 3795 1163 3851 contra

61 3885 262 3955 Hincmarum
292 3890 514 3956 Rhemensem
547 3910 687 3974 suosque
724 3887 941 3951 adversarios.
987 3885 1038 3949 Ea
1070 3905 1162 3949 ocea-

62 3986 139 4049 sIone
155 3988 285 4073 quidem
307 4011 408 4054 causa
423 3987 597 4052 Hincmsri
616 3986 760 4072 junioris
781 3983 871 4048 haud
885 3985 1004 4048 iterum
1020 3983 1053 4046 in
1073 3979 1161 4068 judi·

63 4083 138 4148 cium
161 4099 292 4172 vocata,
326 4109 368 4151 ex
391 4087 497 4172 gratia
521 4094 631 4149 autem
660 4085 690 4147 ei
714 4103 906 4146 concessum
930 4091 995 4163 est,
1026 4088 1063 4144 ut
1085 4080 1162 4144 Mis·

127 4293 193 4363 ¹)V.
211 4293 347 4350 Hincmari
367 4291 434 4360 Opp.
455 4299 475 4347 t.
493 4288 528 4344 II.
547 4303 573 4357 p.
593 4287 653 4342 889,
673 4286 733 4340 701.
798 4283 822 4353 ²)
839 4283 873 4339 V.
891 4281 982 4338 stbe
1001 4283 1078 4338 VIII.
1099 4283 1160 4339 936.
1274 4367 1280 4380 .
