2922 4832
316 499 369 552 170
546 496 606 550 XX.
626 495 666 549 De
684 499 760 548 stetu
778 494 847 549 Eccl-
867 495 954 550 medio
972 511 1040 551 saec.
1060 495 1208 552 undecimo.

314 643 385 730 (qui
408 641 532 706 madito
555 639 618 704 sibi
639 649 840 703 sacramenta
863 639 1023 704 dominica
1046 641 1163 705 mundo
1178 642 1272 706 corde
1293 652 1411 726 castoque

316 763 445 827 corpore
481 747 618 802 tractore
647 736 825 819 debebant)
860 737 1013 802 laicorum
1047 761 1131 803 onore
1165 762 1281 805 tenores
1316 741 1411 814 ducere,

315 849 534 924 susceptosque
557 835 648 920 filios
678 835 829 899 haeredes
861 845 1041 901 testanteato
1066 837 1261 924 relinquere·
1294 837 1414 902 nonnulli

316 939 412 1000 etiarn
434 937 680 1022 Episcoporem,
705 935 894 998 verecundia
918 936 1004 1000 omni
1026 946 1215 1022 eoammpto,
1243 959 1310 1000 cum
1331 937 1413 1000 neori-

316 1034 374 1100 bos
397 1035 487 1098 domo
511 1031 606 1096 simul
629 1033 665 1096 ia
686 1033 943 1112 enatabilem
979 1045 1009 1098 et
1031 1034 1107 1098 boec
1130 1036 1275 1120 pessima
1304 1045 1332 1099 et
1352 1057 1414 1098 aear-

316 1133 439 1197 creada
471 1131 662 1194 consuetodo
692 1131 782 1194 intra
809 1129 923 1194 Urbem
955 1133 1093 1196 sancitae
1118 1131 1324 1218 pullulabat,
1354 1133 1414 1195 enta
1447 1153 1448 1160 ¹

316 1230 392 1294 olim
415 1229 579 1316 reliqioaia
601 1252 713 1293 ttormo
736 1227 776 1293 ob
800 1230 870 1315 ipm
885 1227 1038 1314 Apostolo
1061 1230 1152 1293 Petro
1176 1236 1303 1320 ejusque
1325 1251 1416 1294 tacea-

317 1328 441 1392 aooibua
463 1327 575 1414 ubique
600 1325 844 1413 processerat.¹)
890 1327 1090 1392 Praesertim
1118 1337 1231 1392 autem
1255 1331 1291 1392 in
1313 1329 1416 1411 Longo·
1447 1325 1448 1408 l

247 1459 248 1462 ¹
317 1425 436 1491 bardis
458 1425 532 1490 talis
557 1423 696 1506 abusus,
729 1427 782 1489 cui
807 1424 1105 1510 patrocinabantur
1127 1427 1298 1512 episcopi,
1323 1426 1416 1511 viguit
1447 1473 1448 1504 2

317 1524 395 1589 lam
418 1523 579 1606 vidimus,
605 1522 796 1588 Gnidonem
820 1523 1104 1588 Mediolanensem
1128 1523 1307 1588 connubiis
1337 1545 1417 1588 sacer·
1447 1513 1448 1582 l

143 1619 241 1664 ΜΝ·
257 1621 301 1662 ¹⁰·
319 1622 433 1686 dotum
444 1622 608 1703 lavisse.¹)
623 1621 704 1685 Pars
717 1631 828 1686 tamen
839 1621 917 1686 cleri
924 1620 1182 1686 Mediolanensie
1195 1635 1285 1687 caste
1295 1621 1417 1686 vivebat.
1447 1607 1448 1666 l

152 1690 293 1734 mmm
316 1730 417 1806 etque
433 1719 528 1784 multi
553 1719 666 1784 fideles
684 1717 1024 1804 aegreferebantillos
1048 1719 1182 1784 abusus.
1206 1719 1418 1784 Interclericos

316 1816 485 1883 eminebat
508 1817 686 1883 Anselmus
710 1817 880 1898 diaconus,
906 1818 962 1902 qui
986 1839 1016 1882 a.
1040 1817 1127 1882 1054
1141 1829 1273 1882 creatus
1296 1833 1342 1883 est
1356 1821 1419 1902 epis·
1447 1819 1448 1886 ζ

316 1939 419 2002 copus
442 1917 618 1997 Lucensis,
649 1939 689 1980 ac
712 1925 786 2002 post
809 1916 869 1980 sub
895 1917 1029 1980 nomine
1053 1915 1239 1980 Alexandri
1263 1916 1298 1980 Π
1321 1917 1418 1982 Seden

364 2102 514 2109 ..ᾳ-’,η-

392 2200 410 2262 ¹)
431 2199 470 2254 De
488 2198 579 2256 mirac.
599 2217 619 2255 s.
638 2199 779 2255 Benedicti
804 2199 868 2256 dial.
887 2201 917 2254 L.
942 2201 994 2255 ΙΙΙ.
1015 2201 1076 2256 init.
1097 2201 1227 2269 -Quod
1252 2202 1285 2257 de
1305 2201 1371 2257 Urbe
1392 2201 1421 2254 di·

315 2279 361 2345 eit,
380 2295 433 2334 non
454 2280 563 2336 videtur
581 2281 615 2335 ad
634 2281 754 2335 litteram
774 2281 971 2336 admittendum
990 2297 1055 2346 esse,
1074 2281 1127 2336 nisi
1146 2285 1249 2351 agatur
1267 2283 1300 2338 de
1318 2291 1419 2350 tempere

314 2374 367 2426 quo
386 2359 548 2414 Benedictus
567 2360 608 2414 IX
627 2361 651 2416 S.
671 2359 766 2415 Sedem
784 2362 884 2418 tenuit.

388 2483 411 2554 ²)
439 2486 611 2542 Heribertum
636 2487 877 2556 archiepiscopum,
902 2486 1032 2542 (luidonis
1056 2487 1302 2555 praedecessorem,
1329 2501 1420 2542 monn

314 2565 430 2630 duxisse,
449 2566 567 2621 refertur
585 2569 613 2622 in
624 2568 754 2622 Chronico
773 2567 955 2636 manuscripto
970 2569 1035 2622 Flos
1044 2571 1142 2636 storum
1154 2567 1308 2624 Gualvsnei
1333 2567 1376 2636 qui
1392 2566 1421 2618 ti·

316 2648 358 2702 xit
377 2649 484 2702 saeculo
502 2649 602 2702 decimo
622 2655 725 2715 quarto.
748 2647 817 2716 „Hic
836 2648 1051 2716 archiepiscopus
1069 2646 1166 2702 habuit
1185 2649 1313 2704 Uxeriam
1326 2648 1423 2702 nobilem

315 2728 455 2783 mulierem
477 2743 600 2782 uxorem:
632 2744 701 2795 quae
725 2729 839 2783 donavit
866 2729 955 2783 dotem
980 2744 1057 2783 suam
1082 2729 1246 2783 monasterio
1271 2747 1292 2784 s.
1317 2725 1422 2794 Dionysii

315 2825 385 2876 qnae
401 2826 484 2878 usque
501 2809 578 2864 hodic
594 2807 695 2864 Uxeria
713 2809 838 2864 dicitur.“
868 2809 901 2865 V.
911 2808 1041 2864 Punicelli
1059 2809 1087 2864 in
1104 2808 1319 2865 Dissertatione:
1343 2809 1422 2864 Utnet

316 2907 337 2948 e.
365 2892 524 2946 Atnbrosioe
552 2889 627 2944 (llere
657 2908 706 2944 soe
733 2890 936 2944 Mediolomnei
958 2891 1126 2958 persalse-rit,
1155 2897 1187 2943 ot
1216 2892 1317 2960 uirgini
1343 2888 1423 2942 aalma

316 2973 394 3024 armet
419 2975 526 3038 posset:
557 2989 600 3040 ap.
624 2969 756 3026 Muratori
783 2971 880 3039 Script.
909 2985 961 3026 rer.
985 2970 1049 3026 ital.
1072 2971 1120 3024 IV.
1148 2987 1173 3038 p.
1202 2974 1263 3026 me.
1290 3002 1321 3010 —
1342 2968 1423 3023 Merite

316 3055 409 3104 temen
428 3051 549 3106 advertit
568 3052 704 3116 Puricelli,
729 3050 885 3104 nullatenus
904 3050 1051 3105 verisimile
1069 3049 1163 3115 videri,
1184 3051 1357 3106 Heribertum
1375 3064 1424 3100 um·

317 3147 374 3186 rem
392 3131 527 3186 habuisse.
563 3133 713 3200 Scriptores
732 3130 860 3185 videlicet
878 3131 1090 3186 Mediolanenses
1109 3130 1184 3185 illius
1202 3133 1332 3200 temporis
1344 3125 1424 3183 Amul·

316 3213 384 3281 phua
404 3219 432 3267 et
451 3212 605 3281 Lndolphus
623 3211 720 3276 senior,
740 3211 785 3278 qui
804 3211 943 3266 Heriberti
962 3217 1042 3281 gesta
1059 3211 1146 3264 fusius
1166 3217 1305 3276 enarrant„
1325 3209 1386 3266 nihil
1401 3222 1425 3259 a

315 3295 350 3349 de
368 3310 397 3348 re
415 3293 523 3347 habent.
562 3293 649 3359 Quum
674 3299 765 3346 tamen
785 3291 837 3359 ipsi
861 3308 909 3360 pro
928 3292 1050 3346 liceitate
1068 3292 1261 3347 connubiorum
1287 3293 1350 3348 cleri
1372 3289 1424 3342 scri·

317 3381 361 3430 ter
379 3375 559 3438 decertarent,
579 3372 725 3434 Heriberti.
745 3371 886 3428 clarissimi
911 3373 1051 3440 praesulis,
1070 3374 1221 3440 exemplum
1239 3389 1288 3440 pro
1306 3369 1424 3428 metentis

315 3471 367 3510 sua
392 3455 473 3508 facile
492 3454 658 3508 attulissent.
695 3453 789 3520 Neque
811 3469 832 3506 s.
853 3451 988 3518 Arialdus,
1017 3452 1173 3506 clericorum
1195 3462 1370 3508 uxoratorum
1391 3449 1424 3501 el·

316 3535 462 3599 iversarius,
482 3535 593 3602 ejusque
617 3533 737 3588 lautores
765 3548 883 3600 unquam
909 3533 942 3587 de
971 3533 1151 3588 matrimoniis
1179 3533 1424 3600 archiepiscoporum

316 3615 464 3671 Mediolani
483 3615 622 3682 conquesti
640 3619 712 3668 sunt.
753 3614 892 3681 „Denique
912 3629 976 3668 vcro
995 3613 1115 3667 dicamus
1134 3613 1226 3678 etiarn,
1245 3613 1287 3666 ita
1306 3609 1424 3666 Pnricelli.

316 3697 351 3752 de
370 3695 453 3750 sacris
472 3696 599 3750 ecelesiae
611 3694 820 3750 Mediolanensis
839 3694 978 3759 ministris,
999 3694 1046 3762 qui
1060 3707 1108 3762 per
1124 3693 1192 3747 haec
1210 3699 1336 3762 tempora
1346 3702 1424 3746 more

316 3776 462 3840 habereut,
490 3792 544 3830 non
568 3775 649 3830 aliter
672 3776 831 3829 censendum
858 3773 960 3840 videri,
991 3790 1072 3842 quem
1094 3773 1240 3827 seeundum
1265 3789 1313 3827 eas
1335 3769 1424 3839 genuit

317 3856 397 3926 hujus
416 3855 501 3925 leges,
529 3871 598 3923 qnae
616 3873 666 3923 per
683 3855 777 3910 eadem
794 3855 899 3924 pariter
917 3860 1040 3922 tempora
1058 3853 1088 3908 in
1104 3869 1156 3908 usn
1175 3855 1353 3908 communiter
1369 3847 1423 3918 spui

316 3937 434 3992 Graecos
454 3941 552 4002 essent,
569 3937 640 4004 apud
659 3951 724 4003 quos
744 3942 834 3990 tamen
853 3935 988 3990 sancitum
1007 3941 1073 4006 ¹erat
1091 3939 1120 3990 et
1138 3933 1336 3988 inviolabiliter
1352 3945 1424 3986 sarrs·

315 4017 411 4082 batur,
442 4023 474 4070 ut
493 4016 609 4086 episcopi
632 4032 685 4070 nen
704 4015 836 4070 heberent
854 4031 965 4081 uxores,
993 4015 1089 4083 quibus
1114 4014 1210 4082 utique
1228 4013 1423 4068 cohabitarent·

316 4095 350 4154 L.
370 4113 391 4151 c
410 4113 436 4165 p.
458 4097 509 4152 135
527 4111 583 4164 sqq.
