2904 4834
313 491 366 546 398
628 491 716 551 XVII.
754 491 794 546 De
812 491 956 546 schismate
975 490 1116 546 Photiano.

309 635 380 721 jam
412 644 523 716 erant,
561 645 594 698 et
628 634 691 699 hac
722 638 849 700 ratione
885 656 1025 700 examen
1057 635 1192 722 aliquod
1227 657 1339 700 musae
1367 659 1417 722 per

315 755 444 796 summa
469 734 578 818 capita
602 734 728 797 institui
751 743 889 819 poterat.

141 833 215 877 Plaffi
233 833 303 906 Μ·
405 831 457 895 89.
484 830 658 895 Caeterum
672 830 812 895 Photius
830 829 973 916 superba
988 829 1209 896 obstinatione
1229 831 1417 918 adaequas
1444 821 1445 840 ¹

193 898 260 938 '⁵⁸¹⁰'
315 936 429 992 contra
452 929 561 1014 ipsum
585 927 835 1014 proferebantur
865 939 1005 1015 atquae
1028 930 1071 994 ab
1095 931 1166 1015 ipso
1191 930 1418 1016 quaerebantur
1444 957 1445 1016 3

313 1025 512 1111 respondere
536 1027 712 1108 recusavit,
736 1048 777 1090 ac
799 1047 974 1111 personam
998 1027 1182 1113 suscipiens
1202 1028 1266 1092 viri
1285 1029 1361 1112 justi
1383 1025 1418 1090 ah

315 1123 437 1209 iniquis
454 1125 610 1207 oppressi,
635 1124 736 1209 impie
752 1121 922 1188 Christum
939 1123 1122 1189 Dominum
1142 1145 1252 1190 coram
1262 1124 1419 1211 jndicibus
1444 1115 1445 1160 ἕ

314 1222 436 1284 imitari
460 1222 639 1285 affectavit.
676 1221 834 1307 Episcopi
859 1222 1004 1307 quidem,
1030 1224 1086 1308 qui
1110 1244 1131 1286 a
1146 1222 1316 1288 Methodio
1337 1221 1419 1308 Igna-

313 1319 403 1383 tiove
436 1319 578 1382 ordinati
612 1318 686 1383 dein
712 1318 829 1384 Photio
854 1318 1089 1400 adhaeserant,
1123 1342 1245 1406 magna
1277 1335 1420 1405 exparte

313 1417 537 1502 resipuerunt,
569 1427 602 1480 et
628 1417 749 1502 rejecto
774 1416 908 1500 Photio,
938 1417 1069 1502 ignatio
1095 1418 1205 1502 juncti
1235 1427 1322 1482 sunt.
1366 1416 1420 1482 Sed

314 1514 481 1600 praesules
513 1513 560 1579 illi
593 1513 728 1599 plurimi
761 1538 781 1579 a
804 1514 922 1579 Photio
956 1517 1027 1602 ipso
1051 1515 1211 1596 ordinati,
1246 1518 1303 1601 qui
1333 1516 1420 1579 amici

315 1613 386 1698 ejus
411 1611 631 1697 discipulique
656 1622 758 1694 erant,
784 1615 948 1677 constanti
972 1614 1187 1698 perversitate
1201 1612 1313 1678 Photii
1327 1625 1423 1698 partes

314 1711 390 1773 tuiti
414 1719 499 1774 sunt.
546 1708 586 1772 Id
619 1711 741 1794 partim
774 1710 851 1775 inde
875 1712 1043 1796 provenit,
1077 1711 1166 1796 quod
1198 1733 1315 1776 revera
1337 1711 1422 1775 homo

316 1805 369 1870 ille
393 1806 520 1871 artibus
544 1808 611 1870 suis
635 1828 690 1871 eos
714 1807 852 1871 firmiter
874 1807 938 1872 sibi
955 1808 1160 1890 devinxerat,
1186 1811 1306 1894 partim
1328 1831 1369 1872 ex
1383 1831 1422 1872 eo.

315 1904 404 1991 quod
428 1906 556 1968 etiamsi
580 1904 747 1988 lgnatium
772 1906 999 1989 agnovissent,
1024 1915 1136 1970 tamen
1160 1927 1299 1970 munera
1322 1929 1377 1970 sira
1399 1925 1423 1968 cr

315 2003 512 2086 dignitatem
535 2004 731 2067 amisissent.
770 2001 869 2067 Unde
885 2005 948 2067 viri
974 2003 1129 2089 superbia
1145 2003 1252 2068 infiati
1276 2027 1316 2068 ac
1331 2001 1423 2068 solida

315 2102 438 2164 virtute
471 2111 619 2164 carentes
652 2101 756 2164 satius
788 2099 951 2182 habuere,
988 2103 1144 2166 affectare
1176 2100 1368 2166 fidelitatem
1398 2103 1424 2164 in

314 2198 675 2284 pseudo-patriarcham
708 2197 880 2284 Photium,
924 2209 956 2262 et
987 2199 1115 2264 firmam
1149 2201 1368 2264 constantiam
1398 2201 1423 2262 in

315 2295 457 2361 conficta
481 2319 560 2361 suae
584 2317 702 2360 causae
720 2297 869 2380 justitia,
895 2319 994 2382 quam
1019 2296 1135 2362 cedere
1157 2297 1328 2378 Pontifici,
1354 2298 1425 2361 (lon-

316 2393 408 2476 cilio,
440 2405 472 2458 et
496 2395 710 2480 Imperatori,
742 2415 876 2480 seseque
900 2415 971 2458 reos
1001 2394 1096 2458 fateri
1126 2417 1166 2458 ac
1199 2397 1423 2480 poenitentiam

316 2494 493 2577 suscipere.
1119 2479 1122 2487 ¹

406 2591 459 2654 90.
484 2589 606 2671 Restat,
632 2599 668 2653 ut
691 2590 854 2680 quaedam
876 2589 1026 2654 dicamus
1050 2589 1091 2654 de
1111 2589 1238 2654 theoria
1252 2591 1426 2676 periculosa

314 2687 518 2774 pentarchias
543 2689 689 2773 quinque
712 2687 996 2772 patriarchatuum
1020 2689 1054 2751 in
1078 2687 1245 2770 Ecclesia,
1273 2711 1360 2775 quae
1382 2688 1426 2752 do-

314 2788 420 2850 ctrina
443 2787 567 2871 passim
592 2789 625 2850 in
650 2786 714 2850 hac
729 2786 864 2871 Synodo
889 2785 1054 2850 celebrata
1077 2795 1142 2868 est3
1167 2796 1265 2871 atque
1282 2787 1324 2852 de
1341 2787 1426 2851 modo

314 2905 378 2970 quo
403 2893 476 2968 post
490 2881 678 2949 Concilium
701 2886 858 2970 capotium
871 2882 1045 2969 Bnlport'cc
1069 2884 1281 2948 terminatum
1304 2884 1378 2948 init.
1391 2919 1427 2930 -

315 2981 428 3062 Quum
458 2981 536 3046 inde
567 3005 586 3046 a
617 2992 734 3068 quarto
773 2983 932 3068 quintove
963 2980 1094 3046 saeculo
1124 2981 1271 3067 quinque
1301 2983 1427 3068 patriar-

313 3078 511 3144 triarchatus
547 3079 587 3143 de
621 3080 709 3144 facto
745 3081 780 3145 in
815 3078 965 3143 Ecclesia
1003 3080 1199 3160 existerent,
1239 3079 1425 3147 Orientales.

314 3178 468 3263 quamvis
498 3179 614 3262 primis
637 3178 777 3243 saeculis
812 3187 939 3242 tantum
964 3187 1030 3242 tres
1053 3175 1296 3263 patriarchatus
1327 3200 1425 3242 recen·

314 3283 480 3357 serentur,
516 3274 732 3340 nihilominus
767 3297 887 3359 magno
920 3297 996 3339 cum
1028 3275 1144 3340 ardore
1175 3273 1363 3340 doctrinam
1393 3275 1426 3338 de

315 3374 534 3457 congruitate,
566 3375 776 3455 necessitate,
814 3375 879 3437 imo
905 3372 1021 3437 divina
1044 3372 1249 3436 ordinatione
1273 3373 1425 3458 ejusmodi

313 3469 527 3556 pentarchias
544 3470 683 3535 decursu
707 3473 863 3556 temporis
880 3468 1084 3536 evolverunt.
1122 3470 1224 3535 Hisce
1239 3471 1425 3556 patriarchis

314 3591 501 3654 supremam
537 3569 729 3634 tribuebant
758 3569 929 3634 Ecclesiae
962 3567 1237 3654 gubernationem
1272 3571 1307 3634 in
1340 3569 1425 3634 aba

313 3667 392 3732 fidei
416 3679 449 3731 et
471 3667 678 3752 disciplinae.
714 3668 843 3732 Passim
868 3667 1018 3752 quidem,
1051 3667 1130 3732 dum
1155 3666 1296 3732 multum
1322 3667 1424 3732 evehe-

313 3764 396 3829 bant
428 3764 514 3829 hano
551 3765 796 3851 pentarchiam,
830 3763 927 3829 simul
967 3763 1191 3847 agnoscebant
1219 3776 1253 3828 et
1290 3765 1424 3830 vindica·

313 3862 396 3926 bant
418 3864 596 3947 primatum
621 3871 653 3927 et
675 3864 903 3927 auctoritatem
920 3883 1083 3926 summam
1098 3862 1237 3926 Romani
1252 3864 1424 3928 Pontificia

314 3962 365 4025 uti
379 3960 573 4026 Theodorus
590 3961 731 4043 Studita,
756 3963 811 4047 qui
836 3963 871 4025 iu
896 3962 1141 4046 oppugnatione
1154 3959 1422 4026 Iconoclastarum

315 4061 446 4143 egregie
462 4057 672 4144 Apostolicae
689 4057 784 4124 Sedis
809 4060 987 4144 primatum
1011 4061 1114 4122 tuitus
1129 4069 1187 4139 est,
1212 4057 1311 4122 simul
1326 4071 1422 4122 tamon

317 4155 457 4220 multum
481 4155 653 4222 insistebat
676 4157 837 4241 eiusmodi
861 4154 1089 4242 pentarchias,
1115 4165 1152 4219 ut
1174 4165 1317 4241 quatuor
1340 4157 1422 4241 patri·

315 4253 491 4318 archarum
516 4257 773 4319 consentientem
799 4255 982 4318 doctrinam
1008 4264 1122 4318 contra
1142 4253 1424 4340 patriarchashar·
