<?xml version="1.0" encoding="UTF-8"?>
<!DOCTYPE html PUBLIC "-//W3C//DTD XHTML 1.0 Transitional//EN"
    "http://www.w3.org/TR/xhtml1/DTD/xhtml1-transitional.dtd">
<html xmlns="http://www.w3.org/1999/xhtml" xml:lang="en" lang="en">
 <head>
  <title>
</title>
<meta http-equiv="Content-Type" content="text/html;charset=utf-8" />
  <meta name='ocr-system' content='tesseract 3.04.00' />
  <meta name='ocr-capabilities' content='ocr_page ocr_carea ocr_par ocr_line ocrx_word'/>
</head>
<body>
  <div class='ocr_page' id='page_1' title='image "./dissertationess01junggoog_0081.png"; bbox 0 0 3002 4836; ppageno 0'>
   <div class='ocr_carea' id='block_1_1' title="bbox 284 480 1051 536">
    <p class='ocr_par' dir='ltr' id='par_1_1' title="bbox 284 480 1051 536">
     <span class='ocr_line' id='line_1_1' title="bbox 284 480 1051 536; baseline 0.008 -6"><span class='ocrx_word' id='word_1_1' title='bbox 284 480 319 531; x_wconf 83' lang='lat'>70</span> <span class='ocrx_word' id='word_1_2' title='bbox 634 480 675 534; x_wconf 86' lang='lat' dir='ltr'>De</span> <span class='ocrx_word' id='word_1_3' title='bbox 692 480 797 536; x_wconf 82' lang='lat' dir='ltr'>haeresi</span> <span class='ocrx_word' id='word_1_4' title='bbox 816 481 1051 536; x_wconf 83' lang='lat' dir='ltr'>Iconoolsstsrum</span> 
     </span>
    </p>
   </div>
   <div class='ocr_carea' id='block_1_2' title="bbox 140 621 1478 3744">
    <p class='ocr_par' dir='ltr' id='par_1_2' title="bbox 140 621 1413 2274">
     <span class='ocr_line' id='line_1_2' title="bbox 284 621 1404 705; baseline 0.002 -19"><span class='ocrx_word' id='word_1_5' title='bbox 284 621 428 705; x_wconf 90' lang='lat' dir='ltr'>babent,</span> <span class='ocrx_word' id='word_1_6' title='bbox 452 631 484 688; x_wconf 88' lang='lat' dir='ltr'>et</span> <span class='ocrx_word' id='word_1_7' title='bbox 508 625 713 688; x_wconf 78' lang='lat' dir='ltr'>existimasse</span> <span class='ocrx_word' id='word_1_8' title='bbox 737 623 869 688; x_wconf 87' lang='lat' dir='ltr'>eosdem</span> <span class='ocrx_word' id='word_1_9' title='bbox 883 623 1038 688; x_wconf 81' lang='lat' dir='ltr'>Pontifici</span> <span class='ocrx_word' id='word_1_10' title='bbox 1061 623 1163 688; x_wconf 87' lang='lat' dir='ltr'>fuisse</span> <span class='ocrx_word' id='word_1_11' title='bbox 1186 627 1404 690; x_wconf 79' lang='lat' dir='ltr'>transmissos.</span> 
     </span>
     <span class='ocr_line' id='line_1_3' title="bbox 286 719 1409 808; baseline 0.004 -24"><span class='ocrx_word' id='word_1_12' title='bbox 286 719 325 784; x_wconf 94' lang='lat' dir='ltr'>Id</span> <span class='ocrx_word' id='word_1_13' title='bbox 349 731 459 786; x_wconf 87' lang='lat' dir='ltr'>tamen</span> <span class='ocrx_word' id='word_1_14' title='bbox 484 722 599 808; x_wconf 84' lang='lat' dir='ltr'>nequit</span> <span class='ocrx_word' id='word_1_15' title='bbox 626 721 756 787; x_wconf 81' lang='lat' dir='ltr'><strong>admitti</strong></span> <span class='ocrx_word' id='word_1_16' title='bbox 784 720 827 786; x_wconf 90' lang='lat' dir='ltr'>ob</span> <span class='ocrx_word' id='word_1_17' title='bbox 852 721 1078 786; x_wconf 78' lang='lat' dir='ltr'>diversitatem</span> <span class='ocrx_word' id='word_1_18' title='bbox 1103 733 1409 804; x_wconf 68' lang='lat' dir='ltr'>commemoratam</span> 
     </span>
     <span class='ocr_line' id='line_1_4' title="bbox 287 817 1408 906; baseline 0.001 -22"><span class='ocrx_word' id='word_1_19' title='bbox 287 841 372 904; x_wconf 86' lang='lat' dir='ltr'>quae</span> <span class='ocrx_word' id='word_1_20' title='bbox 395 819 505 906; x_wconf 88' lang='lat' dir='ltr'>quoad</span> <span class='ocrx_word' id='word_1_21' title='bbox 520 819 669 884; x_wconf 83' lang='lat' dir='ltr'>ordinem</span> <span class='ocrx_word' id='word_1_22' title='bbox 685 817 914 906; x_wconf 82' lang='lat' dir='ltr'>Capitulomm</span> <span class='ocrx_word' id='word_1_23' title='bbox 930 830 963 884; x_wconf 88' lang='lat' dir='ltr'>et</span> <span class='ocrx_word' id='word_1_24' title='bbox 985 819 1096 902; x_wconf 87' lang='lat' dir='ltr'>verba,</span> <span class='ocrx_word' id='word_1_25' title='bbox 1122 821 1157 886; x_wconf 89' lang='lat' dir='ltr'>in</span> <span class='ocrx_word' id='word_1_26' title='bbox 1183 819 1337 906; x_wconf 88' lang='lat' dir='ltr'>capitulis</span> <span class='ocrx_word' id='word_1_27' title='bbox 1360 821 1408 885; x_wconf 87' lang='lat' dir='ltr'>ab</span> 
     </span>
     <span class='ocr_line' id='line_1_5' title="bbox 288 915 1409 983; baseline 0.001 -2"><span class='ocrx_word' id='word_1_28' title='bbox 288 915 459 982; x_wconf 90' lang='lat' dir='ltr'>Hadriano</span> <span class='ocrx_word' id='word_1_29' title='bbox 483 919 592 982; x_wconf 82' lang='lat' dir='ltr'>citatis</span> <span class='ocrx_word' id='word_1_30' title='bbox 622 927 655 982; x_wconf 88' lang='lat' dir='ltr'>et</span> <span class='ocrx_word' id='word_1_31' title='bbox 686 918 721 982; x_wconf 90' lang='lat' dir='ltr'>in</span> <span class='ocrx_word' id='word_1_32' title='bbox 753 916 848 983; x_wconf 84' lang='lat' dir='ltr'>libris</span> <span class='ocrx_word' id='word_1_33' title='bbox 872 915 1035 983; x_wconf 84' lang='lat' dir='ltr'>Carolinis</span> <span class='ocrx_word' id='word_1_34' title='bbox 1067 919 1115 982; x_wconf 90' lang='lat' dir='ltr'>uti</span> <span class='ocrx_word' id='word_1_35' title='bbox 1139 938 1230 982; x_wconf 87' lang='lat' dir='ltr'>nuno</span> <span class='ocrx_word' id='word_1_36' title='bbox 1253 929 1409 983; x_wconf 87' lang='lat' dir='ltr'>constant</span> 
     </span>
     <span class='ocr_line' id='line_1_6' title="bbox 287 1016 464 1082; baseline 0.017 -4"><span class='ocrx_word' id='word_1_37' title='bbox 287 1016 464 1082; x_wconf 83' lang='lat' dir='ltr'>invenitur.</span> 
     </span>
     <span class='ocr_line' id='line_1_7' title="bbox 141 1111 1412 1197; baseline 0 -21"><span class='ocrx_word' id='word_1_38' title='bbox 141 1123 264 1165; x_wconf 63' lang='lat' dir='ltr'>cumb·</span> <span class='ocrx_word' id='word_1_39' title='bbox 376 1113 429 1179; x_wconf 81' lang='lat'>81.</span> <span class='ocrx_word' id='word_1_40' title='bbox 453 1113 577 1178; x_wconf 83' lang='lat' dir='ltr'>Iterum</span> <span class='ocrx_word' id='word_1_41' title='bbox 609 1113 644 1176; x_wconf 93' lang='lat' dir='ltr'>in</span> <span class='ocrx_word' id='word_1_42' title='bbox 668 1111 779 1178; x_wconf 85' lang='lat' dir='ltr'>Gallia</span> <span class='ocrx_word' id='word_1_43' title='bbox 810 1113 852 1177; x_wconf 89' lang='lat' dir='ltr'>de</span> <span class='ocrx_word' id='word_1_44' title='bbox 885 1112 975 1178; x_wconf 89' lang='lat' dir='ltr'>cultu</span> <span class='ocrx_word' id='word_1_45' title='bbox 1005 1113 1189 1197; x_wconf 79' lang='lat' dir='ltr'>imaginum</span> <span class='ocrx_word' id='word_1_46' title='bbox 1220 1123 1333 1178; x_wconf 90' lang='lat' dir='ltr'>sctum</span> <span class='ocrx_word' id='word_1_47' title='bbox 1358 1126 1412 1177; x_wconf 85' lang='lat' dir='ltr'>est.</span> 
     </span>
     <span class='ocr_line' id='line_1_8' title="bbox 140 1181 1411 1276; baseline 0 -2"><span class='ocrx_word' id='word_1_48' title='bbox 140 1181 274 1226; x_wconf 52' lang='lat' dir='ltr'>“mm&#39;&#39;</span> <span class='ocrx_word' id='word_1_49' title='bbox 288 1212 322 1274; x_wconf 92' lang='lat' dir='ltr'>in</span> <span class='ocrx_word' id='word_1_50' title='bbox 350 1208 508 1276; x_wconf 76' lang='lat' dir='ltr'>Conventa</span> <span class='ocrx_word' id='word_1_51' title='bbox 530 1211 708 1275; x_wconf 77' lang='lat' dir='ltr'>Parisicass&#39;</span> <span class='ocrx_word' id='word_1_52' title='bbox 731 1209 792 1274; x_wconf 85' lang='lat' dir='ltr'>sub</span> <span class='ocrx_word' id='word_1_53' title='bbox 816 1210 991 1275; x_wconf 83' lang='lat' dir='ltr'>Ludovico</span> <span class='ocrx_word' id='word_1_54' title='bbox 1015 1211 1073 1274; x_wconf 92' lang='lat' dir='ltr'>Pio</span> <span class='ocrx_word' id='word_1_55' title='bbox 1098 1232 1128 1274; x_wconf 89' lang='lat' dir='ltr'>a.</span> <span class='ocrx_word' id='word_1_56' title='bbox 1152 1211 1228 1276; x_wconf 77' lang='lat'><strong>825.</strong></span> <span class='ocrx_word' id='word_1_57' title='bbox 1251 1209 1312 1275; x_wconf 92' lang='lat' dir='ltr'>Illo</span> <span class='ocrx_word' id='word_1_58' title='bbox 1327 1221 1411 1275; x_wconf 85' lang='lat' dir='ltr'>tem·</span> 
     </span>
     <span class='ocr_line' id='line_1_9' title="bbox 287 1307 1407 1394; baseline -0.001 -21"><span class='ocrx_word' id='word_1_59' title='bbox 287 1331 365 1394; x_wconf 91' lang='lat' dir='ltr'>pore</span> <span class='ocrx_word' id='word_1_60' title='bbox 390 1308 545 1374; x_wconf 85' lang='lat' dir='ltr'>videlicet</span> <span class='ocrx_word' id='word_1_61' title='bbox 568 1310 603 1373; x_wconf 90' lang='lat' dir='ltr'>in</span> <span class='ocrx_word' id='word_1_62' title='bbox 616 1307 752 1374; x_wconf 86' lang='lat' dir='ltr'>Oriente</span> <span class='ocrx_word' id='word_1_63' title='bbox 777 1308 885 1372; x_wconf 89' lang='lat' dir='ltr'>denuo</span> <span class='ocrx_word' id='word_1_64' title='bbox 900 1308 1123 1373; x_wconf 85' lang='lat' dir='ltr'>loonoclastae</span> <span class='ocrx_word' id='word_1_65' title='bbox 1156 1307 1407 1394; x_wconf 78' lang='lat' dir='ltr'>praevalebant,</span> 
     </span>
     <span class='ocr_line' id='line_1_10' title="bbox 287 1404 1409 1491; baseline 0.001 -22"><span class='ocrx_word' id='word_1_66' title='bbox 287 1417 320 1470; x_wconf 91' lang='lat' dir='ltr'>st</span> <span class='ocrx_word' id='word_1_67' title='bbox 342 1404 487 1471; x_wconf 78' lang='lat' dir='ltr'>Michaal</span> <span class='ocrx_word' id='word_1_68' title='bbox 513 1405 638 1470; x_wconf 83' lang='lat' dir='ltr'>Balbus</span> <span class='ocrx_word' id='word_1_69' title='bbox 665 1405 849 1491; x_wconf 81' lang='lat' dir='ltr'>Imperator</span> <span class='ocrx_word' id='word_1_70' title='bbox 878 1409 978 1471; x_wconf 89' lang='lat' dir='ltr'>etiam</span> <span class='ocrx_word' id='word_1_71' title='bbox 1007 1405 1050 1471; x_wconf 91' lang='lat' dir='ltr'>ad</span> <span class='ocrx_word' id='word_1_72' title='bbox 1074 1406 1283 1471; x_wconf 87' lang='lat' dir='ltr'>Ludovicnm</span> <span class='ocrx_word' id='word_1_73' title='bbox 1309 1407 1409 1470; x_wconf 89' lang='lat' dir='ltr'>Pium</span> 
     </span>
     <span class='ocr_line' id='line_1_11' title="bbox 286 1502 1410 1590; baseline -0.001 -21"><span class='ocrx_word' id='word_1_74' title='bbox 286 1504 412 1570; x_wconf 87' lang='lat' dir='ltr'>litteras</span> <span class='ocrx_word' id='word_1_75' title='bbox 435 1502 581 1586; x_wconf 86' lang='lat' dir='ltr'>dederat,</span> <span class='ocrx_word' id='word_1_76' title='bbox 606 1502 726 1588; x_wconf 86' lang='lat' dir='ltr'>quibus</span> <span class='ocrx_word' id='word_1_77' title='bbox 742 1502 867 1568; x_wconf 87' lang='lat' dir='ltr'>cultum</span> <span class='ocrx_word' id='word_1_78' title='bbox 882 1504 1064 1589; x_wconf 83' lang='lat' dir='ltr'>imaginum</span> <span class='ocrx_word' id='word_1_79' title='bbox 1085 1514 1122 1568; x_wconf 89' lang='lat' dir='ltr'>ut</span> <span class='ocrx_word' id='word_1_80' title='bbox 1144 1505 1410 1590; x_wconf 87' lang='lat' dir='ltr'>superstitiosum</span> 
     </span>
     <span class='ocr_line' id='line_1_12' title="bbox 288 1600 1409 1667; baseline -0.001 -1"><span class='ocrx_word' id='word_1_81' title='bbox 288 1600 494 1666; x_wconf 89' lang='lat' dir='ltr'>traducebat.</span> <span class='ocrx_word' id='word_1_82' title='bbox 539 1601 590 1664; x_wconf 84' lang='lat' dir='ltr'>Ea</span> <span class='ocrx_word' id='word_1_83' title='bbox 613 1602 786 1666; x_wconf 85' lang='lat' dir='ltr'>occasione</span> <span class='ocrx_word' id='word_1_84' title='bbox 801 1601 994 1666; x_wconf 86' lang='lat' dir='ltr'>Ludovicus</span> <span class='ocrx_word' id='word_1_85' title='bbox 1019 1623 1095 1666; x_wconf 89' lang='lat' dir='ltr'>cum</span> <span class='ocrx_word' id='word_1_86' title='bbox 1118 1601 1252 1666; x_wconf 86' lang='lat' dir='ltr'>licentia</span> <span class='ocrx_word' id='word_1_87' title='bbox 1264 1603 1409 1667; x_wconf 88' lang='lat' dir='ltr'>Romani</span> 
     </span>
     <span class='ocr_line' id='line_1_13' title="bbox 286 1698 1413 1787; baseline -0.003 -22"><span class='ocrx_word' id='word_1_88' title='bbox 286 1699 457 1765; x_wconf 74' lang='lat' dir='ltr'>Pontificio</span> <span class='ocrx_word' id='word_1_89' title='bbox 490 1698 755 1764; x_wconf 83' lang='lat' dir='ltr'>doctissimorum</span> <span class='ocrx_word' id='word_1_90' title='bbox 787 1701 1016 1787; x_wconf 86' lang='lat' dir='ltr'>episcoporum</span> <span class='ocrx_word' id='word_1_91' title='bbox 1045 1710 1246 1764; x_wconf 81' lang='lat' dir='ltr'>conventum</span> <span class='ocrx_word' id='word_1_92' title='bbox 1271 1699 1413 1764; x_wconf 87' lang='lat' dir='ltr'>Parisiis</span> 
     </span>
     <span class='ocr_line' id='line_1_14' title="bbox 288 1796 1411 1884; baseline -0.001 -23"><span class='ocrx_word' id='word_1_93' title='bbox 288 1799 497 1879; x_wconf 87' lang='lat' dir='ltr'>convocavit,</span> <span class='ocrx_word' id='word_1_94' title='bbox 532 1798 589 1884; x_wconf 91' lang='lat' dir='ltr'>qui</span> <span class='ocrx_word' id='word_1_95' title='bbox 622 1797 664 1862; x_wconf 91' lang='lat' dir='ltr'>de</span> <span class='ocrx_word' id='word_1_96' title='bbox 695 1799 759 1862; x_wconf 85' lang='lat' dir='ltr'>ista</span> <span class='ocrx_word' id='word_1_97' title='bbox 790 1799 981 1883; x_wconf 84' lang='lat' dir='ltr'>quaestione</span> <span class='ocrx_word' id='word_1_98' title='bbox 1012 1808 1158 1883; x_wconf 87' lang='lat' dir='ltr'>agerent.</span> <span class='ocrx_word' id='word_1_99' title='bbox 1204 1796 1244 1860; x_wconf 89' lang='lat' dir='ltr'>ln</span> <span class='ocrx_word' id='word_1_100' title='bbox 1268 1797 1411 1883; x_wconf 86' lang='lat' dir='ltr'>epistola</span> 
     </span>
     <span class='ocr_line' id='line_1_15' title="bbox 286 1894 1411 1962; baseline -0.002 -2"><span class='ocrx_word' id='word_1_101' title='bbox 286 1895 330 1960; x_wconf 93' lang='lat' dir='ltr'>ad</span> <span class='ocrx_word' id='word_1_102' title='bbox 355 1895 566 1962; x_wconf 83' lang='lat' dir='ltr'>Ludovicum</span> <span class='ocrx_word' id='word_1_103' title='bbox 597 1905 630 1960; x_wconf 90' lang='lat' dir='ltr'>et</span> <span class='ocrx_word' id='word_1_104' title='bbox 660 1894 857 1959; x_wconf 88' lang='lat' dir='ltr'>Lotharium</span> <span class='ocrx_word' id='word_1_105' title='bbox 891 1895 969 1960; x_wconf 76' lang='lat' dir='ltr'>data</span> <span class='ocrx_word' id='word_1_106' title='bbox 1001 1895 1118 1960; x_wconf 88' lang='lat' dir='ltr'>eadem</span> <span class='ocrx_word' id='word_1_107' title='bbox 1141 1896 1210 1959; x_wconf 86' lang='lat' dir='ltr'>fere</span> <span class='ocrx_word' id='word_1_108' title='bbox 1233 1917 1331 1959; x_wconf 87' lang='lat' dir='ltr'>sensa</span> <span class='ocrx_word' id='word_1_109' title='bbox 1355 1917 1411 1960; x_wconf 89' lang='lat' dir='ltr'>ex-</span> 
     </span>
     <span class='ocr_line' id='line_1_16' title="bbox 288 1991 1408 2079; baseline -0.002 -21"><span class='ocrx_word' id='word_1_110' title='bbox 288 1995 436 2078; x_wconf 89' lang='lat' dir='ltr'>primunt</span> <span class='ocrx_word' id='word_1_111' title='bbox 449 1992 631 2074; x_wconf 74' lang='lat' dir='ltr'>Praesides,</span> <span class='ocrx_word' id='word_1_112' title='bbox 647 1993 782 2079; x_wconf 87' lang='lat' dir='ltr'>quaein</span> <span class='ocrx_word' id='word_1_113' title='bbox 797 1991 1001 2079; x_wconf 83' lang='lat' dir='ltr'>Capitulsrio</span> <span class='ocrx_word' id='word_1_114' title='bbox 1016 1993 1059 2057; x_wconf 91' lang='lat' dir='ltr'>ad</span> <span class='ocrx_word' id='word_1_115' title='bbox 1074 1992 1283 2058; x_wconf 84' lang='lat' dir='ltr'>Hadrianum</span> <span class='ocrx_word' id='word_1_116' title='bbox 1296 1993 1408 2073; x_wconf 83' lang='lat' dir='ltr'>misso,</span> 
     </span>
     <span class='ocr_line' id='line_1_17' title="bbox 288 2088 1413 2176; baseline 0 -23"><span class='ocrx_word' id='word_1_117' title='bbox 288 2092 322 2154; x_wconf 90' lang='lat' dir='ltr'>in</span> <span class='ocrx_word' id='word_1_118' title='bbox 355 2113 481 2156; x_wconf 80' lang='lat' dir='ltr'>canorm</span> <span class='ocrx_word' id='word_1_119' title='bbox 511 2091 656 2156; x_wconf 87' lang='lat' dir='ltr'>secundo</span> <span class='ocrx_word' id='word_1_120' title='bbox 687 2091 806 2176; x_wconf 90' lang='lat' dir='ltr'>synodi</span> <span class='ocrx_word' id='word_1_121' title='bbox 831 2091 858 2156; x_wconf 88' lang='lat' dir='ltr'>F</span> <span class='ocrx_word' id='word_1_122' title='bbox 860 2091 1133 2172; x_wconf 85' lang='lat' dir='ltr'>rancofurtensis‚</span> <span class='ocrx_word' id='word_1_123' title='bbox 1167 2101 1200 2154; x_wconf 91' lang='lat' dir='ltr'>et</span> <span class='ocrx_word' id='word_1_124' title='bbox 1229 2091 1263 2154; x_wconf 90' lang='lat' dir='ltr'>in</span> <span class='ocrx_word' id='word_1_125' title='bbox 1295 2088 1413 2154; x_wconf 85' lang='lat' dir='ltr'>Libris</span> 
     </span>
     <span class='ocr_line' id='line_1_18' title="bbox 287 2185 727 2274; baseline -0.002 -21"><span class='ocrx_word' id='word_1_126' title='bbox 287 2185 451 2254; x_wconf 81' lang='lat' dir='ltr'>Carolinis</span> <span class='ocrx_word' id='word_1_127' title='bbox 475 2187 727 2274; x_wconf 86' lang='lat' dir='ltr'>continentur.¹)</span> 
     </span>
    </p>

    <p class='ocr_par' dir='ltr' id='par_1_3' title="bbox 282 2285 1478 3744">
     <span class='ocr_line' id='line_1_19' title="bbox 377 2285 1409 2367; baseline -0.002 -16"><span class='ocrx_word' id='word_1_128' title='bbox 377 2286 430 2352; x_wconf 83' lang='lat'>82.</span> <span class='ocrx_word' id='word_1_129' title='bbox 455 2285 620 2352; x_wconf 90' lang='lat' dir='ltr'>Omnibus</span> <span class='ocrx_word' id='word_1_130' title='bbox 652 2286 887 2367; x_wconf 87' lang='lat' dir='ltr'>consideratis,</span> <span class='ocrx_word' id='word_1_131' title='bbox 920 2285 1093 2351; x_wconf 85' lang='lat' dir='ltr'>Gallorum</span> <span class='ocrx_word' id='word_1_132' title='bbox 1131 2287 1331 2350; x_wconf 83' lang='lat' dir='ltr'>sententiam</span> <span class='ocrx_word' id='word_1_133' title='bbox 1365 2285 1409 2349; x_wconf 91' lang='lat' dir='ltr'>ad</span> 
     </span>
     <span class='ocr_line' id='line_1_20' title="bbox 289 2383 1409 2471; baseline 0.001 -24"><span class='ocrx_word' id='word_1_134' title='bbox 289 2383 371 2448; x_wconf 89' lang='lat' dir='ltr'>haec</span> <span class='ocrx_word' id='word_1_135' title='bbox 394 2383 552 2450; x_wconf 83' lang='lat' dir='ltr'>reducere</span> <span class='ocrx_word' id='word_1_136' title='bbox 575 2404 766 2470; x_wconf 87' lang='lat' dir='ltr'>possumus:</span> <span class='ocrx_word' id='word_1_137' title='bbox 793 2387 832 2450; x_wconf 82' lang='lat'>1⁰</span> <span class='ocrx_word' id='word_1_138' title='bbox 858 2384 1090 2471; x_wconf 88' lang='lat' dir='ltr'>Repudiarunt</span> <span class='ocrx_word' id='word_1_139' title='bbox 1112 2384 1310 2449; x_wconf 85' lang='lat' dir='ltr'>sententiam</span> <span class='ocrx_word' id='word_1_140' title='bbox 1334 2404 1409 2471; x_wconf 89' lang='lat' dir='ltr'>snp-</span> 
     </span>
     <span class='ocr_line' id='line_1_21' title="bbox 288 2479 1413 2568; baseline 0.002 -23"><span class='ocrx_word' id='word_1_141' title='bbox 288 2483 429 2568; x_wconf 89' lang='lat' dir='ltr'>positam</span> <span class='ocrx_word' id='word_1_142' title='bbox 462 2481 505 2546; x_wconf 90' lang='lat' dir='ltr'>ab</span> <span class='ocrx_word' id='word_1_143' title='bbox 538 2483 578 2546; x_wconf 88' lang='lat' dir='ltr'>iis</span> <span class='ocrx_word' id='word_1_144' title='bbox 602 2479 753 2546; x_wconf 84' lang='lat' dir='ltr'>Concilio</span> <span class='ocrx_word' id='word_1_145' title='bbox 776 2483 934 2564; x_wconf 86' lang='lat' dir='ltr'>Nicaen0‚</span> <span class='ocrx_word' id='word_1_146' title='bbox 958 2483 1085 2546; x_wconf 86' lang='lat' dir='ltr'>scilicet</span> <span class='ocrx_word' id='word_1_147' title='bbox 1109 2504 1220 2546; x_wconf 86' lang='lat' dir='ltr'>sacras</span> <span class='ocrx_word' id='word_1_148' title='bbox 1244 2483 1413 2567; x_wconf 83' lang='lat' dir='ltr'>imagines</span> 
     </span>
     <span class='ocr_line' id='line_1_22' title="bbox 288 2578 1410 2666; baseline 0.001 -23"><span class='ocrx_word' id='word_1_149' title='bbox 288 2601 360 2644; x_wconf 91' lang='lat' dir='ltr'>esse</span> <span class='ocrx_word' id='word_1_150' title='bbox 383 2579 569 2645; x_wconf 87' lang='lat' dir='ltr'>adorandas</span> <span class='ocrx_word' id='word_1_151' title='bbox 593 2578 684 2644; x_wconf 89' lang='lat' dir='ltr'>cultu</span> <span class='ocrx_word' id='word_1_152' title='bbox 714 2579 886 2645; x_wconf 89' lang='lat' dir='ltr'>latreutico</span> <span class='ocrx_word' id='word_1_153' title='bbox 919 2582 976 2666; x_wconf 92' lang='lat' dir='ltr'>qui</span> <span class='ocrx_word' id='word_1_154' title='bbox 999 2579 1155 2644; x_wconf 85' lang='lat' dir='ltr'>Trinitati</span> <span class='ocrx_word' id='word_1_155' title='bbox 1180 2578 1330 2662; x_wconf 85' lang='lat' dir='ltr'>debetur,</span> <span class='ocrx_word' id='word_1_156' title='bbox 1355 2581 1410 2644; x_wconf 81' lang='lat' dir='ltr'>vel</span> 
     </span>
     <span class='ocr_line' id='line_1_23' title="bbox 289 2676 1412 2764; baseline -0.001 -22"><span class='ocrx_word' id='word_1_157' title='bbox 289 2676 380 2742; x_wconf 88' lang='lat' dir='ltr'>cultu</span> <span class='ocrx_word' id='word_1_158' title='bbox 403 2677 548 2764; x_wconf 86' lang='lat' dir='ltr'>quodam</span> <span class='ocrx_word' id='word_1_159' title='bbox 581 2699 735 2764; x_wconf 91' lang='lat' dir='ltr'>supremo</span> <span class='ocrx_word' id='word_1_160' title='bbox 767 2688 800 2742; x_wconf 89' lang='lat' dir='ltr'>et</span> <span class='ocrx_word' id='word_1_161' title='bbox 822 2677 971 2743; x_wconf 87' lang='lat' dir='ltr'>absoluto</span> <span class='ocrx_word' id='word_1_162' title='bbox 1003 2686 1137 2764; x_wconf 89' lang='lat' dir='ltr'>propter</span> <span class='ocrx_word' id='word_1_163' title='bbox 1160 2676 1290 2742; x_wconf 86' lang='lat' dir='ltr'>illarum</span> <span class='ocrx_word' id='word_1_164' title='bbox 1316 2701 1412 2743; x_wconf 89' lang='lat' dir='ltr'>sanc-</span> 
     </span>
     <span class='ocr_line' id='line_1_24' title="bbox 287 2775 1412 2861; baseline 0.003 -23"><span class='ocrx_word' id='word_1_165' title='bbox 287 2777 416 2840; x_wconf 83' lang='lat' dir='ltr'>titatem</span> <span class='ocrx_word' id='word_1_166' title='bbox 439 2785 498 2839; x_wconf 89' lang='lat' dir='ltr'>aut</span> <span class='ocrx_word' id='word_1_167' title='bbox 520 2777 676 2840; x_wconf 85' lang='lat' dir='ltr'>virtutem</span> <span class='ocrx_word' id='word_1_168' title='bbox 701 2777 875 2841; x_wconf 85' lang='lat' dir='ltr'>internam.</span> <span class='ocrx_word' id='word_1_169' title='bbox 908 2813 952 2823; x_wconf 93' lang='lat'>——</span> <span class='ocrx_word' id='word_1_170' title='bbox 982 2776 1022 2839; x_wconf 81' lang='lat'>2⁰</span> <span class='ocrx_word' id='word_1_171' title='bbox 1048 2775 1217 2861; x_wconf 89' lang='lat' dir='ltr'>Rejiciunt</span> <span class='ocrx_word' id='word_1_172' title='bbox 1239 2775 1412 2841; x_wconf 89' lang='lat' dir='ltr'>lconoma-</span> 
     </span>
     <span class='ocr_line' id='line_1_25' title="bbox 289 2871 1412 2959; baseline 0.002 -23"><span class='ocrx_word' id='word_1_173' title='bbox 289 2871 427 2938; x_wconf 88' lang='lat' dir='ltr'>chorum</span> <span class='ocrx_word' id='word_1_174' title='bbox 450 2894 604 2957; x_wconf 82' lang='lat' dir='ltr'>errorem,</span> <span class='ocrx_word' id='word_1_175' title='bbox 630 2897 740 2938; x_wconf 86' lang='lat' dir='ltr'>sacras</span> <span class='ocrx_word' id='word_1_176' title='bbox 761 2874 923 2959; x_wconf 77' lang='lat' dir='ltr'>imagines</span> <span class='ocrx_word' id='word_1_177' title='bbox 938 2895 1008 2938; x_wconf 88' lang='lat' dir='ltr'>esse</span> <span class='ocrx_word' id='word_1_178' title='bbox 1030 2872 1231 2958; x_wconf 85' lang='lat' dir='ltr'>frangendas</span> <span class='ocrx_word' id='word_1_179' title='bbox 1254 2885 1288 2937; x_wconf 89' lang='lat' dir='ltr'>et</span> <span class='ocrx_word' id='word_1_180' title='bbox 1310 2873 1412 2959; x_wconf 87' lang='lat' dir='ltr'>plane</span> 
     </span>
     <span class='ocr_line' id='line_1_26' title="bbox 290 2969 1412 3054; baseline 0 -20"><span class='ocrx_word' id='word_1_181' title='bbox 290 2969 485 3054; x_wconf 83' lang='lat' dir='ltr'>abolendas,</span> <span class='ocrx_word' id='word_1_182' title='bbox 519 2971 577 3035; x_wconf 89' lang='lat' dir='ltr'>sed</span> <span class='ocrx_word' id='word_1_183' title='bbox 610 2981 773 3053; x_wconf 86' lang='lat' dir='ltr'>statuunt,</span> <span class='ocrx_word' id='word_1_184' title='bbox 804 2993 859 3036; x_wconf 87' lang='lat' dir='ltr'>eas</span> <span class='ocrx_word' id='word_1_185' title='bbox 887 2972 921 3034; x_wconf 79' lang='lat' dir='ltr'>ia</span> <span class='ocrx_word' id='word_1_186' title='bbox 950 2972 1131 3035; x_wconf 76' lang='lat' dir='ltr'>memoriam</span> <span class='ocrx_word' id='word_1_187' title='bbox 1158 2981 1187 3034; x_wconf 86' lang='lat' dir='ltr'>st</span> <span class='ocrx_word' id='word_1_188' title='bbox 1210 2970 1247 3034; x_wconf 81' lang='lat' dir='ltr'>ob</span> <span class='ocrx_word' id='word_1_189' title='bbox 1272 2991 1412 3035; x_wconf 86' lang='lat' dir='ltr'>amorem</span> 
     </span>
     <span class='ocr_line' id='line_1_27' title="bbox 290 3065 1408 3155; baseline 0 -23"><span class='ocrx_word' id='word_1_190' title='bbox 290 3065 478 3135; x_wconf 79' lang='lat' dir='ltr'>Sarmtoram</span> <span class='ocrx_word' id='word_1_191' title='bbox 492 3079 711 3155; x_wconf 74' lang='lat' dir='ltr'>congruenter</span> <span class='ocrx_word' id='word_1_192' title='bbox 733 3068 859 3134; x_wconf 88' lang='lat' dir='ltr'>haberi.</span> <span class='ocrx_word' id='word_1_193' title='bbox 907 3069 958 3133; x_wconf 87' lang='lat' dir='ltr'>lta</span> <span class='ocrx_word' id='word_1_194' title='bbox 981 3070 1015 3132; x_wconf 91' lang='lat' dir='ltr'>in</span> <span class='ocrx_word' id='word_1_195' title='bbox 1040 3067 1155 3133; x_wconf 88' lang='lat' dir='ltr'>ultimo</span> <span class='ocrx_word' id='word_1_196' title='bbox 1178 3067 1333 3133; x_wconf 86' lang='lat' dir='ltr'>lemmate</span> <span class='ocrx_word' id='word_1_197' title='bbox 1349 3067 1408 3133; x_wconf 84' lang='lat' dir='ltr'>Ca·</span> 
     </span>
     <span class='ocr_line' id='line_1_28' title="bbox 288 3165 1411 3254; baseline -0.002 -24"><span class='ocrx_word' id='word_1_198' title='bbox 288 3167 435 3254; x_wconf 90' lang='lat' dir='ltr'>pitnlarii</span> <span class='ocrx_word' id='word_1_199' title='bbox 459 3167 502 3233; x_wconf 90' lang='lat' dir='ltr'>ad</span> <span class='ocrx_word' id='word_1_200' title='bbox 525 3167 735 3233; x_wconf 90' lang='lat' dir='ltr'>Hadrianum</span> <span class='ocrx_word' id='word_1_201' title='bbox 759 3167 850 3232; x_wconf 88' lang='lat' dir='ltr'>missi</span> <span class='ocrx_word' id='word_1_202' title='bbox 879 3165 1102 3232; x_wconf 88' lang='lat' dir='ltr'>statuebatur:</span> <span class='ocrx_word' id='word_1_203' title='bbox 1146 3167 1186 3232; x_wconf 76' lang='lat' dir='ltr'>Ur</span> <span class='ocrx_word' id='word_1_204' title='bbox 1209 3169 1291 3230; x_wconf 77' lang='lat' dir='ltr'>sciat</span> <span class='ocrx_word' id='word_1_205' title='bbox 1314 3167 1411 3230; x_wconf 86' lang='lat' dir='ltr'>Dom-</span> 
     </span>
     <span class='ocr_line' id='line_1_29' title="bbox 288 3263 1411 3351; baseline -0.002 -23"><span class='ocrx_word' id='word_1_206' title='bbox 288 3289 348 3330; x_wconf 81' lang='lat' dir='ltr'>rms</span> <span class='ocrx_word' id='word_1_207' title='bbox 371 3263 572 3351; x_wconf 75' lang='lat' dir='ltr'>Apostolicus</span> <span class='ocrx_word' id='word_1_208' title='bbox 595 3276 625 3329; x_wconf 86' lang='lat' dir='ltr'>ct</span> <span class='ocrx_word' id='word_1_209' title='bbox 643 3275 741 3351; x_wconf 83' lang='lat' dir='ltr'>pater</span> <span class='ocrx_word' id='word_1_210' title='bbox 764 3276 870 3330; x_wconf 78' lang='lat' dir='ltr'>noster·</span> <span class='ocrx_word' id='word_1_211' title='bbox 892 3275 922 3329; x_wconf 85' lang='lat' dir='ltr'>ct</span> <span class='ocrx_word' id='word_1_212' title='bbox 944 3274 1055 3329; x_wconf 76' lang='lat' dir='ltr'>maneta</span> <span class='ocrx_word' id='word_1_213' title='bbox 1078 3263 1172 3328; x_wconf 76' lang='lat' dir='ltr'>sirnssl</span> <span class='ocrx_word' id='word_1_214' title='bbox 1194 3265 1411 3328; x_wconf 74' lang='lat' dir='ltr'>Romanorum</span> 
     </span>
     <span class='ocr_line' id='line_1_30' title="bbox 288 3359 1412 3450; baseline -0.004 -22"><span class='ocrx_word' id='word_1_215' title='bbox 288 3362 429 3443; x_wconf 81' lang='lat' dir='ltr'>ecclesia,</span> <span class='ocrx_word' id='word_1_216' title='bbox 454 3373 489 3427; x_wconf 83' lang='lat' dir='ltr'>ut</span> <span class='ocrx_word' id='word_1_217' title='bbox 512 3364 680 3428; x_wconf 65' lang='lat' dir='ltr'>carradam</span> <span class='ocrx_word' id='word_1_218' title='bbox 710 3363 794 3449; x_wconf 73' lang='lat' dir='ltr'>quod</span> <span class='ocrx_word' id='word_1_219' title='bbox 816 3365 991 3428; x_wconf 76' lang='lat' dir='ltr'>continetur</span> <span class='ocrx_word' id='word_1_220' title='bbox 1017 3363 1053 3426; x_wconf 82' lang='lat' dir='ltr'>ia</span> <span class='ocrx_word' id='word_1_221' title='bbox 1075 3359 1212 3450; x_wconf 75' lang='lat' dir='ltr'>epistola</span> <span class='ocrx_word' id='word_1_222' title='bbox 1235 3361 1412 3426; x_wconf 67' lang='lat' dir='ltr'>bomissima</span> 
     </span>
     <span class='ocr_line' id='line_1_31' title="bbox 292 3459 1407 3547; baseline -0.004 -22"><span class='ocrx_word' id='word_1_223' title='bbox 292 3459 440 3546; x_wconf 66' lang='lat' dir='ltr'>Gregorii</span> <span class='ocrx_word' id='word_1_224' title='bbox 461 3485 555 3546; x_wconf 79' lang='lat' dir='ltr'>qaam</span> <span class='ocrx_word' id='word_1_225' title='bbox 578 3461 622 3525; x_wconf 82' lang='lat' dir='ltr'>ad</span> <span class='ocrx_word' id='word_1_226' title='bbox 636 3459 786 3525; x_wconf 76' lang='lat' dir='ltr'>Serenam</span> <span class='ocrx_word' id='word_1_227' title='bbox 801 3461 1053 3526; x_wconf 75' lang='lat' dir='ltr'>Massiliensium</span> <span class='ocrx_word' id='word_1_228' title='bbox 1076 3462 1256 3547; x_wconf 79' lang='lat' dir='ltr'>episcopam</span> <span class='ocrx_word' id='word_1_229' title='bbox 1279 3459 1407 3535; x_wconf 68' lang='lat' dir='ltr'>diremit,</span> 
     </span>
     <span class='ocr_line' id='line_1_32' title="bbox 282 3557 1478 3646; baseline 0.001 -25"><span class='ocrx_word' id='word_1_230' title='bbox 282 3558 498 3644; x_wconf 75' lang='lat' dir='ltr'>permittimus</span> <span class='ocrx_word' id='word_1_231' title='bbox 521 3559 673 3645; x_wconf 65' lang='lat' dir='ltr'>imagines</span> <span class='ocrx_word' id='word_1_232' title='bbox 697 3557 885 3625; x_wconf 77' lang='lat' dir='ltr'>Sancto-mm</span> <span class='ocrx_word' id='word_1_233' title='bbox 913 3560 1093 3646; x_wconf 77' lang='lat' dir='ltr'>qaicamqm</span> <span class='ocrx_word' id='word_1_234' title='bbox 1117 3581 1171 3622; x_wconf 84' lang='lat' dir='ltr'>aas</span> <span class='ocrx_word' id='word_1_235' title='bbox 1187 3558 1337 3644; x_wconf 78' lang='lat' dir='ltr'>formare</span> <span class='ocrx_word' id='word_1_236' title='bbox 1360 3579 1410 3622; x_wconf 86' lang='lat' dir='ltr'>ao·</span> <span class='ocrx_word' id='word_1_237' title='bbox 1477 3577 1478 3603; x_wconf 62' lang='lat'>¹</span> 
     </span>
     <span class='ocr_line' id='line_1_33' title="bbox 289 3653 1411 3744; baseline 0.001 -26"><span class='ocrx_word' id='word_1_238' title='bbox 289 3653 425 3735; x_wconf 67' lang='lat' dir='ltr'>luerint,</span> <span class='ocrx_word' id='word_1_239' title='bbox 460 3667 524 3722; x_wconf 84' lang='lat' dir='ltr'>tam</span> <span class='ocrx_word' id='word_1_240' title='bbox 551 3659 586 3722; x_wconf 83' lang='lat' dir='ltr'>ia</span> <span class='ocrx_word' id='word_1_241' title='bbox 615 3655 747 3722; x_wconf 72' lang='lat' dir='ltr'>acclms&#39;a</span> <span class='ocrx_word' id='word_1_242' title='bbox 778 3681 928 3744; x_wconf 73' lang='lat' dir='ltr'>quousque</span> <span class='ocrx_word' id='word_1_243' title='bbox 964 3667 1056 3721; x_wconf 73' lang='lat' dir='ltr'>aetra</span> <span class='ocrx_word' id='word_1_244' title='bbox 1086 3655 1248 3721; x_wconf 79' lang='lat' dir='ltr'>aeclesiam</span> <span class='ocrx_word' id='word_1_245' title='bbox 1274 3668 1411 3743; x_wconf 80' lang='lat' dir='ltr'>propter·</span> 
     </span>
    </p>
   </div>
   <div class='ocr_carea' id='block_1_3' title="bbox 289 3753 1477 4136">
    <p class='ocr_par' dir='ltr' id='par_1_4' title="bbox 289 3753 1477 4136">
     <span class='ocr_line' id='line_1_34' title="bbox 289 3753 1409 3845; baseline 0.001 -27"><span class='ocrx_word' id='word_1_246' title='bbox 289 3777 426 3818; x_wconf 81' lang='lat' dir='ltr'>amorem</span> <span class='ocrx_word' id='word_1_247' title='bbox 448 3755 512 3818; x_wconf 82' lang='lat' dir='ltr'>Dei</span> <span class='ocrx_word' id='word_1_248' title='bbox 541 3766 571 3819; x_wconf 86' lang='lat' dir='ltr'>ct</span> <span class='ocrx_word' id='word_1_249' title='bbox 604 3754 791 3820; x_wconf 79' lang='lat' dir='ltr'>Sanctorum</span> <span class='ocrx_word' id='word_1_250' title='bbox 823 3760 899 3845; x_wconf 82' lang='lat' dir='ltr'>ejas.</span> <span class='ocrx_word' id='word_1_251' title='bbox 947 3753 1094 3819; x_wconf 80' lang='lat' dir='ltr'>Adororc</span> <span class='ocrx_word' id='word_1_252' title='bbox 1122 3777 1194 3817; x_wconf 84' lang='lat' dir='ltr'>vero</span> <span class='ocrx_word' id='word_1_253' title='bbox 1218 3777 1273 3819; x_wconf 87' lang='lat' dir='ltr'>eas</span> <span class='ocrx_word' id='word_1_254' title='bbox 1295 3779 1409 3840; x_wconf 71' lang='lat' dir='ltr'>usqam·</span> 
     </span>
     <span class='ocr_line' id='line_1_35' title="bbox 290 3849 1407 3937; baseline 0 -23"><span class='ocrx_word' id='word_1_255' title='bbox 290 3874 383 3936; x_wconf 82' lang='lat' dir='ltr'>quom</span> <span class='ocrx_word' id='word_1_256' title='bbox 414 3855 551 3937; x_wconf 68' lang='lat' dir='ltr'>cogimus</span> <span class='ocrx_word' id='word_1_257' title='bbox 583 3853 637 3937; x_wconf 80' lang='lat' dir='ltr'>qai</span> <span class='ocrx_word' id='word_1_258' title='bbox 668 3852 835 3918; x_wconf 72' lang='lat' dir='ltr'>solitarias.</span> <span class='ocrx_word' id='word_1_259' title='bbox 893 3854 1051 3937; x_wconf 69' lang='lat' dir='ltr'>Frangere</span> <span class='ocrx_word' id='word_1_260' title='bbox 1083 3849 1131 3914; x_wconf 46' lang='lat' dir='ltr'>*cel</span> <span class='ocrx_word' id='word_1_261' title='bbox 1163 3851 1323 3917; x_wconf 79' lang='lat' dir='ltr'>destruere</span> <span class='ocrx_word' id='word_1_262' title='bbox 1355 3873 1407 3916; x_wconf 83' lang='lat' dir='ltr'>cos</span> 
     </span>
     <span class='ocr_line' id='line_1_36' title="bbox 289 3948 1477 4038; baseline 0 -27"><span class='ocrx_word' id='word_1_263' title='bbox 289 3951 415 4013; x_wconf 80' lang='lat' dir='ltr'>etiamsi</span> <span class='ocrx_word' id='word_1_264' title='bbox 428 3953 498 4036; x_wconf 85' lang='lat' dir='ltr'>qm&#39;s</span> <span class='ocrx_word' id='word_1_265' title='bbox 521 3948 664 4029; x_wconf 76' lang='lat' dir='ltr'>volucrit,</span> <span class='ocrx_word' id='word_1_266' title='bbox 688 3973 752 4015; x_wconf 81' lang='lat' dir='ltr'>noa</span> <span class='ocrx_word' id='word_1_267' title='bbox 770 3953 991 4038; x_wconf 81' lang='lat' dir='ltr'>permittimus.</span> <span class='ocrx_word' id='word_1_268' title='bbox 1017 3950 1060 4013; x_wconf 86' lang='lat' dir='ltr'>Et</span> <span class='ocrx_word' id='word_1_269' title='bbox 1083 3950 1158 4034; x_wconf 74' lang='lat' dir='ltr'>qrcio</span> <span class='ocrx_word' id='word_1_270' title='bbox 1181 3973 1305 4013; x_wconf 79' lang='lat' dir='ltr'>sensam</span> <span class='ocrx_word' id='word_1_271' title='bbox 1320 3973 1411 4014; x_wconf 75' lang='lat' dir='ltr'>sanc·</span> <span class='ocrx_word' id='word_1_272' title='bbox 1476 3987 1477 4011; x_wconf 55' lang='lat' dir='ltr'>r</span> 
     </span>
     <span class='ocr_line' id='line_1_37' title="bbox 290 4045 1407 4136; baseline 0 -26"><span class='ocrx_word' id='word_1_273' title='bbox 290 4048 404 4110; x_wconf 77' lang='lat' dir='ltr'>tissimi</span> <span class='ocrx_word' id='word_1_274' title='bbox 428 4045 576 4133; x_wconf 75' lang='lat' dir='ltr'>Graqom&#39;s&#39;</span> <span class='ocrx_word' id='word_1_275' title='bbox 598 4051 686 4136; x_wconf 79' lang='lat' dir='ltr'>sequi</span> <span class='ocrx_word' id='word_1_276' title='bbox 709 4051 742 4115; x_wconf 82' lang='grc' dir='ltr'>ἰη</span> <span class='ocrx_word' id='word_1_277' title='bbox 765 4051 822 4114; x_wconf 83' lang='lat' dir='ltr'>boc</span> <span class='ocrx_word' id='word_1_278' title='bbox 836 4049 973 4136; x_wconf 80' lang='lat' dir='ltr'>epistola</span> <span class='ocrx_word' id='word_1_279' title='bbox 995 4047 1203 4113; x_wconf 78' lang='lat' dir='ltr'>arcivarsalem</span> <span class='ocrx_word' id='word_1_280' title='bbox 1226 4047 1407 4114; x_wconf 73' lang='lat' dir='ltr'>catholicum</span> 
     </span>
    </p>
   </div>
   <div class='ocr_carea' id='block_1_4' title="bbox 368 4259 1106 4330">
    <p class='ocr_par' dir='ltr' id='par_1_5' title="bbox 368 4259 1106 4330">
     <span class='ocr_line' id='line_1_38' title="bbox 368 4259 1106 4330; baseline 0.007 -17"><span class='ocrx_word' id='word_1_281' title='bbox 368 4262 389 4329; x_wconf 90' lang='lat'>¹)</span> <span class='ocrx_word' id='word_1_282' title='bbox 408 4259 442 4316; x_wconf 86' lang='lat' dir='ltr'>V.</span> <span class='ocrx_word' id='word_1_283' title='bbox 462 4259 560 4327; x_wconf 68' lang='lat' dir='ltr'>bobbo,</span> <span class='ocrx_word' id='word_1_284' title='bbox 582 4260 646 4316; x_wconf 81' lang='lat' dir='ltr'>coll.</span> <span class='ocrx_word' id='word_1_285' title='bbox 666 4261 745 4318; x_wconf 85' lang='lat' dir='ltr'>Coro.</span> <span class='ocrx_word' id='word_1_286' title='bbox 764 4261 794 4316; x_wconf 86' lang='grc' dir='ltr'>Τ.</span> <span class='ocrx_word' id='word_1_287' title='bbox 814 4261 875 4318; x_wconf 77' lang='lat' dir='ltr'>Vll</span> <span class='ocrx_word' id='word_1_288' title='bbox 894 4261 942 4316; x_wconf 89' lang='lat' dir='ltr'>col.</span> <span class='ocrx_word' id='word_1_289' title='bbox 962 4263 1032 4318; x_wconf 78' lang='lat'>1542</span> <span class='ocrx_word' id='word_1_290' title='bbox 1050 4276 1106 4330; x_wconf 81' lang='lat' dir='ltr'>sqq.</span> 
     </span>
    </p>
   </div>
   <div class='ocr_carea' id='block_1_5' title="bbox 0 0 1509 4836">
    <p class='ocr_par' dir='ltr' id='par_1_6' title="bbox 0 0 1509 4836">
     <span class='ocr_line' id='line_1_39' title="bbox 0 0 1509 4836; baseline 0 0"><span class='ocrx_word' id='word_1_291' title='bbox 0 0 1509 4836; x_wconf 95' lang='lat' dir='ltr'> </span> 
     </span>
    </p>
   </div>
  </div>
 </body>
</html>
