3002 4836
457 511 580 564 Eventus
598 515 660 579 post
678 508 834 565 Concilium
1167 509 1202 564 63

92 657 254 722 inferiores
285 653 483 720 tractabant.
528 653 630 717 Porro
661 653 731 740 ipso
762 675 849 718 anuo
880 653 942 719 787
966 654 1062 721 Irene
1086 655 1202 720 resiliit

86 779 106 818 a
133 754 342 820 matrimonio
365 749 574 817 conciliando
608 753 694 816 iuter
716 751 822 816 filium
848 750 1101 818 Constantinum
1125 753 1200 820 Por·

88 852 349 938 pbyrogenitnm
365 861 399 914 et
420 849 601 914 Rotrndam
626 849 728 915 liliam
753 847 862 915 Caroli
886 849 943 930 M„
968 852 1056 937 quod
1080 873 1201 917 connu-

89 951 171 1015 bium
192 952 314 1014 iterato
338 949 542 1034 propositum
567 958 599 1012 et
621 959 854 1034 praeparatum
877 948 1001 1032 iuerat3
1033 960 1066 1014 et
1089 972 1201 1014 mense

86 1046 263 1114 Novembri
295 1047 374 1111 anni
408 1045 471 1111 788
500 1045 642 1111 Mariam
674 1045 812 1110 Armeni
842 1047 1003 1132 principis
1032 1035 1135 1111 filiam
1166 1049 1199 1111 iu

86 1167 217 1211 uxorem
249 1144 344 1210 dedit
366 1143 445 1226 filio,
470 1145 622 1230 quamvis
646 1145 757 1208 minus
786 1154 881 1230 grata
903 1141 982 1209 huic
1005 1156 1091 1210 esset
1113 1144 1201 1211 istud

85 1244 341 1310 matrimonium.
388 1241 499 1328 Atque
515 1241 646 1306 influxu
670 1240 810 1328 Adalgis
824 1242 990 1308 Desiderii
1014 1243 1101 1328 regis
1117 1244 1201 1309 Lon-

84 1342 303 1427 gobardornm
322 1339 393 1423 filii,
418 1341 474 1426 qni
498 1351 572 1426 post
595 1361 748 1405 eversum
772 1361 910 1425 regnum
928 1339 1201 1428 Constantinopo-

85 1441 136 1505 lim
168 1440 376 1525 confugerat,
404 1439 530 1504 factum
564 1449 621 1521 est,
655 1448 692 1502 ut
715 1435 840 1503 ibidem
873 1439 972 1504 factio
996 1438 1202 1524 praevaleret

85 1561 163 1626 qnae
193 1535 283 1602 bello
315 1545 430 1600 contra
462 1537 608 1602 Francos
637 1531 782 1621 gerendo
816 1534 961 1603 favebat.
989 1575 1032 1584 -
1055 1536 1200 1603 Demum

82 1637 254 1702 advertere
264 1633 410 1722 juvabit,
429 1635 464 1698 in
486 1634 679 1720 regionibus
692 1633 758 1699 illis
773 1635 1095 1721 septentrionalibus
1110 1633 1200 1700 haud

84 1735 207 1800 dudum
231 1733 277 1798 ad
301 1731 582 1797 christianismum
607 1733 791 1813 conversis,
816 1731 941 1796 cultum
965 1744 998 1797 et
1020 1734 1200 1797 veneratio·

84 1855 155 1898 nem
168 1832 356 1916 imaginum
369 1829 517 1895 nondum
527 1832 575 1894 ita
593 1829 725 1895 evoluta
744 1841 777 1894 et
787 1843 968 1917 propagata
980 1830 1091 1914 fuisse,
1101 1851 1199 1917 quam

83 1933 113 1995 in
136 1929 247 2012 Italia,
271 1930 317 1992 ita
338 1939 376 1991 ut
399 1937 503 1994 statim
519 1950 630 1992 rerum
656 1928 743 2014 qnod
766 1928 891 1993 cultum
908 1929 1091 2012 imaginum
1111 1949 1200 2013 spec-

84 2045 134 2106 tat,
160 2028 348 2113 comparari
373 2025 582 2112 aliquatenus
597 2027 700 2112 possit
715 2027 745 2090 ei
762 2025 953 2107 conditioni,
978 2047 1062 2112 quae
1085 2025 1201 2112 primis

84 2125 253 2191 Ecclesiae
277 2124 417 2188 saeculis
441 2121 619 2188 obtinebat
667 2123 756 2188 Hinc
779 2123 1008 2188 vehementius
1033 2123 1200 2210 praesules

81 2224 211 2290 Galliae
240 2221 518 2304 reformidabant,
550 2243 591 2286 ne
625 2223 698 2307 quis
732 2221 839 2286 cultus
870 2223 1113 2308 superstitiosus
1147 2221 1200 2286 vel

82 2320 287 2408 periculosus
311 2342 390 2404 erga
414 2321 575 2404 imagines
609 2341 717 2384 sacras
741 2318 962 2384 induceretur.
1009 2319 1102 2384 Haec
1126 2319 1201 2384 alia-

81 2443 142 2506 que
167 2419 309 2484 iul'erius
333 2416 491 2498 dicenda,
515 2437 594 2504 prae
610 2415 714 2481 oculis
737 2416 891 2483 habenda
915 2426 1001 2498 sunt,
1027 2428 1062 2481 ut
1086 2417 1202 2482 melius

80 2517 284 2602 intelligatur
306 2513 364 2579 illa
387 2517 609 2601 repugnantia
634 2523 666 2578 et
689 2517 850 2602 oppositio
876 2527 989 2580 contra
1015 2513 1201 2580 Concilium

81 2615 266 2680 Nicaennm
290 2611 335 2695 Π,
360 2623 393 2676 et
408 2611 640 2700 (suppositam)
657 2611 783 2699 ejusde
807 2612 896 2678 cultu
921 2614 1103 2698 imaginum
1128 2613 1201 2678 doc·

80 2717 211 2780 trinam.

167 2813 223 2876 74.
249 2809 296 2875 Ut
335 2811 479 2896 primurn
512 2807 668 2874 videlicet
705 2809 851 2894 episcopi
882 2811 1011 2895 virique
1042 2809 1130 2873 docti
1168 2809 1202 2872 in
1214 2831 1285 2872 sesso
1302 2831 1364 2872 rsit..

81 2909 189 2975 Gallia
214 2906 358 2972 Concilii
382 2907 522 2970 Nicaeni
546 2905 633 2970 Acta
663 2906 823 2991 legerunt,
858 2930 924 2974 non
946 2906 1064 2972 leviter
1087 2907 1201 2972 offensi

84 3017 165 3087 sunt,
191 3029 232 3071 ac
251 3015 461 3085 censuerunt,
477 3006 647 3091 episcopos
663 3005 836 3072 orientales
848 3005 1023 3071 tradidisse
1048 3004 1089 3068 de
1112 3004 1202 3069 cultu

83 3125 252 3170 sacrarum
287 3104 470 3188 imaginum
495 3101 690 3184 doctrinam,
725 3107 886 3168 constanti
911 3103 1081 3168 Ecclesiae
1104 3102 1201 3167 tradi-

83 3205 160 3268 tioni
185 3203 384 3289 oppositam.
423 3200 474 3265 Ita
498 3200 655 3265 videlicet
670 3200 890 3267 Orientalium
905 3202 1089 3267 doctrinam
1106 3202 1202 3266 inter·

84 3303 198 3385 pretati
224 3311 313 3381 sunt,
337 3320 377 3363 ac
401 3301 428 3363 si
453 3299 506 3362 isti
531 3297 700 3381 docerent,
726 3301 828 3364 sacris
852 3299 1054 3385 imaginibus
1078 3298 1201 3362 cultum

84 3399 196 3464 latriae
228 3399 278 3462 uti
310 3397 408 3463 Smae
443 3397 604 3461 »Trinitati
643 3421 714 3462 esse
750 3398 974 3463 tribuendum.
1021 3397 1203 3461 Potuerunt

85 3519 160 3562 sane
190 3499 225 3561 in
259 3495 357 3560 talem
389 3495 577 3580 opinionem
610 3495 743 3574 induci,
775 3517 877 3582 quum
907 3498 941 3560 in
973 3498 1123 3561 versione
1147 3494 1201 3560 illa

86 3597 198 3658 vitiata
222 3595 384 3657 Actorum
408 3593 564 3678 legerent,
590 3616 609 3657 a
634 3591 851 3658 Constantino
875 3595 1029 3679 episcopo
1045 3593 1202 3658 Constan-

85 3693 178 3756 tieusi
202 3691 285 3756 haec
310 3712 380 3755 esse
402 3691 546 3776 prolata:
572 3691 717 3778 ›iasnpa‘o
733 3702 763 3755 et
786 3692 957 3778 amplector
976 3692 1203 3755 honorabiliter

86 3801 209 3854 condas
239 3801 271 3854 et
299 3789 497 3854 commundat
526 3790 690 3876 imagines,
714 3789 883 3854 secandum
905 3791 1065 3854 seruitium
1089 3788 1201 3852 adora-

85 3888 195 3966 tionis,
229 3887 312 3973 qaod
342 3885 607 3951 consubstantiali
629 3898 658 3951 et
685 3887 883 3974 vivificatrici
908 3889 1064 3952 Trinitati
1087 3887 1200 3951 emitte.

88 3985 212 4050 Revera
249 3995 359 4048 autem
394 3982 497 4048 verba
529 3983 737 4051 Constantini
770 3987 897 4050 sincere
933 3985 1089 4050 translata
1120 3985 1201 4049 haec

87 4081 192 4146 luere:
217 4083 259 4146 Et
274 4105 328 4168 epo
350 4083 502 4168 iradipnna
524 4083 572 4146 bis
595 4087 752 4150 maranno
782 4095 811 4148 et
833 4107 960 4148 cortona
983 4083 1113 4170 efficior,
1137 4105 1202 4147 sris-

89 4183 204 4267 cipienr
218 4193 248 4246 et
271 4179 460 4268 amplectans
475 4179 701 4246 honorabiliter
716 4194 843 4248 sanctas
867 4194 896 4247 et
920 4181 1111 4247 uenerabiles
1125 4183 1200 4245 intu-

88 4281 189 4362 pinea
211 4289 301 4365 atque
324 4277 544 4343 odorationem
567 4301 645 4364 qaae
664 4303 726 4366 per
750 4279 889 4358 latriam,
913 4281 948 4344 id
972 4281 1094 4344 estDoo
1118 4277 1201 4342 deti-
