2922 4832
331 517 521 570 Controversia
540 517 573 570 de
592 515 843 570 reordInetionibus.
1097 515 1144 568 131

50 659 258 724 benedictione
291 657 524 724 caeremoniali
568 670 601 722 et
634 659 897 723 reconciliatoria
936 656 1045 744 quoad
1080 677 1146 736 eos,

48 757 149 840 quibus
162 757 382 822 ministerium
407 755 532 821 ordinis
548 766 581 822 et
602 755 728 840 gradus
751 779 771 821 a
791 753 1008 820 Constantino
1023 755 1147 840 recepti

46 853 281 918 concedebatur.
336 851 493 918 Auxillus
524 854 676 941 quidem,
715 857 762 918 uti
802 854 958 936 vidlmus,
991 851 1147 930 admittit,

49 951 213 1016 nullitatem
230 951 449 1016 ordinationis
472 952 519 1016 ibi
540 971 610 1017 esse
634 952 801 1017 decretam
826 973 866 1016 ac
888 950 1150 1015 reordinationes

46 1049 147 1132 lacus,
181 1049 240 1113 sed
274 1048 310 1113 id
333 1049 522 1114 nullatenus
550 1061 676 1114 certum
700 1060 758 1115 est.
806 1049 956 1131 Quodsi
980 1047 1150 1126 acciderit,

47 1167 237 1232 nequaqnam
262 1147 350 1211 facto
365 1147 527 1233 ejusmodi
552 1147 664 1234 aliqua
680 1147 830 1214 delinitio
844 1147 923 1212 fidei
944 1144 1150 1232 implicatum

45 1244 145 1308 sedin
168 1245 362 1330 quaestione
395 1243 437 1309 de
460 1267 527 1332 qua
550 1247 794 1310 conmovsrsise
819 1246 892 1331 jam
925 1255 1014 1308 ortae
1047 1254 1151 1322 erant,

44 1363 131 1424 quum
154 1364 220 1406 non
245 1354 331 1407 esset
355 1342 519 1428 dirempta
548 1365 610 1407 nec
633 1341 722 1407 illico
747 1341 950 1422 dirimenda,
983 1338 1037 1404 vel
1059 1361 1153 1425 prac-

44 1440 96 1502 tice
117 1450 242 1524 partem
269 1442 441 1522 tutiorem,
474 1441 528 1505 vel
559 1461 652 1506 suam
681 1443 871 1527 opinionem
894 1439 1060 1526 privatam
1084 1436 1153 1502 Ste-

45 1534 159 1619 phanus
181 1537 233 1602 ΠΙ
256 1549 290 1601 et
311 1537 428 1625 reliqui
445 1541 548 1602 secuti
573 1549 659 1603 sunt.
684 1575 727 1588 ·—-
751 1538 943 1603 Hadrianus
966 1535 982 1600 I
1005 1546 1153 1622 tempere

44 1631 171 1698 Consilii
196 1635 262 1699 VII
287 1637 421 1700 omnino
445 1639 613 1701 consensit
634 1637 818 1700 sententiae
842 1635 981 1713 Tarasii,
1005 1655 1071 1720 qua
1097 1653 1152 1696 vs·
1189 1683 1193 1694 .

42 1730 131 1796 lorem
154 1733 399 1798 ordinationum
421 1733 700 1799 Iconoclastsrum
729 1731 784 1798 hic
813 1732 1011 1797 admittebat
1034 1743 1066 1795 et
1082 1733 1153 1794 vin·

41 1827 171 1896 dicabat.
203 1867 247 1878 -
279 1828 413 1895 Certum
448 1842 513 1913 est.
548 1833 596 1895 nti
620 1831 764 1896 advertit
786 1831 860 1896 Em.
895 1827 1152 1914 Hergenrttther,

42 1947 134 2013 usque
162 1927 206 1992 ad
236 1928 406 1994 saeculum
437 1939 593 1994 oetavim
626 1929 810 1994 doctrinam
841 1939 874 1992 et
902 1930 1032 2014 praxim
1057 1925 1153 1992 Occi·

39 2023 149 2106 dentis,
172 2045 239 2090 non
263 2025 471 2091 obstantibus
504 2026 703 2113 quibusdam
734 2028 842 2092 effatis
870 2025 1070 2106 durioribus,
1099 2047 1154 2110 ge·
1233 2096 1236 2104 ¹

40 2125 168 2188 ueranm
191 2123 493 2189 reordinationibus
528 2145 640 2190 eorum
671 2126 728 2211 qui
752 2124 796 2188 ab
827 2124 1002 2188 haereticis
1034 2121 1151 2186 aliisve

38 2218 207 2304 illegitimis
231 2223 396 2308 episcopis
420 2222 564 2288 ordinati
594 2233 701 2303 erant,
726 2222 823 2308 plane
847 2223 1033 2308 oppositam
1066 2241 1148 2285 esse.

39 2315 155 2382 lndea
185 2319 326 2384 concilio
350 2317 535 2386 Arelatensi
567 2319 594 2402 I,
625 2322 660 2384 in
684 2342 748 2407 quo
776 2331 888 2384 actum
915 2319 979 2383 fuit
1002 2318 1043 2382 de
1067 2315 1152 2382 ordi-

37 2417 220 2482 nationibus
242 2417 454 2482 'I'reditorum
467 2417 494 2504 ¹)
517 2439 621 2503 usque
644 2417 687 2482 ad
712 2417 921 2482 Hadrianum
946 2415 971 2487 1.
1006 2417 1152 2480 maxima

35 2516 291 2580 testimoniorum
314 2537 392 2602 pars
415 2514 561 2580 valorem
586 2515 748 2601 ejusmodi
773 2513 1020 2580 ordinationum
1036 2513 1152 2577 confir·

36 2627 96 2675 mat
119 2625 153 2677 et
175 2613 452 2678 reordinationem
476 2613 626 2699 rejicit.¹)

117 2729 172 2793 31.
219 2728 314 2808 Quae
342 2731 377 2793 in
409 2751 509 2794 causa
541 2729 651 2793 Photii
680 2737 859 2792 occurrunt
891 2726 970 2791 talia
994 2737 1085 2801 sont,
1118 2737 1154 2788 ut
1180 2734 1325 2806 Pluto*

31 2847 231 2910 censeamus,
246 2826 444 2890 validitatem
458 2809 697 2891 substantialem
713 2825 931 2889 ordinationis
946 2825 1049 2909 ipsius
1070 2822 1154 2887 Pho·
1188 2796 1298 2836 'mm'

33 2923 65 2984 tii
90 2934 123 2987 et
146 2924 300 2989 ordinum
324 2946 406 3011 quos
430 2926 500 3010 ipse
530 2923 670 2988 contulit
700 2922 817 2987 iisdem
848 2943 914 2986 non
938 2921 1042 3008 rejici.
1088 2919 1155 2984 Ex-

31 3019 147 3103 plieari
171 3022 260 3087 enim
292 3032 430 3108 possunt
452 3025 563 3087 omnia
596 3021 685 3086 facta
712 3031 746 3086 et
778 3021 877 3084 effata
909 3018 1082 3083 commode
1111 3041 1156 3082 ex

30 3117 68 3180 iis
92 3118 401 3200 observationibus,
437 3141 520 3205 quas
552 3139 652 3205 supra
686 3118 928 3204 proposuimus.
976 3117 1029 3180 Ex
1052 3115 1154 3180 altera

31 3237 107 3280 vero
132 3229 228 3304 parte
259 3219 331 3304 ipsa
354 3217 465 3282 Photii
490 3239 669 3303 eorumque
699 3237 781 3303 quos
813 3214 1027 3279 ordinaverat
1056 3213 1150 3302 depo·

26 3315 99 3378 sitio
123 3315 278 3396 ostendit,
304 3315 450 3380 valorem
482 3314 734 3380 substantialem
765 3313 892 3378 ordinis
914 3315 1038 3398 recepti
1063 3312 1153 3376 barud

99 3575 119 3640 ¹)
140 3572 207 3628 Cen.
229 3574 275 3630 13:
305 3572 350 3640 ,Si
374 3572 456 3628 iidem
479 3571 536 3642 (qui
554 3572 708 3644 Scripturas
731 3590 821 3632 sacras
846 3575 991 3634 tradidisse
1014 3577 1144 3632 deantur

25 3652 67 3706 rot
90 3669 163 3708 vasa
180 3653 313 3724 dominica
326 3653 368 3708 vel
382 3652 491 3724 nomina
508 3651 627 3708 fratrum
638 3660 757 3724 suorum)
775 3653 880 3722 aliquos
891 3655 1029 3712 ordinasse
1048 3655 1153 3712 fuerint

24 3729 204 3800 deprehensi,
229 3737 258 3788 et
280 3731 309 3788 hi
334 3747 399 3801 quoa
423 3732 618 3804 ordinaverant
648 3732 822 3792 rationabiles
840 3735 1005 3802 mbsistuut,
1029 3753 1083 3792 uon
1101 3736 1156 3792 illis

23 3811 99 3870 obsit
117 3811 299 3869 ordbratiof,
736 3861 738 3866 .

96 3892 118 3956 ¹)
138 3891 348 3962 Hargenrother
368 3893 387 3948 I
401 3909 423 3948 e
436 3909 463 3948 n.
477 3891 520 3949 18.
534 3920 566 3934 -
578 3891 709 3950 Advertit
726 3893 900 3952 nihilonimus
918 3895 1017 3952 ibidem
1029 3895 1107 3966 (neta
1121 3899 1155 3960 lt

23 3973 128 4028 nultos
155 3977 248 4028 mnan
272 3971 323 4028 heo
347 3973 375 4028 in
400 3971 559 4041 uenatione
576 3973 655 4033 vstds
679 3972 837 4043 fluctuasse,
864 3975 907 4030 uti
926 3975 1093 4048 agnoscitur,
1120 3991 1155 4030 ex

24 4051 114 4107 verbis
134 4051 248 4106 Eeberti
275 4052 467 4122 archiepiscopi
486 4052 675 4119 Eboraceusis,
701 4053 780 4108 amici
804 4054 967 4127 venerebiIIs
985 4055 1084 4112 Bedee.
1121 4057 1154 4110 In

20 4133 158 4200 opusculo
172 4131 315 4190 senense.
327 4132 448 4190 insntm
461 4133 592 4202 iuterrog.
610 4135 637 4190 ὃ.
655 4132 794 4202 (Galland
806 4134 876 4190 BibI
890 4135 943 4190 PP.
963 4135 1034 4190 XIII
1043 4152 1069 4204 p.
1079 4137 1156 4204 265),

21 4213 112 4279 quoad
132 4212 300 4280 baptismum
318 4219 392 4268 certo
410 4213 513 4268 statuit
532 4213 603 4284 qaod
620 4214 719 4268 iterari
735 4231 791 4269 aar
809 4215 894 4281 debet,
912 4215 961 4270 sed
978 4215 1067 4270 addit:
1089 4217 1158 4286 ,Re-

25 4291 100 4360 liqua
120 4308 191 4347 vero
208 4292 360 4348 ministerIa
377 4308 425 4362 per
442 4291 585 4361 indignum
603 4292 669 4347 data
688 4293 779 4347 mitras
794 4293 876 4359 firmo
893 4293 1049 4350 videntur.“

1013 4383 1047 4436 9ιι
