2922 4832
305 479 345 532 De
363 477 534 545 oppressione
552 475 689 531 libel-tetis
708 476 851 530 Ecclesiae.
1116 478 1168 532 199

61 636 141 688 mun
170 621 303 688 redacta
337 623 430 708 quasi
462 621 524 686 uile
557 621 749 706 mancipium
780 623 816 684 in
837 631 973 684 oestrum
996 621 1169 688 dominium

60 723 198 808 redipitis,
230 732 261 784 et
283 720 388 784 diuini
403 721 491 809 puris
515 718 691 784 libertatem
712 729 813 782 uestro
838 719 983 804 obsequio
1006 721 1167 806 mancipa-

62 823 102 898 tis,
122 819 267 896 dicentes,
292 820 399 882 omniu
423 815 631 904 Imperatoris
647 817 720 907 juri
743 839 808 881 csse
831 816 981 906 subjecta,
1007 819 1167 905 episcopa·

62 929 108 998 tus,
137 917 291 996 abbatias,
324 937 428 980 omnes
459 918 584 980 omnino
616 915 681 979 Dei
715 915 872 980 ecclesias.
919 915 958 979 Iu
983 927 1081 1001 parte
1112 927 1168 980 tua

60 1018 118 1102 quis
133 1015 332 1102 praeficimur,
362 1015 429 1078 nui
450 1037 539 1100 quem
562 1024 619 1078 aut
640 1016 748 1100 pratia
779 1012 928 1078 eulaeuto
954 1013 1096 1096 foenore,
1118 1013 1168 1078 uel

62 1137 156 1178 munus
179 1137 205 1176 a
223 1137 329 1194 manu,
353 1113 537 1178 colmanus
561 1136 582 1176 a
607 1113 727 1197 liupua,
751 1110 800 1176 uel
822 1135 934 1200 munus
957 1110 998 1175 ab
1021 1110 1167 1198 obsequio

60 1212 225 1276 ‹taraces-ir.
277 1209 356 1284 Quis
379 1212 528 1292 mumius,
552 1212 623 1297 quis
645 1211 818 1288 honestate,
842 1210 911 1295 quis
934 1210 1018 1274 uitae
1041 1211 1168 1298 intepi-

60 1321 112 1372 tnte
125 1310 321 1395 elipitur·l¹).
337 1359 345 1374 .
361 1307 440 1382 Quis
464 1311 547 1373 enim
569 1331 632 1374 non
656 1309 812 1387 advertat,
836 1309 916 1372 lanc
932 1318 1055 1394 pestem
1078 1309 1167 1372 semi-

60 1409 170 1472 narium
204 1429 269 1471 esse
294 1409 486 1471 simoniacae
517 1408 680 1471 haereseos
704 1418 734 1470 et
758 1407 854 1471 totius
877 1407 1071 1470 christianae
1093 1405 1166 1470 reli-

57 1507 147 1588 pionis
179 1505 414 1570 lamentabilem
445 1505 709 1570 dectrecctioneml
755 1506 877 1592 Nempe
901 1527 994 1591 quum
1026 1505 1167 1590 dipnitas

57 1604 232 1690 episcopalis
268 1628 289 1666 a
315 1605 462 1690 principe
493 1604 632 1690 adipisci
659 1625 751 1689 posse
784 1612 948 1690 speratur,
984 1605 1168 1690 contemptis

58 1704 115 1766 ersis
144 1703 300 1789 episcopis
323 1723 360 1765 ac
383 1701 506 1766 clericis
529 1701 661 1766 ecclesia
687 1701 752 1764 Dei
774 1701 940 1780 deseritur,
974 1711 1004 1763 et
1026 1699 1066 1764 ab
1091 1698 1168 1766 aliis

56 1801 167 1882 quidem
194 1801 305 1887 inpone
329 1801 470 1886 pecunia
501 1800 675 1864 aulicorum
706 1800 879 1886 marsupiis
902 1798 1101 1885 infunditur,
1132 1811 1168 1862 ut

56 1898 217 1962 eorumdem
240 1897 396 1985 suffrapin
413 1899 457 1960 acl
473 1908 537 1962 tum
552 1899 713 1984 nefariam
725 1899 955 1983 promotionem
968 1908 1167 1978 recreantem

55 1995 89 2056 nt
111 1995 183 2059 aliie
205 1997 351 2080 infinitae
370 1999 526 2082 pecuniae
550 1996 719 2082 dispendio
738 1996 816 2082 plus
839 1996 987 2059 decennio
1012 1998 1047 2059 in
1061 2019 1165 2060 saecu·

54 2092 113 2156 lari
133 2096 218 2158 curia
242 2095 427 2172 deservitur,
459 2105 573 2173 emtus,
596 2093 740 2180 pluviae,
771 2104 801 2158 et
816 2093 958 2180 fripora,
989 2105 1019 2156 ct
1041 2105 1167 2158 caetera

55 2192 236 2256 irescommoda
269 2192 499 2278 patientissime
524 2192 720 2271 tolerantur,·
755 2192 794 2256 alr
819 2189 895 2255 aliis
919 2192 1093 2270 nummosi
1116 2194 1167 2256 sui

50 2292 191 2372 praetoris,
215 2289 265 2354 ael
288 2295 377 2380 cujus
399 2291 546 2354 honorem
569 2289 721 2367 ambiunt,
753 2313 838 2354 mors
860 2291 1054 2354 incessanter
1077 2301 1164 2376 optu-

55 2397 115 2464 tur,·
136 2387 174 2450 ab
191 2388 258 2452 alio
283 2387 343 2451 alii
367 2389 554 2452 veliementer
577 2388 746 2467 invidetur,
771 2389 845 2452 dcem
867 2388 950 2474 quod
973 2389 1035 2454 sibi
1058 2400 1167 2475 sperat

54 2484 87 2545 al
109 2508 142 2548 eo
166 2487 288 2572 surripi
304 2497 461 2572 putatur,·
491 2489 564 2567 imo,
587 2487 801 2572 prohdolor!
824 2489 866 2554 in.
883 2496 1005 2550 tantam
1027 2486 1091 2550 Dei
1116 2487 1164 2549 in-

47 2584 159 2667 juriam
181 2584 339 2648 interdum
356 2583 538 2671 prosilitur,
563 2595 598 2648 ut
622 2596 651 2648 et
674 2585 774 2649 seruis
796 2594 825 2647 et
845 2583 1042 2670 fornicariis
1063 2585 1164 2668 dipai-

54 2689 96 2741 tus
116 2683 179 2745 ista
198 2692 388 2768 praestetur.
432 2681 526 2746 Tales
550 2685 664 2768 quippe
688 2706 780 2768 quum
804 2683 916 2768 adepti
935 2681 1060 2766 suerint
1081 2683 1165 2767 quod

53 2777 150 2841 taliter
183 2781 400 2866 eupetiemmt,
430 2790 598 2866 peccantes
632 2781 753 2846 saeculi
782 2791 956 2866 potestates
982 2779 1164 2844 nullatenus

49 2888 247 2956 prr-cosummat
270 2877 470 2964 redarpuere,
501 2878 650 2964 quoniam
674 2877 714 2942 ab
738 2876 806 2942 illis
829 2902 860 2942 se
877 2889 1041 2966 promotos
1057 2878 1165 2964 fuisse

53 2974 257 3053 meminerunt,
281 2975 343 3039 imo
355 2999 394 3038 ne
406 2977 596 3060 redarpucre
604 2987 852 3062 praesumerent,
870 2975 1163 3063 promotifuerunt.

51 3069 88 3132 Et
101 3071 133 3134 ti
147 3071 198 3136 lac
214 3071 339 3158 quidem
363 3083 392 3136 et
415 3073 524 3138 lanam
547 3074 722 3160 accipiunt,·
745 3073 802 3138 sed
818 3074 1037 3160 perditissime
1061 3075 1161 3138 uiuen-

51 3177 90 3230 tes
119 3170 255 3234 cranium
286 3168 418 3235 salutem
449 3170 619 3256 neplipnnt.
672 3169 725 3234 Sic
754 3173 870 3258 quippe
901 3169 1050 3258 impletur
1080 3173 1164 3259 quod

50 3267 192 3352 scriptum
214 3278 277 3331 est:
296 3269 405 3332 Ruina
425 3267 548 3354 populi,
573 3269 752 3334 sacerdotes
774 3267 894 3355 mater)
917 3309 961 3317 —
986 3269 1061 3350 Qus
1084 3291 1164 3334 voro

50 3363 167 3427 tutione
191 3365 291 3428 etium
315 3366 388 3452 ipse
403 3365 506 3430 Sedes
522 3364 714 3452 Apostolica
737 3387 796 3430 seu
819 3365 935 3431 electio
959 3389 1163 3432 summorum

52 3457 242 3526 Pontificum
264 3483 439 3548 procerum
462 3462 674 3546 sectionibus,
698 3487 738 3528 uc
762 3464 839 3528 dein
864 3463 1000 3529 arbitrio
1019 3465 1163 3551 Impera·

50 3567 148 3622 torum
172 3559 303 3626 saeculo
328 3561 505 3626 undecimo
529 3561 630 3628 fuerit
652 3562 813 3649 subjecto,
838 3563 934 3627 modo
960 3561 1161 3644 videbimus,

50 3651 121 3719 dum
151 3655 192 3720 de
215 3657 257 3720 iis
280 3657 500 3724 Pontificibus
523 3681 669 3744 egemus,
703 3661 760 3746 qui
791 3683 831 3724 oa
860 3671 968 3726 estete
992 3659 1163 3726 Ecclesiae

50 3754 264 3833 praefuerunt.

48 3901 253 3914 -·-·——-—-n-

116 3973 135 4043 ¹)
152 3973 183 4029 L.
204 3991 226 4028 c.
246 3990 271 4042 p.
290 3974 352 4029 582.

116 4056 135 4118 ¹)
153 4052 185 4110 L.
205 4055 241 4107 Π.
262 4055 279 4108 1.
299 4071 321 4108 c.
340 4071 366 4123 p.
386 4055 447 4110 586.
