3054 4834
145 625 298 667 Concordatmn

137 697 161 737 ln
173 695 250 736 bonnm
259 697 297 737 Ec-

179 767 262 808 elesius.

311 479 363 531 396
595 473 680 526 XXII.
701 473 892 526 Controversia
911 473 944 527 (le
964 473 1149 542 Investitmis.

310 621 506 684 investitura
526 643 587 703 per
611 615 755 679 baculam
786 628 815 678 et
846 617 1008 679 citivolum.
1056 617 1212 681 Vidimus
1243 620 1304 682 ista
1337 623 1368 683 in
1398 643 1427 682 re

310 720 411 782 fnisse
436 719 619 780 maximum
644 713 839 798 periculum,
865 716 1042 800 quominus
1059 739 1097 777 ea
1115 717 1242 779 ratione
1257 719 1427 781 auctoritas

310 827 343 880 et
365 813 554 898 jurisdictio
590 812 814 876 ecelesiastica
839 812 1026 897 praesulum
1064 811 1235 877 dimanare
1270 816 1429 879 videretur

309 937 330 977 a
353 923 514 997 potestate
538 910 639 988 civili,
674 919 773 994 atque
797 909 956 972 ecclesiae
981 922 1013 972 et
1037 910 1203 974 dioeceses
1229 911 1368 977 conferri
1391 913 1428 976 alr

310 1011 512 1094 Imperatore
538 1010 635 1072 insita
660 1010 722 1092 ipsi
751 1009 957 1072 anctoritate.
994 1046 1036 1054 -
1070 1011 1108 1071 2⁰
1132 1009 1353 1075 Renuntiavit
1375 1011 1430 1074 lm-

311 1124 441 1194 perator
467 1109 534 1193 juri
570 1106 658 1191 quod
689 1104 752 1168 sibi
789 1127 829 1167 ex
864 1107 1102 1168 consuetudine
1135 1119 1167 1169 et
1203 1131 1263 1171 usu
1293 1108 1430 1196 plurium

309 1205 516 1270 saeculorum
544 1203 747 1276 vindicabat,
780 1203 1001 1267 constituendi
1027 1227 1085 1290 pro
1110 1227 1168 1269 suo
1193 1207 1333 1270 arbitrio
1358 1211 1432 1292 cpis-

310 1327 420 1388 copos.
468 1302 621 1366 Libertas
655 1301 852 1364 electionum
886 1300 1022 1366 solemni
1057 1302 1153 1365 modo
1185 1326 1344 1368 concessa
1378 1307 1433 1368 fnit

253 1425 257 1432 ·
309 1401 459 1486 adeoque
485 1402 635 1484 agnitum
661 1409 692 1462 et
717 1399 925 1462 vindicatum
946 1401 1003 1484 jus
1019 1399 1189 1464 Ecclesiae
1213 1403 1434 1467 constituendi

311 1500 465 1562 fidelibus
489 1509 645 1583 pastores,
671 1497 759 1583 qnod
779 1498 835 1582 jus
859 1519 897 1559 eo
922 1511 1067 1582 tempore
1090 1498 1249 1562 electione
1275 1504 1435 1565 canonica

309 1596 538 1660 exercebatur.
588 1596 773 1680 Utrumque
798 1594 861 1658 lroc
891 1609 990 1680 capnt
1015 1599 1134 1660 summi
1166 1601 1328 1662 momenti
1360 1613 1436 1664 erat.

311 1706 380 1757 tum
407 1695 514 1780 quoad
540 1695 822 1758 consecrationem
858 1715 954 1756 verae
979 1694 1149 1758 doctrinae
1175 1695 1215 1760 de
1240 1700 1436 1760 :anctoritate

310 1816 350 1856 ao
383 1793 422 1856 de
448 1791 581 1878 juribus
605 1791 790 1863 Ecclesiae,
827 1801 894 1854 turn
935 1793 1043 1877 quoad
1079 1793 1213 1857 modum
1251 1799 1436 1880 practicam

310 1891 441 1974 agendi.
463 1929 499 1938 —
519 1892 556 1954 3⁰
574 1893 659 1976 Apte
677 1891 853 1953 constituto
880 1889 1070 1954 discrimine
1096 1893 1181 1954 inter
1204 1894 1433 1956 investituram

310 1989 579 2068 ecclesiasticam,
598 2001 631 2050 et
646 1990 730 2051 inter
744 1989 975 2050 investituram
992 1989 1198 2052 saecularem
1217 2003 1248 2053 et
1264 1993 1435 2074 profanam

311 2109 369 2171 per
393 2098 569 2171 sceptrum,
596 2109 660 2171 qua
685 2087 825 2150 conferri
851 2097 978 2148 tantum
1005 2087 1103 2151 feuda
1129 2102 1161 2150 et
1184 2088 1309 2172 regalia
1340 2093 1425 2154 mani

310 2184 430 2246 festum
450 2195 529 2262 erat,
553 2183 704 2248 Ecclesia
720 2183 798 2246 dnm
817 2184 978 2268 ejusmodi
998 2185 1435 2272 investituramImperatori

309 2283 482 2362 concessit,
508 2304 566 2366 per
582 2304 615 2345 se
640 2282 766 2346 nullum
784 2283 989 2345 auctoritatis
1002 2295 1034 2345 et
1043 2283 1169 2368 jurium
1188 2307 1326 2348 suorum
1345 2287 1434 2350 deiri·

310 2391 457 2442 mentum
474 2380 671 2464 patiebatur.
702 2379 865 2458 Quamvis
882 2381 983 2463 igitur
1007 2381 1105 2443 etiam
1132 2383 1201 2444 sine
1227 2385 1437 2450 investitura.

310 2480 357 2541 uti
383 2479 513 2562 saepius
529 2479 723 2562 Imperatori
749 2477 972 2558 significatam
989 2477 1105 2560 suerat,
1132 2478 1229 2564 hujus
1247 2483 1331 2565 jura
1349 2482 1436 2546 salva

308 2575 449 2639 finissent
473 2587 540 2639 eta
557 2575 762 2662 praesulibus
777 2574 945 2654 obermtn,
971 2585 1098 2659 potera-t
1112 2587 1224 2640 tamen
1241 2581 1271 2642 ei
1290 2579 1377 2644 lracc
1397 2584 1438 2644 in·

310 2676 469 2736 vestitura
484 2697 541 2758 per·
549 2687 715 2756 sceptrum
729 2675 967 2736 convenienter·
980 2672 1127 2753 concedi,
1139 2696 1239 2758 quum
1251 2683 1438 2764 acceptatio

308 2772 451 2855 symboli
478 2776 589 2854 attigui
616 2773 772 2835 momenti
788 2781 820 2834 ct
834 2770 935 2833 veluti
952 2771 1179 2854 vaoimoniuu
1199 2773 1373 2840 fidelitatis
1388 2777 1439 2841 lia·

309 2869 451 2934 iteretur.
479 2909 519 2916 -
542 2872 580 2932 4⁰
603 2873 639 2933 In
656 2893 693 2932 eo
719 2882 805 2932 certe
818 2869 972 2932 Pontifex
990 2869 1144 2954 prudenti
1163 2875 1362 2937 oeconomia
1386 2875 1438 2937 ali-

308 2969 389 3053 quid
404 2969 597 3053 Imperatori
615 2966 761 3042 indulsit,
788 2968 876 3052 quod
894 2969 1125 3032 investituram
1142 2991 1200 3053 per
1217 2981 1392 3054 sceptrum
1408 2977 1438 3036 in

308 3065 490 3129 Germania
514 3078 589 3129 ante
613 3067 892 3129 consecrationem
918 3065 1106 3130 faciendam
1131 3089 1201 3130 esse
1226 3079 1438 3134 statueretur.

311 3165 383 3227 Hac
399 3166 524 3227 ratione
541 3167 628 3226 eninr
644 3164 828 3249 Imperator
851 3162 1008 3227 dilatione
1033 3167 1249 3228 investiturae
1274 3189 1439 3252 personae

307 3263 432 3326 electae
457 3265 565 3325 minus
588 3273 702 3345 gratae
726 3261 963 3346 impedimenta
988 3263 1150 3347 quaedam
1167 3287 1206 3326 ac
1222 3264 1438 3330 difficultates

308 3383 424 3446 parare
454 3369 593 3444 poterat,
631 3374 662 3423 et
696 3360 854 3423 indirecte
882 3361 952 3445 jam
986 3363 1019 3424 in
1043 3360 1237 3425 electionem
1268 3365 1436 3428 inflnxnm

307 3459 484 3544 qnermlam
500 3457 654 3521 lierbebat.
691 3460 881 3521 Discrimen
906 3458 969 3522 hac
994 3461 1027 3522 in
1054 3482 1087 3521 re
1112 3461 1197 3521 inter
1214 3460 1434 3526 Germaniam

306 3569 339 3619 et
377 3556 459 3619 alias
489 3555 622 3640 Imperii
656 3567 765 3640 partes
797 3559 1011 3620 constitutum
1047 3555 1125 3636 fnit,
1161 3561 1238 3642 quia
1271 3559 1374 3623 fetida
1407 3577 1435 3621 et

306 3654 431 3737 regalia
455 3650 642 3739 praesulum
669 3653 869 3718 Germaniae
894 3677 1072 3740 eorumque
1096 3657 1243 3739 potentia
1269 3657 1381 3740 civilis
1406 3675 1434 3719 ct

307 3751 441 3838 politica
479 3752 579 3815 mnlto
620 3754 745 3837 majora
780 3765 887 3829 erant,
927 3774 1025 3837 qnam
1062 3752 1250 3838 praesulum
1292 3754 1432 3818 aliarum

307 3853 451 3934 partium
477 3853 622 3935 Imperii.
661 3851 750 3913 Hinc
775 3851 883 3936 quoad
910 3851 1111 3914 Germaniae
1137 3854 1309 3936 episcopos
1333 3855 1433 3938 privi-

305 3948 428 4032 legium
459 3949 600 4032 speciale
633 3948 882 4012 eoncedendum
915 3971 984 4012 esse
1014 3948 1202 4012 videbatur.
1236 3987 1278 3996 -
1309 3951 1348 4012 5⁰
1383 3951 1433 4013 ln·

305 4046 410 4109 dulsit
426 4047 577 4110 Calixtus
594 4070 725 4132 qnoque
741 4047 866 4132 aliquid
884 4047 969 4110 ultra
988 4047 1138 4132 justitiae
1156 4049 1295 4130 rigorem
1321 4049 1429 4134 quoad

307 4144 472 4206 influxam
484 4144 695 4228 Imperatoris
712 4147 744 4209 in
758 4143 934 4207 electiones
950 4144 1149 4228 praesulum.
1178 4143 1278 4208 Haud
1291 4149 1431 4230 exignus

307 4243 396 4303 einim
429 4255 498 4304 crat
529 4243 684 4324 irrtluxns,
718 4264 814 4328 quem
849 4264 889 4304 ex
915 4243 954 4306 iis
987 4265 1072 4328 quae
1097 4245 1130 4307 in
1156 4246 1376 4306 conventione
1400 4247 1429 4305 ei
