2952 4832
311 465 364 516 ete
543 463 603 517 XX.
623 463 662 516 De
680 467 755 516 statu
777 463 844 516 Eecl.
865 463 951 517 medio
969 478 1037 518 saec.
1058 463 1205 518 undecimo.

312 607 451 669 Rontaai
471 624 593 691 [tapam
616 606 828 683 t·eduaetuat;
852 617 881 668 et
892 615 1081 691 potestatem
1102 631 1196 692 quitum
1207 610 1297 693 prius
1317 608 1408 672 ltaluit

310 705 437 790 recepit,
462 715 491 768 et
516 727 619 768 omues
637 703 822 790 pacificavit
844 705 878 766 in
902 727 944 768 sc.
991 704 1125 788 Ideoque
1148 708 1253 770 venire
1274 728 1332 770 nou
1349 729 1408 790 por·

310 823 393 880 a-am;
426 802 557 887 incutiet·
580 823 633 887 epo
650 805 723 890 jam
745 824 840 866 aenea
864 825 940 865 erutis.
988 803 1050 866 His
1075 803 1197 868 auditis
1221 803 1326 866 beatus
1345 804 1409 866 Pou-

312 899 393 984 tifeoo
416 902 487 977 iter,
511 899 594 984 qaod
609 911 735 985 ceperat
758 899 865 976 rediit,
890 911 920 964 et
934 902 1126 986 Imperatori
1147 903 1296 966 taaeeroa
1316 923 1409 964 naari-

309 1001 399 1078 cit.¹)
427 997 610 1081 Imperator
632 1017 727 1082 porro
752 999 972 1062 comminatus
996 1009 1044 1062 est
1059 999 1236 1078 Bonifatio,
1261 1022 1296 1062 se
1316 999 1408 1082 ipsun

310 1105 497 1174 venturum,
523 1106 559 1158 ut
583 1094 785 1158 conduceret
800 1095 995 1177 Damasum,
1021 1097 1156 1181 ejusque
1176 1099 1276 1162 minis
1290 1117 1410 1160 commo·
1455 1147 1456 1152 ,

309 1203 362 1258 tus
384 1193 586 1273 Bonifatius,
619 1214 677 1277 per
705 1191 851 1275 legatum
884 1215 979 1258 suum
1011 1195 1131 1274 olfecit,
1160 1204 1201 1258 ‘ut
1231 1193 1410 1261 Benedictus

310 1291 429 1356 Sedem
454 1289 680 1375 Apostolicem
708 1291 918 1377 relinqueret,
951 1303 985 1356 et
1007 1293 1174 1356 Damasus
1198 1293 1320 1356 Romae
1346 1293 1409 1352 reci-

308 1399 450 1474 peretur.
497 1390 611 1452 Mense
635 1387 726 1454 Julio
747 1389 900 1453 Pontifex
915 1389 1054 1454 Romam
1079 1393 1241 1476 pervenit,
1266 1389 1320 1454 sed
1343 1403 1411 1472 post·
1455 1431 1456 1478 ,

309 1509 408 1572 quam
433 1487 572 1552 sedisset
595 1497 721 1552 tantum
748 1489 867 1572 viginti
891 1498 957 1552 tres
981 1486 1061 1566 dies,
1093 1498 1241 1552 mortuus
1265 1499 1313 1552 est
1333 1487 1410 1550 Prae·

259 1591 264 1604 ’
307 1587 390 1650 nesti
422 1585 475 1650 die
510 1587 530 1648 9
559 1585 702 1667 Augusti
735 1587 814 1650 anni
852 1585 946 1650 1048.
993 1585 1100 1650 Fuere
1131 1587 1188 1670 qui
1219 1587 1410 1669 scripserunt.
1455 1589 1456 1650 l

309 1705 370 1769 ope
394 1683 568 1748 Benedicti
584 1682 635 1746 IX
659 1705 733 1748 eum
761 1704 888 1748 veneno
904 1682 1070 1748 sublatum
1085 1684 1198 1760 fuisse,
1221 1681 1280 1746 sed
1297 1680 1409 1766 plurimi
1455 1673 1456 1734 l

307 1781 430 1846 fabulis
455 1781 488 1844 id
512 1779 725 1861 adscribunt,
756 1803 817 1846 nec
841 1783 930 1844 enim
953 1801 1072 1864 graves
1095 1792 1245 1846 auctores
1270 1779 1410 1844 illinere

308 1881 384 1944 tatis
408 1890 609 1964 supponunt,
634 1878 797 1964 ejusmodi
820 1879 950 1943 facinus
975 1881 1187 1944 commissum
1216 1901 1297 1944 esse.
1329 1875 1410 1942 Humi
1455 1863 1456 1950 i

308 1979 439 2056 mirum,
465 1979 490 2040 si
508 1977 675 2040 Damasus
700 1975 953 2041 difficultatibus
978 1977 1088 2042 multis
1112 1979 1279 2053 anxiatus,
1304 1976 1410 2040 itineris

307 2076 501 2159 fatigatione
534 2075 694 2156 infirmus,
728 2075 845 2139 aestivi
870 2077 1028 2159 temporis
1051 2074 1227 2140 ardoribus
1251 2077 1409 2160 impetitus.
1455 2077 1456 2146 l

306 2174 394 2238 luem
419 2174 584 2236 contraxit
607 2183 640 2235 et
665 2171 758 2236 brevi
783 2175 965 2238 exstinctus
988 2183 1047 2238 est.
1080 2173 1198 2238 Virum
1222 2172 1410 2258 praeclarum

307 2293 382 2334 eum
411 2272 512 2334 fuisse
543 2292 586 2334 ex
609 2269 752 2334 Bavaria
776 2271 963 2352 oriundum,
998 2281 1030 2334 et
1054 2271 1248 2357 pontificatu
1280 2271 1409 2353 dignum.

308 2371 481 2454 scriptores
506 2371 620 2432 coaevi
645 2367 790 2434 tradunt.
837 2367 902 2432 Sed
927 2368 1096 2455 displicuit
1119 2367 1231 2432 multis
1252 2369 1410 2454 Imperato-

307 2467 352 2528 ris
376 2465 567 2545 dominatio,
592 2489 631 2530 ae
652 2476 825 2552 propterea
842 2467 924 2532 forte
949 2478 981 2531 et
1004 2470 1074 2552 ipse
1090 2466 1261 2546 Pontifex,
1286 2465 1410 2550 indeque

306 2565 431 2628 factum
456 2585 526 2626 esse
550 2563 691 2644 videtur,
716 2573 753 2628 ut
768 2565 893 2630 Bonizo
911 2565 1027 2629 durius
1050 2565 1091 2628 de
1104 2565 1249 2628 Damaso
1266 2563 1410 2649 loquatur.

308 2661 431 2726 Scribit
454 2662 543 2726 enim
567 2664 653 2747 ipse:
681 2661 865 2747 Imperator
886 2664 1055 2749 pattitiali
1079 2663 1248 2749 waautide
1273 2661 1412 2724 deditas

308 2783 347 2822 aa
372 2758 469 2822 latere
495 2783 549 2823 auo
573 2761 737 2845 quemdam
761 2763 950 2847 episcopum,
974 2764 1075 2825 ustam
1091 2762 1176 2824 omiti
1190 2758 1340 2845 superbia
1355 2755 1410 2844 ple-

307 2881 392 2935 aam,
425 2857 582 2921 mundano
607 2856 723 2943 italyto
747 2858 823 2922 deici
844 2858 1027 2944 Bonifatio,
1059 2871 1094 2923 at
1124 2881 1193 2922 eum
1219 2859 1348 2920 Romana
1368 2855 1411 2916 ‹lu-

308 2965 398 3032 eerct,
430 2965 459 3018 et
489 2977 528 3018 ea·
550 2965 645 3041 parte
669 2978 727 3018 arua
751 2957 988 3021 inthronizaret.
1039 2955 1131 3030 Quod
1166 2967 1195 3019 et
1216 2955 1343 3040 faetent
1369 2963 1411 3014 at.

312 3050 410 3125 Quem
441 3062 470 3114 et
501 3051 566 3116 alio
598 3055 723 3116 nomiae
754 3054 930 3118 Damasum
959 3066 1155 3118 uocauerant.
1204 3055 1236 3117 Is
1260 3064 1411 3139 postquam

309 3149 413 3214 oedem
436 3151 634 3235 pontificiam
661 3153 790 3230 invasit,
823 3163 989 3238 antequam
1013 3153 1061 3217 bit
1084 3153 1160 3216 detti
1182 3152 1252 3215 dica
1276 3149 1411 3214 uolucres·

310 3259 370 3324 tur,
395 3269 524 3332 crispare
549 3259 578 3312 et
593 3248 701 3312 anima
714 3261 854 3314 mortuas
878 3260 932 3314 eet.
968 3247 1064 3339 Cujus
1085 3261 1150 3313 tam
1164 3249 1412 3312 cearemuuraa

309 3346 474 3410 audientes
506 3345 738 3411 rultrmnoataai
771 3349 912 3434 episcopi
941 3349 979 3414 de
1021 3360 1142 3412 caetero
1174 3349 1342 3411 timuerunt
1368 3341 1411 3406 illu

309 3441 455 3523 venire.²l

360 3627 517 3635 ——uffl-ss

384 3727 402 3790 ¹)
423 3724 547 3778 ,trinales
567 3725 641 3777 Rom.
663 3721 680 3775 l.
700 3737 721 3775 e.
743 3737 767 3788 p.
788 3721 830 3774 74.

382 3833 404 3902 ²)
424 3833 465 3886 Ad
478 3831 599 3885 Amicum
619 3829 635 3884 l.
650 3829 682 3884 V.
702 3827 719 3883 l.
739 3844 760 3881 u
780 3843 806 3894 p.
826 3827 867 3880 78.
882 3856 916 3866 —
930 3826 972 3880 Ex
991 3825 1093 3880 ultimis
1108 3823 1196 3879 verbis
1215 3823 1300 3878 infert
1313 3821 1411 3876 otmar.

310 3913 427 3980 (Gregor
446 3911 505 3976 Vll,
526 3911 558 3964 V.
578 3910 652 3974 584),
675 3907 768 3961 multis
788 3906 966 3974 suspicionem
984 3903 1068 3959 fuisse
1087 3903 1119 3958 de
1137 3911 1224 3958 morte
1243 3903 1356 3958 riolems
1373 3897 1411 3950 llu-

309 3991 376 4047 masi
397 3991 436 4058 113
456 3991 502 4044 sed
521 4005 603 4059 aegre
622 3989 764 4050 crederem,
785 3987 813 4040 id
832 3986 996 4040 aBonizone
1016 3984 1155 4040 insinuari.
1172 4015 1203 4022 —-
1218 3982 1327 4050 Scripsit
1345 3997 1361 4032 s.
1375 3978 1411 4028 Pe-

311 4083 369 4126 trus
387 4071 543 4136 Damianos,
563 4067 751 4122 Alexandroll
769 4065 909 4131 Pontifice,
934 4065 1091 4132 opusculum
1103 4063 1218 4133 (mu)
1238 4063 1282 4118 De
1300 4061 1410 4114 breuitate

311 4153 385 4205 ritae
405 4152 439 4204 R.
453 4151 488 4204 lt.
505 4151 679 4216 Pontificum.
717 4147 841 4201 Pericula
858 4145 953 4200 mortis
972 4144 1108 4198 violentae
1127 4144 1160 4198 iis
1178 4143 1316 4197 imminere
1332 4137 1410 4193 ibidem

312 4247 346 4283 ue
366 4230 475 4284 verbulo
495 4229 600 4296 quidem
620 4227 731 4282 indicat.
756 4227 813 4280 Imo
832 4233 1037 4280 coinniemorata
1056 4236 1140 4280 morte
1160 4224 1281 4280 uiolenta
1297 4219 1409 4274 radoan
