2898 4836
397 495 523 565 Gregorii
542 495 567 548 V
586 493 770 550 Pontificatus.
1102 495 1154 550 103

56 663 135 724 prus
146 640 266 725 feretra
293 661 424 725 mopaoe
448 637 578 716 indolis,
602 635 668 715 sed,
692 637 900 722 quodminus
924 637 1045 720 bonum,
1076 639 1153 702 raal-

57 750 108 802 lan
120 737 265 824 fervidae
281 738 467 824 jarentona.
493 735 586 798 Hunc
609 737 685 820 quio
707 737 775 821 rapi
791 733 919 821 placuit
943 735 1154 824 amajore'bus

54 835 162 898 eleemos
176 835 380 920 Mopsmtiaus
403 835 655 919 archiepiscopus
680 831 862 918 Willipiaue,
887 843 916 896 et
936 855 1011 897 anua
1033 831 1154 920 college

54 931 247 997 Hildeboldus
277 934 442 1018 epiecopus
470 931 673 999 addae-‘cerami
696 932 846 1010 Romaa-
870 931 1010 1018 proinde
1040 955 1061 995 u
1089 933 1152 996 Ro-

52 1032 138 1094 aoaa'r
158 1031 322 1114 mortiise
346 1039 518 1116 caeparia,
551 1029 595 1093 od
624 1029 679 1093 loc
711 1027 855 1093 ordinati
884 1030 1024 1116 epiceopi
1050 1029 1152 1116 Apos-

51 1127 129 1192 toiieo
150 1129 263 1192 boam
285 1127 571 1214 promulqcmat.¹)
617 1126 704 1190 Eum
732 1135 844 1191 tamen
872 1127 996 1190 Romae
1021 1125 1151 1214 publico

48 1249 180 1290 reuersa
203 1237 234 1290 et
257 1226 404 1290 electione
427 1223 622 1290 Pontificem
647 1232 794 1288 creatum
818 1245 903 1305 esse,
933 1223 1028 1288 addit
1052 1221 1150 1289 Chro-

48 1325 119 1388 nista
145 1323 380 1405 Hildesiensis3
412 1323 561 1409 adeoque
591 1321 669 1388 oco
692 1322 883 1386 Brunonem
915 1323 1150 1407 praesentavit,

46 1421 137 1486 cleros
167 1431 280 1486 autem
311 1420 518 1507 populusque
552 1419 721 1484 Romanus
753 1419 900 1504 legitimo
936 1419 1034 1484 modo
1074 1440 1150 1484 eum

45 1518 167 1604 elegire
214 1518 443 1584 Crescentium
478 1537 558 1581 vero
591 1517 728 1604 ejusque
758 1517 899 1582 asseclas
923 1537 1089 1582 censerem
1114 1519 1149 1582 in

44 1617 119 1681 hisce
141 1619 200 1680 vix
227 1627 354 1702 partem
369 1613 535 1696 habuisse,
561 1617 714 1700 quamvis
730 1618 879 1680 resistere
895 1635 962 1678 non
978 1613 1149 1686 auderent,

44 1714 195 1779 l'erterriti
223 1717 311 1779 enim
336 1722 431 1778 erant
452 1713 600 1777 adventu
625 1712 773 1794 Ottonis,
805 1723 838 1777 et
860 1735 935 1799 pars
959 1713 1061 1778 altera
1084 1717 1146 1781 Im·

41 1815 165 1894 peratori
185 1813 305 1877 savena
319 1810 542 1898 praevalebat,
559 1812 655 1896 eique
662 1810 734 1897 jam
748 1810 924 1876 multitudo
937 1810 1150 1879 adhaerebat.

117 1929 190 1992 104.
240 1926 405 2006 Pontifex,
430 1927 487 2012 qui
510 1934 639 1988 tantum
657 1925 776 2010 viginti
805 1934 946 2010 quatuor
968 1949 1072 1994 annos
1096 1929 1151 1995 ha-

39 2024 133 2099 bebat,
163 2023 339 2112 Gregorius
368 2022 575 2109 Vappellari
599 2022 719 2103 voluit,
757 2025 892 2109 ipseque
922 2024 976 2088 die
1000 2025 1151 2093 Ascensi-

36 2124 97 2186 onis
113 2123 255 2188 Domini
279 2124 357 2186 anni
382 2121 448 2185 996
472 2142 592 2205 magno
617 2121 764 2185 omnium
788 2121 911 2206 gaudio
927 2121 1080 2188 Ottonem
1099 2127 1150 2190 ΙΙΙ

37 2223 63 2283 in
78 2221 316 2306 Imperatorem
341 2220 521 2284 coronavit.
555 2217 739 2303 Imperator
760 2217 872 2282 habito
897 2241 972 2283 cum
992 2221 1151 2288 Romanis

37 2317 147 2401 placito
184 2317 413 2381 Crescentinm
448 2316 615 2380 consulem
650 2326 682 2379 et
704 2317 896 2402 patricium,
930 2320 988 2404 qui
1011 2319 1320 2386 Joannjscmmua

35 2419 259 2480 anctoritatem
283 2415 365 2480 adeo
390 2423 633 2494 coarctaverat,
667 2413 766 2478 exilio
800 2413 938 2479 multare
971 2419 1150 2502 constituit,
1206 2388 1278 2432 ”mm

34 2513 83 2578 aed
115 2525 255 2600 propter
290 2534 404 2599 preces
438 2510 589 2596 Gregorii
620 2512 651 2574 V
685 2513 714 2575 ei
743 2511 934 2599 pepercit.³)
980 2513 1025 2580 At
1047 2536 1149 2601 quum

34 2615 102 2675 lltto
125 2611 180 2676 III
208 2613 242 2676 in
267 2611 481 2676 Germaniam
504 2609 670 2690 rediisset,
706 2632 784 2673 mox
814 2607 1023 2676 Crescentius
1045 2625 1150 2699 potes·

31 2721 122 2773 tatem
148 2712 186 2774 in
214 2708 303 2774 Urbe
328 2711 446 2772 iterum
470 2708 619 2792 arripuit,
645 2707 907 2793 Gregoriumque
936 2730 1047 2774 mense
1073 2709 1150 2798 Sep·

30 2805 142 2870 tembri
168 2829 202 2872 a.
227 2807 291 2870 996
316 2807 424 2890 coegit
447 2817 485 2869 ut
508 2805 702 2870 Ravennam
727 2806 927 2890 confugeret.
961 2808 1031 2872 Nec
1047 2809 1149 2874 multo

28 2915 95 2986 post
123 2905 272 2969 adduxit
301 2903 467 2969 loannem
497 2902 732 2988 Philagathum
763 2906 955 2990 episcopum
986 2905 1147 2971 Placenti·

27 3023 110 3086 num,
136 3011 176 3064 ut
203 2999 322 3065 Sedem
345 2999 571 3086 Apostolieam
595 2999 777 3079 invaderet,
803 3011 835 3064 et
858 3001 919 3065 sub
944 3006 1076 3068 nomine
1094 3005 1148 3072 Jo-

25 3101 116 3163 annis
140 3099 230 3164 XVI
246 3097 405 3184 Gregorio
430 3121 464 3162 se
481 3107 670 3184 opponeret.
704 3099 786 3162 Erat
808 3101 869 3162 iste
884 3099 1030 3165 Joannee
1046 3100 1146 3166 Grae·

26 3219 78 3260 uus
108 3219 153 3262 ex
181 3195 337 3260 Calabria
368 3197 545 3280 oriundus,
579 3206 678 3282 atque
710 3196 971 3262 archimandrita
1004 3201 1147 3284 primum

97 3343 234 3350 *m

96 3402 116 3459 'l
136 3401 191 3467 Ap.
214 3399 295 3452 Perta
313 3401 348 3455 Μ.
370 3401 401 3456 G.
421 3401 474 3455 Ser.
493 3400 526 3452 V.
546 3401 606 3454 590.
643 3433 646 3440 ·

91 3478 111 3542 ἰ
136 3479 308 3546 „Imperator
321 3522 327 3534 .
342 3519 348 3530 .
363 3518 369 3534 .
388 3479 495 3547 publico
513 3495 644 3534 consensu
657 3489 686 3534 et
704 3481 834 3536 electione
847 3483 912 3536 lecit
931 3482 959 3538 in
972 3484 1146 3550 apostolicam

22 3560 107 3614 -edem
126 3558 251 3613 ordinari
270 3575 348 3614 snum
366 3567 490 3628 nepotem
509 3559 645 3614 dominum
663 3561 841 3616 Brunonem.“
874 3563 972 3618 Annal.
992 3563 1093 3618 Hildes.
1112 3563 1146 3617 ad

21 3655 41 3692 .ι.
62 3639 132 3707 996;
153 3655 199 3707 ap.
218 3639 299 3693 Perta
318 3639 353 3694 Μ.
374 3640 405 3694 G.
426 3641 478 3694 Ser.
497 3639 549 3695 ΙΙΙ.
570 3641 613 3694 91.

89 3721 111 3782 ³1
133 3719 266 3787 Quamvis
280 3719 449 3774 crescentius
461 3719 561 3774 Joanni
575 3719 625 3773 XV
638 3720 828 3775 auctoritatem
848 3737 947 3790 magna
961 3737 993 3776 ex
1006 3730 1083 3791 parte
1097 3723 1148 3776 eri·

20 3807 101 3865 peret,
122 3807 219 3853 tamen
237 3799 336 3867 passim
355 3799 491 3855 amicitiae
510 3800 648 3869 cujusdam
667 3817 752 3855 nexus
770 3801 844 3856 inter
855 3802 995 3856 Consulem
1014 3809 1042 3856 et
1055 3802 1147 3857 Ponti·

19 3880 238 3934 licemvidentnr
250 3881 396 3936 exstitisse.
425 3881 472 3934 lte
488 3880 651 3935 Benedictus
670 3895 763 3945 comm,
783 3881 923 3936 Pontificio
941 3897 1032 3950 nepos,
1051 3883 1079 3936 in
1092 3899 1148 3936 ma·

19 3959 179 4014 trimonium
205 3959 284 4014 duxit
307 3960 535 4016 Theodorandam
555 3959 704 4014 crescentii
730 3961 819 4015 tiliam.
857 3962 995 4030 Quumque
1021 3961 1086 4016 Otto
1104 3962 1149 4016 111

18 4037 119 4094 Romae
146 4039 262 4107 degeret
287 4039 360 4094 inter
385 4040 540 4094 cardinales
559 4039 699 4094 invenitur
719 4041 801 4094 etiam
821 4040 999 4106 crescentius,
1025 4041 1148 4096 Consulis

19 4119 59 4171 vel
77 4119 154 4173 filius
175 4119 218 4174 vel
237 4119 410 4188 propinquus,
430 4135 509 4187 qoem
527 4127 577 4172 aut
595 4119 713 4174 Joannes
728 4119 784 4188 jam
805 4121 974 4176 Cardinalem
998 4131 1148 4188 creaverat,

18 4206 64 4250 ant
83 4199 238 4266 Gregorius
257 4197 282 4252 V
301 4200 334 4253 ad
354 4199 520 4254 concordiam
538 4199 645 4267 plenam
665 4200 860 4255 restituendam
884 4202 914 4256 in
939 4217 1044 4256 sacrum
1068 4202 1146 4256 colle·

17 4279 90 4339 nium
110 4279 265 4347 adoptavit.
285 4309 319 4319 -
339 4279 395 4335 Cir.
415 4279 587 4348 Domberger,
605 4279 637 4333 B.
656 4279 688 4334 V.
709 4295 733 4348 p.
752 4281 814 4336 486.
