3054 4834
476 477 513 530 De
532 477 608 530 exitu
626 477 833 530 controversiae.
889 551 894 565 ,
1164 481 1219 532 395

104 633 293 704 perseverat,
331 631 444 705 utpote
477 621 676 683 sanctissimi
706 619 888 700 Pontificis,
921 623 975 684 661
1003 621 1092 685 Deus
1126 622 1220 686 dedit

104 719 187 782 brevi
212 718 290 783 licet
313 720 470 803 temporis
494 717 688 802 pontificatu
712 717 796 781 adeo
819 717 962 802 gloriosa
985 741 1160 804 peragere,
1185 731 1220 784 et

104 814 404 901 praedecessoribus
434 817 627 880 inconcessa
660 815 831 899 perficere,
871 838 1000 882 necnon
1031 817 1217 882 Ecclesiam

104 916 265 978 servitutis
283 915 365 1000 jugo
382 913 572 998 depressam
588 911 760 976 vindicare
780 915 813 976 in
831 915 1003 998 pristinam
1020 915 1219 980 libertatem.

105 1013 263 1076 llenricus
286 1013 315 1074 V
340 1021 450 1078 autem
476 1011 571 1074 brevi
597 1021 669 1094 post
693 1010 869 1075 defunctus
893 1022 951 1090 est,
988 1013 1142 1077 videlicet
1165 1014 1220 1078 die

104 1111 159 1173 23⁰
181 1110 259 1196 llaji
284 1111 363 1173 anni
392 1111 486 1174 1123.

186 1253 241 1317 53.
277 1251 400 1332 Restat,
427 1263 463 1314 ut
486 1272 593 1336 pauca
618 1250 659 1313 de
682 1250 789 1313 indole
815 1249 1013 1316 Concordati
1039 1255 1221 1318 Wormati-
1251 1254 1378 1311 66661666

1273 1337 1363 1381 indoler-

103 1352 186 1414 ensis
217 1349 536 1430 animadvertamus,
588 1349 736 1412 Fuerunt
782 1349 939 1414 videlicet
977 1362 1128 1416 auctores
1164 1356 1220 1440 qui

103 1457 307 1527 censuerunt,
340 1448 516 1510 minimum
548 1469 588 1509 ac
618 1447 687 1511 fere
720 1447 803 1511 nihil
833 1457 908 1534 post
931 1449 1126 1516 diuturnum
1155 1475 1221 1516 ccr-

103 1559 209 1609 tamen
233 1544 357 1609 Calixti
380 1545 482 1608 Pacto
514 1543 557 1607 ab
582 1543 732 1608 Ecclesia
763 1567 833 1608 esse
857 1545 1038 1630 obtentum,
1073 1550 1222 1636 adeoque

104 1645 263 1707 immerito
287 1641 465 1706 Pontifices
488 1653 579 1707 tanto
604 1651 750 1728 tempore
775 1665 850 1706 cum
875 1644 1136 1731 Imperatoribus
1159 1646 1222 1712 liti-

101 1744 242 1824 gasse¹).
288 1741 379 1804 Inter
410 1740 491 1804 alios
515 1741 614 1802 etiam
641 1739 749 1803 Oantb
778 1743 811 1804 in
837 1764 896 1805 sua
920 1743 1068 1808 Historia
1092 1748 1221 1810 univcr-

102 1840 160 1904 sali
184 1839 314 1902 scribit:
356 1839 423 1922 ,lei
448 1860 482 1901 se
506 1837 699 1901 terminale
723 1841 866 1923 premier
889 1850 961 1904 acte
986 1842 1026 1905 de
1051 1841 1082 1906 la
1105 1866 1224 1928 guerre

103 1938 159 2001 des
191 1939 422 2016 investituras,
461 1935 522 2000 elle
554 1937 646 1998 avait
669 1936 750 2000 dure
778 1949 939 2023 quarante
964 1962 1037 2020 ans,
1076 1951 1108 2003 ct
1131 1945 1226 2006 avait

103 2040 152 2099 ete
174 2035 321 2099 souilldc
361 2035 402 2098 de
434 2057 516 2118 sang
551 2045 583 2096 61
614 2033 808 2118 d’intrigues
848 2035 1006 2117 ignobles.
1054 2037 1159 2103 Toute
1192 2040 1225 2104 16

102 2134 203 2214 gleire
234 2134 275 2198 de
309 2141 360 2196 cet
390 2141 623 2215 arrangement
656 2143 743 2196 resta
774 2133 792 2196 ὲ
825 2132 971 2214 Calixte,
1009 2137 1028 2198 ὲ
1058 2158 1156 2200 66666
1183 2136 1225 2201 de

101 2232 240 2296 l'amour
271 2231 313 2295 de
337 2230 369 2294 la
392 2231 472 2315 paix
497 2229 577 2314 qu’il
601 2251 643 2292 ne
668 2252 759 2294 cessa
783 2230 825 2293 de
848 2241 1009 2311 montrer3
1047 2235 1128 2297 mais
1153 2243 1226 2298 tout

101 2330 288 2413 l'avantage
312 2351 353 2392 en
377 2329 428 2392 fut
450 2351 492 2392 au
517 2329 658 2413 pouvoir
673 2326 822 2408 se'culier,
847 2330 986 2396 attendu
1009 2353 1073 2417 que
1093 2331 1224 2418 l’empe-

102 2449 177 2490 rcnr
200 2449 242 2490 ne
266 2427 350 2490 cede
375 2448 430 2490 sur
453 2448 583 2489 aucune
615 2425 655 2488 de
689 2448 739 2489 ses
772 2427 992 2510 pretendens,
1028 2438 1060 2492 et
1092 2452 1156 2515 que
1188 2454 1224 2495 sa

102 2528 258 2610 presence
298 2525 381 2589 dans
413 2524 460 2588 les
495 2524 653 2587 electioris
679 2523 726 2587 lui
757 2527 948 2609 permettait
976 2526 1145 2590 d’exercer
1184 2550 1224 2592 en

102 2623 298 2706 Allemagne
333 2646 396 2687 une
425 2626 542 2708 espace
574 2622 615 2685 dc
647 2613 847 2707 sirprematie
884 2634 915 2687 et
954 2625 995 2687 de
1026 2625 1149 2710 diriger
1179 2626 1228 2690 les

101 2723 261 2805 suffrages
284 2725 304 2784 b
328 2743 386 2785 son
410 2724 488 2804 grd“
502 2720 538 2802 ²).

192 2865 245 2928 54.
279 2863 380 2928 Haud
405 2865 524 2927 mirum
550 2875 607 2944 cst,
633 2862 720 2927 hanc
744 2885 814 2927 esse
838 2867 1035 2928 sententiam
1054 2865 1227 2930 clarissimi

102 2963 202 3049 hujus
226 2965 379 3043 auctoris,
406 2963 499 3049 cujus
523 2964 713 3048 opinionem
738 2962 779 3026 de
802 2961 858 3025 lite
883 2962 992 3047 quoad
1015 2965 1231 3028 investituras

93 3063 170 3147 jam
206 3063 548 3125 commemoravimus.
600 3059 666 3124 Sed
691 3063 800 3123 minus
823 3069 976 3125 accurate
1000 3060 1083 3125 haec
1113 3063 1225 3140 asseri,

99 3169 270 3244 agnoscet,
314 3160 370 3244 qui
406 3158 664 3222 controversiam
708 3157 749 3220 de
782 3159 987 3222 investituris
1020 3158 1052 3222 et
1082 3157 1227 3222 indolem

100 3257 304 3322 Concordati
319 3257 574 3320 ll'ormatiensis
591 3253 705 3319 sedulo
721 3256 943 3341 perpenderit.
972 3255 1122 3320 Ecclesia
1138 3256 1231 3320 vide·

8 3372 11 3381 '
98 3358 181 3420 lieet
205 3357 378 3419 victoriam
404 3355 472 3418 sere
497 3353 694 3438 completam
720 3355 781 3416 ista
806 3356 839 3417 in
864 3377 898 3417 re.
923 3357 1113 3439 reportavit,
1139 3355 1228 3441 quod

98 3465 256 3518 auctores
280 3474 411 3538 quoque
435 3452 523 3516 illins
555 3454 629 3514 aevi
665 3461 776 3535 aperte
808 3461 993 3535 agnoscunt
1024 3462 1123 3538 atque
1157 3475 1230 3538 pro-

98 3552 259 3616 clamant.
300 3549 455 3614 Obtinnit
479 3548 637 3613 videlicet
658 3548 809 3612 Ecclesia
834 3571 872 3613 ea
896 3571 980 3635 qnae
1005 3551 1139 3636 majoris
1163 3572 1229 3615 mo-

98 3651 209 3714 menti
233 3659 336 3730 66661,
363 3651 407 3714 116
432 3660 468 3712 61
491 3648 562 3733 ejus
587 3647 742 3730 dignitas,
767 3649 956 3731 auctoritas,
976 3648 1064 3734 jura,
1090 3647 1182 3712 salva
1196 3657 1232 3712 et

98 3758 194 3811 sarta
217 3758 342 3828 essent,
378 3747 532 3832 prudenti
557 3756 668 3810 autem
712 3747 915 3826 oeconomia,
949 3748 1089 3830 seposito
1122 3748 1230 3830 rigore

93 3847 262 3929 justitiae,
287 3847 322 3908 in
344 3843 543 3932 quibusdam
568 3843 763 3928 obsequium
787 3842 922 3928 aliquod
948 3845 1111 3928 praestitit
1122 3844 1230 3929 Impe-

95 3945 216 4009 ratori.
264 3943 374 4029 Atque
401 3945 436 4006 1⁰
460 3943 604 4006 obtinuit
627 3940 787 4020 Ecclesia,
823 3955 859 4006 ut
886 3943 1019 4027 penitus
1042 3940 1232 4006 aboleretur

180 4187 202 4254 ι)
222 4185 254 4236 v.
275 4183 397 4251 Philip,
418 4184 451 4237 u.
472 4183 503 4236 6.
523 4181 574 4236 111.
597 4185 617 4236 ι.
639 4187 653 4244 s
674 4181 732 4236 ras.

178 4266 250 4336 qn.
271 4265 317 4318 xi.
338 4265 376 4318 cn
406 4263 507 4316 xvur.
