2904 4834
394 550 508 607 Photius
526 551 788 621 pseudopatriarcha.
1099 551 1152 606 379

128 695 181 760 7].’
207 695 321 761 Basilii
346 697 558 784 Imperatoris
590 693 717 782 legatus
749 704 862 780 postes
895 695 955 760 sub
980 695 1152 761 Hadriano

53 793 172 858 Remum
196 795 333 876 missus,
365 791 519 859 Pontifici
550 801 582 857 et
605 793 730 878 synodo
754 791 923 866 Romanae,
953 790 1101 857 libellum
1134 817 1153 857 e

53 891 152 956 Photio
175 893 404 977 compositum,
430 911 494 977 quo
518 887 604 954 Acta
628 891 749 975 synodi
774 889 1038 972 continebantur,
1064 891 1153 955 etin

51 989 182 1054 archivio
208 988 341 1054 CPtenc
374 997 559 1074 repertum,
591 987 720 1052 obtulit.
766 987 816 1052 Ee
848 991 1019 1054 occasione
1052 1009 1153 1074 quum

51 1087 167 1151 fraudes
188 1087 310 1172 impios
332 1085 444 1150 Photii
469 1085 737 1167 adverterentur,
766 1085 894 1170 legatus
918 1086 1020 1151 dixit:
1055 1083 1154 1150 (hedo

49 1185 77 1248 io
101 1187 150 1249 too
174 1181 325 1273 opusorelo
349 1183 496 1248 diabolus
520 1183 658 1262 habitat,
688 1186 763 1270 quio
782 1207 843 1270 per
866 1205 901 1248 os
923 1184 1084 1276 complicis
1106 1185 1156 1248 seii

51 1283 144 1346 Plotii
165 1305 205 1346 ee
227 1305 388 1369 prosper
410 1303 442 1345 se
465 1281 568 1345 eiicere
591 1283 714 1367 nequit,
746 1291 875 1346 eructet.
924 1283 1010 1346 Nem
1033 1293 1064 1347 et
1087 1279 1154 1347 ssul-

50 1381 237 1467 renptionem
269 1377 390 1444 Basilii
420 1380 522 1442 nosti
554 1379 760 1465 Imperatoris
789 1389 867 1466 post
898 1377 1156 1466 mbsemptionem

50 1479 217 1556 uictoriis,
234 1463 331 1564 'mem
354 1475 597 1541 ebriosissimum
621 1475 811 1542 subscribere
834 1487 927 1541 noctu
950 1479 1068 1555 suasit,
1084 1473 1155 1563 sel-

49 1577 152 1640 mesine
176 1577 325 1651 venenet,
348 1597 441 1662 quam
465 1577 532 1663 ejus
554 1597 618 1639 mon
642 1598 706 1639 esse
729 1575 887 1638 restitutio
911 1575 1032 1661 lpseotii
1054 1573 1155 1638 decla-

49 1675 133 1750 rarit,
166 1685 199 1738 et
221 1673 401 1758 satisfactio
424 1683 551 1753 nostra,
585 1675 615 1737 si
636 1671 723 1738 eolis
740 1671 918 1760 placuerit,
942 1672 1156 1763 jurejurando

41 1771 177 1854 firmavit
227 1771 339 1856 Neque
361 1771 442 1834 enim
472 1771 567 1834 unius
590 1792 711 1858 semper
739 1769 885 1834 catholici
905 1769 1025 1834 Basilii
1045 1791 1156 1834 nemen

49 1891 102 1932 uon
115 1871 226 1955 poterit
238 1867 333 1953 falso
349 1869 416 1932 suis
429 1865 594 1953 feraliter
608 1869 785 1932 commentis
799 1869 945 1946 inserere,
969 1869 1024 1953 qui
1037 1877 1156 1931 mutato

48 1967 213 2030 western
236 1967 347 2053 potuit
368 1965 536 2030 multonem
559 1967 775 2052 episcoporum
804 1967 933 2029 nomino
955 1987 1023 2030 cum
1041 1965 1156 2049 paucis

47 2063 237 2150 conplicibus
268 2066 336 2128 suis
367 2063 550 2128 desmibcre.
601 2061 739 2138 Quorum
770 2062 915 2128 videlieet
942 2063 1157 2149 episcoporum

48 2163 227 2226 uniomn'tas
251 2173 315 2226 tem
329 2161 477 2227 immunis
492 2171 538 2226 est
551 2163 643 2250 hujus
658 2159 907 2246 subsmiptiouis‚
931 2182 1024 2246 quam
1040 2160 1157 2224 tenoris

46 2259 161 2342 ipsura.
208 2259 371 2346 &molem
392 2259 500 2323 nullus
526 2255 732 2340 C'Ptenernm,
756 2259 882 2345 mondo
905 2257 989 2322 illud
1011 2255 1157 2322 coneilio-

47 2355 141 2420 lulum
164 2355 324 2421 collectum
345 2355 467 2443 fuisset
490 2356 582 2442 (quia
603 2379 715 2422 revere
737 2379 793 2420 uec
815 2355 902 2442 fuit)
927 2357 1069 2444 opnooit,
1104 2355 1158 2420 sed

45 2455 112 2537 pusio
136 2453 443 2541 Constantinopolim
466 2455 760 2541 comprovinciales,
788 2453 886 2518 veluti
906 2455 1027 2540 repiom
1049 2453 1157 2518 eivita-

45 2560 107 2628 ten,
124 2575 188 2640 pro
212 2553 345 2616 tieem
367 2552 501 2637 nepotiis
523 2553 628 2617 instar
651 2553 744 2617 istius
767 2552 856 2616 urbis
879 2549 1064 2630 ascendunt,
1081 2573 1158 2637 per-

46 2650 250 2714 picacissimus
273 2650 405 2716 Hsotim
426 2649 623 2714 mendacium
646 2671 735 2714 mum
757 2650 902 2714 oemtotis
923 2649 1157 2725 medicamento,

45 2748 120 2810 ieet
138 2750 169 2811 ei
183 2771 205 2811 a
224 2750 388 2834 primaeuo
404 2747 518 2833 fuerat
537 2747 725 2825 institutum,
750 2745 865 2812 linivit.
904 2747 988 2812 Dum
1008 2743 1158 2810 inlocum

46 2845 242 2927 psoromdom
264 2845 533 2910 sanctissimornm
557 2845 772 2932 episcoporum
796 2847 876 2909 ciues
899 2844 1023 2929 quidem
1037 2843 1157 2930 elique-

46 2963 109 3004 rem
128 2943 273 3022 illenim,
306 2943 362 3007 sed
386 2942 587 3029 tronp‘upas,
610 2943 759 3030 etfama
781 2941 940 3029 culpatum
963 2951 1025 3020 est,
1055 2961 1157 3004 muue-

45 3039 126 3104 riles
158 3040 358 3124 obeeoeatos,
398 3039 590 3104 subscribere
616 3027 710 3127 feeit.
756 3039 835 3104 Inde
870 3049 933 3118 est,
973 3038 1056 3126 qseed
1090 3037 1158 3103 sub·

45 3139 242 3223 scriptionum
273 3139 368 3202 istius
399 3138 546 3226 videntur
578 3137 696 3202 diuersi
724 3139 933 3214 characteres,
969 3146 999 3199 et
1029 3135 1159 3223 quidem

46 3255 143 3298 semro
165 3236 302 3300 mitiori
323 3259 450 3322 penna,
482 3235 612 3320 quidem
634 3258 759 3320 possa,
794 3233 940 3299 nonnulli
961 3253 1033 3296 oero
1057 3233 1158 3297 decre·

40 3334 138 3415 pitum
160 3333 345 3398 dormientes
376 3331 530 3418 pressiori
551 3331 764 3396 membranum
793 3333 1013 3418 inquinantes,
1043 3331 1157 3394 deseri-

47 3428 127 3507 bont,
147 3442 182 3494 ut
203 3429 348 3496 videlicet
363 3431 487 3517 fraude
509 3432 740 3516 praesentium,
765 3429 964 3516 simplicitati
986 3427 1159 3492 absentium
1251 3442 1256 3451 '

45 3523 212 3609 inuiam,
249 3539 279 3593 et
309 3527 394 3592 illud
426 3529 534 3592 eredat
564 3525 703 3613 facilius
734 3527 923 3592 universitas
954 3525 1158 3604 verissimum,

46 3625 125 3706 ped
146 3624 354 3691 summittes
377 3626 492 3690 litteris
511 3624 626 3708 fecerit
639 3623 780 3710 falsitas
802 3647 867 3689 esse
890 3623 1088 3704 diuersum.¹)

132 3724 181 3787 72.
211 3723 391 3810 Postquam
414 3722 553 3788 Photius
585 3723 721 3808 ejusque
744 3721 888 3787 asseclae
914 3723 945 3785 in
972 3719 1027 3786 illo
1052 3721 1159 3786 conci·
1181 3735 1213 3778 Δᾱ
1228 3734 1322 3776 hudon-

46 3815 164 3884 liobqu
195 3820 417 3885 damnationis
449 3829 481 3885 ct
513 3818 728 3905 depositionis
762 3821 959 3884 sententiam
991 3819 1092 3904 impie
1125 3819 1159 3882 in
1184 3795 1314 3900 ⁰¹¹¹,¹„¹,¹„f⁸‘

47 3915 211 3983 Nicolaum
229 3919 425 3984 Pontificem
443 3916 598 3996 tulerunt,
622 3917 735 3981 audax
751 3915 805 3981 illc
821 3915 1159 4002 pseudo-patriarche,

47 4035 146 4097 quom
162 4015 297 4080 dissidia
316 4017 416 4079 fuisse
433 4017 532 4078 sciret
546 4017 632 4079 inter
646 4013 858 4078 Ludovicunr
874 4013 908 4078 II
924 4013 1159 4100 Imperatorem

120 4234 140 4302 ¹)
163 4237 221 4290 Vite
240 4236 385 4292 Hadriani
402 4235 429 4290 H
448 4236 477 4290 in
490 4235 571 4292 Libro
590 4235 738 4304 pontificali
758 4252 780 4292 e.
794 4234 914 4290 XXVIII
931 4251 987 4301 sqq.
1006 4265 1040 4274 -
1059 4237 1162 4289 Auctor

60 4315 133 4366 tuoe
150 4316 290 4371 Hadriani
307 4313 423 4370 hebetur
442 4315 598 4382 GnIioImas,
618 4315 726 4382 quidum
744 4312 776 4370 R.
795 4315 825 4368 E.
846 4311 1078 4369 Bibliotheesrius.
