2922 4832
329 511 520 566 Controversia
538 512 571 566 de
589 513 841 568 reordinationibus.
1095 519 1145 572 129

51 667 91 720 tas
110 677 190 738 esse·
215 657 285 740 ipse
308 653 466 720 Tarasius
489 656 524 720 in
548 653 697 721 Concilio
721 660 933 724 oecumenico
958 658 1024 725 VII
1047 671 1084 725 ut
1100 683 1146 724 os·

51 753 177 818 tenderet
209 751 492 818 Icouoclastarum
528 753 754 820 ordinationes
790 754 918 822 validas
957 756 1074 839 fuisse,
1113 757 1147 822 id

49 873 82 912 ex
101 852 201 916 effatis
222 851 360 916 Panum
384 862 417 915 et
437 852 522 916 actis
546 849 772 918 Consiliorum
794 851 923 940 probat.
956 855 1147 922 Provocaus

48 939 82 1002 nd
102 961 255 1006 canonem
279 949 435 1006 octavum
460 939 603 1004 Consilii
626 941 766 1006 Nieaeui
790 941 832 1006 de
854 942 1060 1028 Novatiauis,
1092 945 1147 1010 ad·

49 1039 139 1120 restit,
162 1038 249 1104 idem
274 1037 316 1102 de
340 1037 495 1104 omnibus
519 1037 694 1104 haereticis
717 1039 837 1105 valere
845 1043 869 1123 ¹)

127 1137 177 1202 28.
224 1136 264 1200 Iu
295 1127 448 1200 Ecclesia
485 1136 686 1202 occidentali
718 1139 911 1223 praesertim
944 1161 1056 1225 pers.
1031 1139 1147 1205 s-Au
1164 1144 1259 1188 ΜΝ·
1273 1155 1308 1187 ⁰⁰·

45 1235 151 1315 gustiui
174 1234 359 1299 doctrinam
383 1233 517 1298 omniuo
548 1235 758 1320 perspicuam
788 1246 888 1321 patet,
924 1237 1148 1304 ordinationes
1171 1205 1293 1248 ‘mmm

46 1331 313 1398 schismaticorum
337 1339 369 1396 et
391 1330 633 1396 haeretieorum
656 1331 812 1398 valuisse.
857 1333 898 1398 Iu
926 1337 994 1400 suis
1017 1337 1148 1422 scriptis

44 1441 142 1496 conus
164 1431 360 1496 Donatistae
390 1451 416 1494 s.
440 1428 650 1513 Augustinus
672 1431 795 1516 passim
819 1439 974 1513 testatur,
1007 1433 1050 1498 ad
1074 1454 1148 1498 cou-

44 1527 206 1594 ciliaudsm
222 1549 339 1615 pacem
356 1538 390 1592 et
412 1528 593 1608 caritatem,
618 1529 790 1614 episcopos
814 1539 847 1594 st
869 1530 1077 1616 presbyteros
1091 1534 1149 1618 qui

46 1649 62 1688 a
92 1625 273 1690 Donatistis
303 1625 523 1690 schismaticis
558 1625 702 1690 ordinati
731 1625 774 1690 ad
801 1625 988 1693 Ecclesiam
1016 1629 1148 1696 catholi-

43 1745 104 1786 cam
132 1723 299 1802 redibant,
332 1725 368 1786 in
401 1745 459 1788 suo
493 1722 609 1788 ordine
639 1745 678 1788 ac
709 1723 871 1810 dignitate
904 1748 1051 1812 manere,
1088 1750 1149 1793 nec

42 1823 144 1886 iterum
168 1843 226 1888 eos
249 1820 409 1902 ordinari,
440 1841 542 1906 quum
565 1821 653 1912 sicut
683 1820 864 1906 baptisma,
897 1825 944 1888 ita
972 1835 1004 1890 et
1036 1847 1149 1890 sorum

42 1919 192 1984 ordinatio
224 1917 337 1984 valida
367 1920 412 1984 sit
443 1927 476 1984 et
509 1919 678 2004 integras)
725 1919 826 1984 Varia
858 1932 1035 1988 occurrunt
1061 1923 1150 1990 ncta

40 2018 225 2084 Pontificum
260 2015 389 2098 Siricii,
419 2016 587 2082 Anastasii
610 2016 637 2096 I,
671 2018 794 2082 Leonis
816 2019 873 2102 M,
902 2017 1038 2102 Gelasii,
1062 2021 1150 2086 Ana·

40 2117 118 2180 stasii
147 2115 193 2197 II,
227 2115 377 2200 Gregorii
409 2115 466 2198 M,
491 2136 533 2178 ex
565 2113 687 2200 quibus
719 2114 836 2196 elucet,
866 2138 922 2180 eos
951 2128 988 2181 ut
1022 2118 1150 2184 validas

37 2217 203 2296 agnovisse
220 2213 461 2278 haereticorum
472 2212 526 2276 vel
536 2212 676 2278 aliorum
687 2211 875 2297 illegitimas
884 2213 1149 2302 ordinationes.¹)

39 2311 136 2377 Effata
161 2334 248 2398 quae
264 2311 388 2396 opponi
412 2321 556 2395 possent,
581 2333 624 2374 ex
639 2311 763 2396 regulis
786 2313 962 2398 propositis
985 2335 1051 2378 uon
1066 2313 1150 2378 diffi-

36 2409 130 2474 culter
164 2409 387 2496 cxplicantur.
434 2409 482 2472 Eo
515 2411 659 2494 pertinet
691 2408 830 2495 epistola
861 2409 895 2476 S.
923 2409 1151 2476 Innocentiil

37 2506 74 2570 ad
101 2506 334 2572 Alexandrum
365 2499 613 2572 Antiochenam
636 2506 703 2594 (ep.
729 2507 795 2592 18),
830 2509 865 2572 iu
897 2529 963 2593 qua
994 2508 1150 2574 Pontifex

37 2605 187 2690 baptismi
212 2605 365 2692 quidem,
397 2625 462 2670 nou
486 2625 564 2670 vero
589 2603 807 2670 ordinationis
830 2604 1071 2671 haereticorum
1095 2629 1151 2672 va·

36 2701 127 2767 iorem
161 2703 297 2769 videtur
325 2703 509 2767 admittere.
564 2700 736 2768 Sententia
768 2701 924 2768 videlicet
965 2702 1150 2770 lunoosutii

35 2823 93 2866 uon
116 2803 256 2888 respicit
279 2800 505 2865 characterem
526 2800 753 2882 ordinationis,
778 2801 835 2866 sed
860 2823 898 2865 eo
922 2801 1016 2884 redit,
1041 2801 1151 2866 haere-

35 2901 129 2963 ticum
154 2899 201 2964 ad
217 2896 403 2964 Ecclesiam
426 2908 657 2980 revertentem,
681 2920 741 2983 per
756 2898 1058 2966 reconciliationem
1073 2899 1149 2986 bap·
1221 2949 1224 2956 .

33 2999 114 3062 tismi
140 2997 282 3084 quidem
305 2997 442 3062 effectus
458 2997 603 3082 integros
626 3006 660 3060 et
674 2995 832 3062 honorem
856 3021 1060 3084 recuperare,
1085 3021 1151 3066 non

34 3115 104 3160 vero
141 3093 375 3182 presbyterum
412 3094 630 3159 ordinationis
664 3095 815 3177 effectus,
847 3105 1009 3181 quatenus
1041 3096 1152 3162 adhuc

31 3217 49 3256 a
70 3195 225 3258 censuris
246 3190 381 3257 liberari
405 3203 437 3256 et
459 3194 495 3257 iu
519 3191 715 3278 dignitatem
738 3215 832 3258 suam
854 3195 982 3260 restitui
1007 3194 1151 3262 deberet.

31 3289 67 3356 Id
89 3313 172 3356 vero
198 3312 266 3355 uon
290 3289 494 3356 conceditur.
539 3291 615 3356 Non
637 3293 797 3377 recipitur
819 3291 992 3378 presbyter
1014 3293 1151 3358 haereti·

31 3411 85 3454 eus
109 3411 189 3456 cum
215 3388 390 3454 sacerdotii
414 3399 472 3454 aut
487 3389 662 3454 ministerii
685 3389 870 3475 cujuspiam
895 3390 1066 3475 dignitate,
1091 3415 1153 3457 uec

30 3485 128 3552 habet
152 3485 397 3573 plenitudinem
421 3495 454 3551 et
476 3487 711 3572 perfectionem
736 3485 879 3572 Spiritus
901 3488 1049 3575 sancti.⁴)

98 3748 117 3810 ¹)
138 3746 175 3800 V.
195 3746 267 3798 Acte
285 3745 363 3800 Ocno.
383 3759 482 3800 oscum.
501 3742 557 3796 VII
576 3745 635 3797 Act.
656 3743 683 3811 l;
702 3741 794 3799 Labbe
812 3744 871 3799 Vll.
891 3744 927 3800 66
945 3762 1000 3814 sqq.

97 3827 120 3896 ἰ
141 3825 201 3881 (ιιι
221 3823 309 3894 Epist
324 3827 375 3880 185
393 3825 427 3880 ad
446 3822 615 3878 Bonifatium
633 3839 659 3878 n.
678 3825 715 3878 tr
732 3839 788 3892 ιιι.
808 3824 877 3882 Adr.
891 3825 1061 3882 cresconium
1073 3825 1103 3881 L.
1116 3827 1153 3882 II.

29 3923 52 3962 u.
71 3908 194 3962 12-15.

97 3985 203 4056 ·)(ιιι
222 3983 504 4054 nogentesimo.
524 3984 697 4052 paessqq.

96 4067 121 4136 )
139 4065 177 4120 V
198 4063 296 4129 Labbe,
315 4065 368 4120 111.
387 4065 520 4121 Μ-
538 4063 663 4118 Habetur
680 4064 796 4132 epistola
812 4065 971 4135 incorpore
988 4067 1065 4122 Jaris
1084 4035 1153 4132 aaa„

30 4143 659 4213 Decr.Grat.P.lI.o.'ibcurninsoriptione·.
675 4145 1154 4202 emmerammenses·

29 4227 180 4280 bonoribus
199 4241 254 4278 ann
272 4225 406 4280 habeatnr
423 4225 557 4296 diput-
522 4222 705 4292 -„Arianos
717 4229 859 4293 praeterea
877 4231 1051 4293 aerumma
1063 4225 1154 4294 huius

28 4304 98 4361 nodi
116 4309 230 4374 pestes,
258 4305 322 4371 quia
349 4321 440 4360 eorum
466 4304 549 4360 laicos
574 4319 718 4361 couversos
740 4303 775 4359 ad
792 4305 936 4362 Dumium
960 4305 1010 4362 sub
1034 4306 1154 4376 imagine

73 4409 217 4459 ιιιςιιιιιι,
233 4405 406 4449 Diaurtatlones.
437 4407 495 4450 Turn.
511 4407 546 4450 lv.
1031 4397 1048 4448 9
