2922 4832
420 474 628 530 Dissertaticnis
645 473 755 530 indoles.
1097 477 1148 531 155

121 621 148 686 2.
179 619 233 684 De
256 617 408 704 Gregorii
433 618 500 684 VH
528 619 628 704 gestis
652 617 789 682 inferius
818 617 1050 700 tractabimus3
1084 617 1147 684 hac

51 739 113 782 vero
133 717 372 783 Dissertatione
394 737 610 802 exponemus,
639 713 746 801 qualis
769 713 869 780 fucrit
890 713 1062 780 Ecclesiae
1084 725 1147 782 sta-

48 825 90 878 tns
116 837 225 880 versus
259 815 406 880 medium
440 813 608 880 saeculnm
642 813 866 878 undecimum.
921 811 971 878 Eo
999 823 1147 900 tempore

49 915 120 976 enim
141 911 317 978 Pontifices
340 913 436 996 varii,
459 911 581 998 quibus
598 911 671 997 jam
686 909 824 976 consilio
848 919 881 974 et
891 910 1017 975 anxilio
1040 911 1148 978 adfuit

47 1008 286 1088 Hildebrandus,
322 1017 503 1094 coeperunt
537 1008 706 1074 efficacius
741 1007 941 1094 periclitanti
976 1008 1147 1074 Ecclesiae

47 1105 205 1172 subvenire
227 1129 344 1193 resque
375 1108 410 1172 in
441 1106 558 1172 melius
588 1116 726 1172 vertere.
772 1105 827 1170 Ex
856 1107 904 1170 rei
933 1127 1012 1172 vero
1036 1106 1148 1172 indole

45 1215 92 1284 est,
114 1204 198 1292 qood
223 1204 419 1291 disceptatio
443 1213 555 1270 nostra
587 1205 733 1268 maxime
763 1213 912 1268 versetur
934 1205 970 1268 in
1000 1204 1146 1270 conside-

45 1302 139 1367 randis
161 1303 228 1369 illis
251 1300 422 1385 abusibus,
445 1302 502 1388 qui
527 1301 719 1387 languorem
743 1301 922 1387 quemdam
946 1302 1147 1368 infirmitatis

44 1399 196 1466 Ecclesiae
229 1401 358 1487 corpori
388 1397 583 1465 afferebant.
631 1399 696 1464 Eos
727 1399 863 1484 quidem
893 1397 1016 1464 abusus
1043 1400 1146 1487 aliqui

44 1499 201 1584 scriptores
233 1498 320 1563 illius
343 1499 460 1564 aetatis
487 1497 646 1584 graphice
677 1497 745 1562 fere
775 1497 1014 1583 depinxerunt,
1047 1508 1147 1586 atque

43 1597 127 1660 etiam
148 1598 371 1662 recentiorum
401 1607 586 1682 temporum
617 1605 768 1660 auctores
791 1596 826 1660 in
850 1597 890 1661 iis
920 1595 1147 1663 describendis

42 1696 146 1758 versati
170 1703 256 1760 sunt.
281 1693 384 1759 Haud
407 1703 517 1758 tamen
541 1694 586 1758 ita
610 1691 707 1757 facile
731 1703 788 1777 est,
808 1703 961 1758 accurate
975 1716 1146 1782 aequoque

37 1791 160 1877 jndicio,
186 1791 295 1878 qualis
310 1792 409 1856 fuerit
431 1812 542 1856 rerum
566 1790 862 1856 ecclesiasticarum
885 1801 989 1854 status
1015 1795 1146 1860 saeculo

41 1887 204 1954 undecimo
229 1889 396 1954 mediante
420 1889 618 1975 perspicere.

114 1997 144 2061 3.
183 1995 325 2061 Adverti
352 2018 431 2060 sane
455 2003 592 2080 oportet,
622 1996 738 2080 primis
761 1994 860 2081 hujus
884 1995 1007 2062 saeculi
1032 1997 1314 2062 decen-cmm·

39 2093 93 2156 niis
105 2093 196 2159 haud
212 2093 413 2158 mediocrem
435 2092 537 2158 fuisse
552 2091 722 2157 Ecclesiae
738 2091 947 2178 splendorem
962 2103 1146 2180 externum,
1171 2065 1215 2108 ⁰⁸¹¹
1230 2065 1301 2108 hm*

37 2191 83 2254 cui
105 2202 136 2256 et
158 2193 294 2280 pietatis
324 2192 463 2276 insignis
491 2190 644 2276 exempla
668 2191 786 2276 juncta
809 2202 912 2256 erant.
959 2191 1033 2256 Non
1057 2191 1147 2258 defu·

39 2299 125 2353 erunt
138 2290 320 2355 Pontifices
343 2288 446 2374 digni,
472 2291 557 2352 inter
573 2310 655 2375 quos
679 2290 819 2353 eminuit
832 2289 1034 2355 Benedictus
1048 2290 1146 2372 V111;

38 2409 59 2449 s.
80 2387 257 2470 Henricus,
283 2398 315 2452 et
332 2385 504 2452 Conradus
527 2387 787 2473 llmperatores,
812 2410 836 2451 s.
853 2385 1040 2472 Stephanus
1056 2388 1148 2454 Hun-

37 2487 138 2566 gariae
168 2509 230 2552 rex
253 2485 375 2573 aliique
403 2487 580 2572 principes,
612 2483 782 2550 Ecclesiae
812 2507 851 2549 ac
873 2484 1026 2571 religioni
1055 2498 1149 2552 erant

36 2581 171 2666 addicti3
206 2605 272 2648 non
304 2583 405 2669 pauci
437 2581 620 2647 floruerunt
653 2583 686 2646 in
725 2584 932 2647 monasteriis
955 2581 1093 2647 abbates
1117 2594 1149 2648 et

37 2679 182 2744 monachi
213 2681 303 2745 vitae
337 2681 511 2744 sanctitate
547 2682 734 2766 conspicui,
768 2679 930 2767 multique
961 2679 1151 2745 claruerunt

34 2779 172 2864 episcopi
198 2778 379 2842 virtutibus
402 2776 500 2863 plane
523 2777 675 2842 illustres.
708 2777 860 2842 Sufficiat
875 2776 1022 2842 hocloco
1039 2777 1149 2863 quoad

35 2873 409 2962 Germaniaepraesules
433 2897 471 2940 ea
496 2877 607 2955 citare,
633 2897 717 2963 quae
742 2877 873 2962 scripsit
895 2887 1010 2940 auctor
1026 2873 1149 2940 saeculi

33 2970 148 3039 decimi
190 2975 278 3038 tertii
316 2975 351 3039 in
390 2973 463 3038 Vita
502 2971 529 3040 b.
568 2975 749 3039 Meinwerci
785 2975 931 3061 episcopi
967 2973 1149 3038 Pederbor-

33 3073 153 3153 nensis,
188 3073 245 3157 qui
270 3069 349 3136 huic
372 3070 530 3137 ecclesiae
554 3069 596 3136 ab
621 3093 708 3137 anno
735 3071 820 3136 1009
844 3072 888 3137 ad
911 3094 1037 3138 annum
1064 3071 1148 3137 1036

31 3169 181 3250 praefuit.
232 3168 345 3254 ,Illius
373 3188 504 3255 quoque
527 3171 684 3256 temporis
715 3172 873 3257 episcopi,
896 3171 954 3250 ait,
987 3170 1150 3256 sapientia

33 3275 61 3328 et
82 3268 224 3332 scientia
247 3266 398 3354 praediti,
423 3266 646 3352 subjectorum
660 3267 863 3354 profectibus
884 3270 1040 3332 continuo
1058 3277 1151 3332 erant

31 3362 141 3446 dediti,
167 3364 332 3430 secundas
346 3364 484 3450 Imperii
508 3374 617 3450 partes
642 3375 755 3430 sancte
778 3374 810 3430 et
827 3365 917 3452 juste
941 3365 1149 3452 adjuvantes,

31 3463 206 3528 sacerdotii
228 3464 371 3548 rigorem
393 3461 581 3528 nullatenus
596 3463 794 3530 relaxantes.
839 3465 932 3529 Inter
955 3485 1037 3550 quos
1060 3464 1149 3528 vitae

31 3563 144 3626 merito
170 3562 362 3626 eminebant
384 3561 591 3626 Trevirensis
615 3562 820 3648 metropolis,
851 3583 894 3626 ex
918 3582 983 3647 qua
1005 3561 1150 3646 primum

30 3677 127 3722 sonus
153 3657 367 3744 evangelicae
397 3657 654 3744 praedicationis
682 3660 826 3724 intonuit
855 3657 1005 3744 partibus
1033 3658 1150 3723 Teuto-

29 3755 121 3838 nicie,
148 3757 303 3841 Meingoz
333 3767 365 3820 et
388 3757 518 3842 Popp03
554 3753 760 3822 Coloniensis
793 3778 923 3844 quoque
955 3755 1151 3820 Heribertus

29 3861 60 3914 et
81 3853 281 3940 Piligrinus3
306 3855 546 3940 llaguntiensis
570 3854 729 3920 ecclesiae
750 3853 935 3940 Willigisus
959 3865 992 3918 et
1005 3853 1151 3918 Erehan·

29 3949 160 4033 baldus,
185 3951 290 4018 Aribo
314 3964 347 4016 et
360 3951 487 4034 Bard03
516 3951 730 4018 Burchardirs
754 3954 1021 4034 Wormatiensis,
1042 3951 1150 4018 studio

27 4069 85 4113 sno
109 4051 147 4114 in
172 4047 373 4116 Collectione
406 4072 571 4116 canonum
604 4053 638 4115 in
662 4051 814 4116 Ecclesia
845 4049 1041 4132 laudabilis3
1073 4050 1151 4114 Tra·

24 4147 186 4232 jectensis
199 4148 381 4214 Ansfridus
398 4159 430 4213 et
446 4147 688 4231 Athalbaldus3
712 4147 1084 4236 Mimigardevordensie
1099 4147 1152 4212 de-

28 4265 91 4326 cor,
118 4243 339 4311 Tbiedericus
362 4257 395 4311 et
410 4245 611 4332 Sigefridus3
636 4247 900 4332 Osnebrugensis
923 4245 1149 4328 'l'bietmarus3
