2904 4834
298 481 351 533 412
612 477 699 533 XVII.
737 479 778 534 De
796 479 941 534 schismate
958 477 1100 535 Photiono.
1205 534 1223 562 x

298 721 346 786 ool
368 723 540 786 mutatione
564 719 767 798 discedemus,
792 731 848 784 aut
872 722 916 784 od
939 721 1084 786 dostram
1101 724 1151 788 cel
1166 727 1329 788 tibiuram
1342 749 1399 810 puo-

298 842 354 904 que
377 819 468 882 modo
492 817 728 882 declinabimus.
779 817 867 892 erac
889 817 1035 884 uidelicet
1059 821 1251 909 jamdudum
1269 823 1401 908 probarit

297 917 458 995 halama,
494 925 524 979 ot
554 915 746 979 immutibtta
778 915 936 980 remanda
964 939 1066 1002 cuper
1094 929 1212 1002 pastum
1241 920 1402 984 uniuersale

301 1011 474 1078 Concilium
497 1015 617 1076 statuit.
657 1013 766 1099 Neque
787 1015 869 1078 euim
890 1014 983 1078 uobis
996 1018 1092 1079 mor-is
1115 1027 1169 1098 est,
1193 1027 1229 1080 ut
1245 1018 1401 1105 prelibato

291 1112 427 1198 proprio
444 1111 594 1197 paternis
617 1111 831 1175 sauciosiora
855 1112 1038 1192 abutamur,
1072 1115 1329 1198 quaemadmodum
1349 1117 1402 1200 pui-

298 1210 442 1287 bradam,
472 1210 528 1294 qai
544 1209 639 1295 ¹opud
661 1231 716 1272 cos
739 1232 859 1273 summ
879 1233 984 1274 rerum
1006 1211 1291 1277 ecclesiasticorum
1312 1214 1404 1300 puber·

297 1305 413 1370 scocula
436 1307 648 1384 moderantes,
685 1317 757 1370 tuuc
787 1307 975 1394 synodorum
999 1318 1121 1373 statuto
1148 1309 1198 1373 ool
1225 1313 1320 1374 etiam
1341 1333 1404 1396 opo-

183 1437 184 1440 *
296 1405 425 1468 stolicoe
450 1402 542 1467 Sedis
574 1405 700 1468 decreto
726 1405 912 1490 proferunt,
936 1429 1005 1468 cam
1034 1405 1085 1469 ool
1107 1405 1190 1470 alios
1223 1406 1345 1471 loedere
1365 1407 1404 1470 ccl

162 1497 184 1510 ''
296 1525 328 1566 so
344 1507 460 1592 juvare
484 1504 630 1588 copiast,
659 1513 689 1564 et
711 1503 787 1566 baec
809 1513 881 1566 tuuc
904 1502 960 1566 sub
985 1503 1109 1568 silentio
1135 1515 1258 1588 tapam,
1292 1505 1403 1590 pundo

287 1602 432 1686 fortasse
456 1611 567 1663 contro
589 1623 620 1663 se
644 1600 693 1663 eol
711 1622 773 1685 pro
798 1598 874 1664 alia's
892 1613 1155 1686 proponerentur.
1163 1600 1188 1688 ¹)

150 1707 266 1752 comatum
387 1699 461 1763 103.
496 1697 661 1762 Hadriani
692 1697 804 1762 verbis
844 1699 1005 1784 implicita
1040 1697 1182 1763 habetur
1212 1701 1404 1764 confirmatio

134 1770 437 1862 mm'‘¹¹²⁸¹”'¹¹'Concilii
471 1797 676 1860 oecumenici
710 1798 831 1860 octavi
877 1797 994 1881 Legati
1019 1797 1191 1862 Pontificis
1224 1809 1320 1862 caute
1342 1797 1403 1861 sub·

296 1897 494 1980 scripserant
517 1915 555 1958 ca
579 1893 735 1958 formula:
761 1895 826 1979 Epo
934 1895 1034 1958 locum
1057 1895 1199 1960 obtinens
1224 1897 1342 1960 domiui
1354 1898 1406 1959 moi

294 1993 462 2056 Hadriani
484 1995 595 2056 summi
618 1992 780 2076 Pontificio
802 2003 832 2056 et
854 1992 1046 2057 uniuersalis
1063 2017 1183 2080 papae,
1208 1997 1315 2058 osonio
1337 2015 1404 2080 qrsoe

294 2093 438 2178 superius
462 2089 624 2176 lopuutar,
656 2091 727 2153 huic
750 2101 879 2155 sauctae
911 2102 941 2155 et
969 2092 1146 2156 uniuersali
1169 2091 1296 2178 Synodo
1321 2115 1404 2178 proc·

294 2189 419 2267 sidens,
454 2209 549 2272 aspero
573 2188 616 2250 od
640 2187 830 2252 uoluntatem
862 2188 999 2278 ejusdem
1023 2191 1134 2252 smirnii
1150 2190 1315 2276 praemio
1342 2211 1406 2275 pro-

294 2287 431 2370 mulpuoi
461 2297 491 2349 et
513 2307 610 2349 morsu
628 2287 767 2370 propria
790 2284 1003 2372 subscripsi.²)
1048 2286 1144 2351 Patet
1166 2297 1294 2372 autom,
1324 2297 1403 2373 gesta

293 2382 336 2448 ab
351 2383 523 2448 Hadriano
548 2381 743 2446 confirmata
765 2383 877 2448 fuisse.
922 2383 1022 2469 Apud
1039 2383 1271 2449 Occidentsles
1294 2383 1405 2450 exinde

293 2481 384 2546 nulle
407 2481 448 2544 de
472 2481 745 2544 oecumenicitate
769 2480 868 2566 hujus
892 2479 1033 2545 Concilii
1062 2484 1210 2567 quaestio
1235 2484 1403 2558 invenitur,

293 2590 392 2664 atque
415 2579 555 2642 Romani
572 2579 749 2642 Pontifices
773 2581 808 2642 in
832 2580 1033 2663 professione
1058 2579 1136 2643 fidei
1160 2602 1260 2665 quam
1285 2578 1404 2645 sacerdo

294 2697 379 2741 nono
400 2675 595 2740 emittebant
617 2687 690 2760 post
704 2676 908 2758 electionem,
933 2675 1179 2762 promittebant,
1204 2701 1238 2742 se
1256 2688 1328 2742 octo
1345 2677 1404 2740 uni·

293 2774 435 2838 versalia
452 2773 611 2854 Concilio,
636 2783 669 2837 et
692 2774 827 2859 quidem
852 2785 994 2840 octauum
1007 2797 1126 2861 quoquc
1144 2773 1306 2841 CPtcuum
1320 2797 1405 2860 asom

294 2874 337 2936 ad
360 2895 456 2936 uuum
479 2873 600 2958 apicem
621 2873 816 2936 immutilato
839 2872 1007 2958 numeral)
1045 2872 1090 2936 Et
1112 2883 1263 2938 auctores
1286 2875 1405 2937 univer-

294 2971 356 3034 sim
389 2991 518 3055 semper
551 2967 637 3032 hanc
671 2970 834 3053 synodum
868 2972 953 3034 inter
985 2973 1215 3036 oecumenicus
1246 2991 1405 3038 recensue-

292 3077 379 3134 runt.
410 3105 454 3116 -·
488 3067 673 3132 Orientales
697 3067 898 3132 schismatici
923 3067 986 3133 hoc
1011 3068 1196 3133 Concilium
1220 3070 1404 3154 rejecerunt

294 3165 454 3251 multique
479 3168 512 3228 in
536 3165 645 3229 locum
670 3167 741 3252 ejus
766 3177 802 3228 ut
817 3166 980 3250 synodum
998 3169 1246 3231 oecumenicam
1263 3177 1404 3232 octavam

293 3263 534 3328 substituerunt
567 3263 887 3348 pseudo-synodum,
921 3287 1021 3350 quam
1044 3265 1143 3350 paulo
1167 3275 1255 3350 post,
1291 3264 1406 3328 scilicet

293 3384 379 3426 anno
405 3359 480 3443 879,
505 3360 642 3424 Photius
665 3363 835 3426 restitutus
858 3361 985 3428 habuit.
1032 3361 1218 3429 Orientales
1241 3361 1405 3426 orthodoxi

293 3461 475 3524 universim
500 3459 662 3542 synodum
677 3471 822 3524 nostram
848 3470 885 3522 ut
908 3471 1059 3524 octavam
1083 3457 1303 3524 universalem
1319 3481 1405 3523 venr-

292 3560 355 3622 reti
380 3569 474 3638 sunt3
499 3556 624 3620 dixeris
647 3567 768 3636 tamen,
793 3567 907 3642 postea
930 3557 1050 3643 plures,
1075 3560 1229 3643 quamvis
1253 3579 1324 3622 mm
1349 3579 1405 3620 om-

292 3657 371 3719 nino
402 3657 602 3739 reciperent,
635 3653 725 3718 haud
755 3677 944 3718 numerasse
975 3657 1062 3718 inter
1085 3655 1236 3720 Concilio
1267 3675 1405 3719 oecume-

292 3755 377 3818 nica.
416 3753 501 3816 Nam
521 3751 734 3834 Abrahamus
752 3751 917 3816 Cretensis
939 3752 1151 3818 Florentinae
1167 3753 1293 3838 Synodi
1318 3755 1403 3816 inter·

291 3871 366 3936 pres
399 3860 431 3913 et
463 3851 590 3934 primus
623 3849 745 3933 editor,
779 3852 842 3936 ipsi
876 3850 1010 3935 Synodo
1033 3849 1250 3916 lFlorentinae
1281 3848 1403 3914 titulum

290 3959 429 4012 octavae
454 3946 588 4031 Synodi
605 3949 788 4032 inscripsit,
818 3948 1038 4034 eumdemque
1062 3951 1126 4034 ipsi
1150 3947 1266 4012 tribuit
1283 3945 1403 4034 priuile-

365 4177 385 4246 ¹)
405 4175 496 4230 Labbe
516 4175 593 4231 VIII.
617 4175 693 4230 1173.
856 4175 1084 4246 ³)stbev111.
1106 4179 1183 4234 1156.

366 4255 387 4326 ⁵)
406 4255 438 4309 V.
458 4255 605 4310 Bsronium
624 4255 658 4308 sd
676 4271 700 4311 a
720 4256 780 4322 869,
800 4272 826 4310 n.
846 4259 889 4312 59.

1450 251 1451 282 l

1450 313 1451 358 l

298 625 407 688 sarcit
429 623 478 688 ool
499 645 556 686 uos
573 633 689 709 posteo
705 623 937 708 dispensatorie
946 623 1149 710 protulimus,
1173 627 1265 691 nullo
1286 631 1401 692 sousa
