<?xml version="1.0" encoding="UTF-8"?>
<!DOCTYPE html PUBLIC "-//W3C//DTD XHTML 1.0 Transitional//EN"
    "http://www.w3.org/TR/xhtml1/DTD/xhtml1-transitional.dtd">
<html xmlns="http://www.w3.org/1999/xhtml" xml:lang="en" lang="en">
 <head>
  <title>
</title>
<meta http-equiv="Content-Type" content="text/html;charset=utf-8" />
  <meta name='ocr-system' content='tesseract 3.04.00' />
  <meta name='ocr-capabilities' content='ocr_page ocr_carea ocr_par ocr_line ocrx_word'/>
</head>
<body>
  <div class='ocr_page' id='page_1' title='image "./dissertationess01junggoog_0335.png"; bbox 0 0 2932 4836; ppageno 0'>
   <div class='ocr_carea' id='block_1_1' title="bbox 296 485 1097 546">
    <p class='ocr_par' dir='ltr' id='par_1_1' title="bbox 296 485 1097 546">
     <span class='ocr_line' id='line_1_1' title="bbox 296 485 1097 546; baseline -0.002 -4"><span class='ocrx_word' id='word_1_1' title='bbox 296 489 350 542; x_wconf 76' lang='lat'><strong>324</strong></span> <span class='ocrx_word' id='word_1_2' title='bbox 610 487 698 546; x_wconf 74' lang='lat' dir='ltr'><strong>aun.</strong></span> <span class='ocrx_word' id='word_1_3' title='bbox 735 487 775 542; x_wconf 90' lang='lat' dir='ltr'><strong>De</strong></span> <span class='ocrx_word' id='word_1_4' title='bbox 793 487 937 541; x_wconf 71' lang='lat' dir='ltr'>schismate</span> <span class='ocrx_word' id='word_1_5' title='bbox 955 485 1097 542; x_wconf 88' lang='lat' dir='ltr'><strong>Photiano.</strong></span> 
     </span>
    </p>
   </div>
   <div class='ocr_carea' id='block_1_2' title="bbox 295 628 1458 1205">
    <p class='ocr_par' dir='ltr' id='par_1_2' title="bbox 295 623 1458 4200">
     <span class='ocr_line' id='line_1_2' title="bbox 296 628 1458 716; baseline -0.003 -19"><span class='ocrx_word' id='word_1_6' title='bbox 296 633 509 711; x_wconf 73' lang='lat' dir='ltr'><strong>necessitate,</strong></span> <span class='ocrx_word' id='word_1_7' title='bbox 546 632 694 695; x_wconf 89' lang='lat' dir='ltr'><strong>intimius</strong></span> <span class='ocrx_word' id='word_1_8' title='bbox 718 630 797 696; x_wconf 90' lang='lat' dir='ltr'><strong>Sedi</strong></span> <span class='ocrx_word' id='word_1_9' title='bbox 821 628 1031 714; x_wconf 86' lang='lat' dir='ltr'><strong>Apostolicae</strong></span> <span class='ocrx_word' id='word_1_10' title='bbox 1056 651 1127 696; x_wconf 88' lang='lat' dir='ltr'><strong>sese</strong></span> <span class='ocrx_word' id='word_1_11' title='bbox 1145 629 1350 716; x_wconf 86' lang='lat' dir='ltr'><strong>jungebant,</strong></span> <span class='ocrx_word' id='word_1_12' title='bbox 1382 643 1407 694; x_wconf 88' lang='lat' dir='ltr'><strong>et</strong></span> <span class='ocrx_word' id='word_1_13' title='bbox 1457 693 1458 716; x_wconf 51' lang='lat' dir='ltr'>J</span> 
     </span>
     <span class='ocr_line' id='line_1_3' title="bbox 295 727 1458 814; baseline 0.001 -22"><span class='ocrx_word' id='word_1_14' title='bbox 295 739 425 795; x_wconf 89' lang='lat' dir='ltr'><strong>tantum</strong></span> <span class='ocrx_word' id='word_1_15' title='bbox 459 731 492 792; x_wconf 92' lang='lat' dir='ltr'><strong>in</strong></span> <span class='ocrx_word' id='word_1_16' title='bbox 526 727 658 792; x_wconf 78' lang='lat' dir='ltr'><strong>casibus</strong></span> <span class='ocrx_word' id='word_1_17' title='bbox 691 727 894 814; x_wconf 86' lang='lat' dir='ltr'><strong>specialibus·</strong></span> <span class='ocrx_word' id='word_1_18' title='bbox 923 736 955 792; x_wconf 89' lang='lat' dir='ltr'><strong>et</strong></span> <span class='ocrx_word' id='word_1_19' title='bbox 984 727 1255 792; x_wconf 74' lang='lat' dir='ltr'><strong>extraordinariis</strong></span> <span class='ocrx_word' id='word_1_20' title='bbox 1278 730 1405 794; x_wconf 86' lang='lat' dir='ltr'><strong>Romani</strong></span> <span class='ocrx_word' id='word_1_21' title='bbox 1457 747 1458 778; x_wconf 65' lang='grc' dir='ltr'><strong>ι</strong></span> 
     </span>
     <span class='ocr_line' id='line_1_4' title="bbox 295 815 1458 900; baseline -0.002 -8"><span class='ocrx_word' id='word_1_22' title='bbox 295 827 473 892; x_wconf 88' lang='lat' dir='ltr'><strong>Pontifices</strong></span> <span class='ocrx_word' id='word_1_23' title='bbox 498 825 663 900; x_wconf 86' lang='lat' dir='ltr'><strong>influxum</strong></span> <span class='ocrx_word' id='word_1_24' title='bbox 687 825 896 890; x_wconf 87' lang='lat' dir='ltr'><strong>salutarem&#39;</strong></span> <span class='ocrx_word' id='word_1_25' title='bbox 889 847 936 889; x_wconf 93' lang='grc' dir='ltr'><strong>ιιι</strong></span> <span class='ocrx_word' id='word_1_26' title='bbox 933 815 1458 891; x_wconf 66' lang='lat' dir='ltr'><strong>eeclesiamOPtanumexer-1</strong></span> 
     </span>
     <span class='ocr_line' id='line_1_5' title="bbox 297 917 1458 1033; baseline 0 -45"><span class='ocrx_word' id='word_1_27' title='bbox 297 947 370 990; x_wconf 90' lang='lat' dir='ltr'><strong>cere</strong></span> <span class='ocrx_word' id='word_1_28' title='bbox 409 933 570 1010; x_wconf 89' lang='lat' dir='ltr'><strong>poterant.</strong></span> <span class='ocrx_word' id='word_1_29' title='bbox 617 923 706 989; x_wconf 89' lang='lat' dir='ltr'><strong>Dum</strong></span> <span class='ocrx_word' id='word_1_30' title='bbox 746 925 858 1009; x_wconf 90' lang='lat' dir='ltr'><strong>quieta</strong></span> <span class='ocrx_word' id='word_1_31' title='bbox 890 933 984 986; x_wconf 89' lang='lat' dir='ltr'><strong>erant</strong></span> <span class='ocrx_word' id='word_1_32' title='bbox 1014 932 1178 1008; x_wconf 89' lang='lat' dir='ltr'><strong>tempora,</strong></span> <span class='ocrx_word' id='word_1_33' title='bbox 1214 921 1302 988; x_wconf 91' lang='lat' dir='ltr'><strong>illico</strong></span> <span class='ocrx_word' id='word_1_34' title='bbox 1329 935 1407 988; x_wconf 86' lang='lat' dir='ltr'><strong>anta·</strong></span> <span class='ocrx_word' id='word_1_35' title='bbox 1457 917 1458 1033; x_wconf 73' lang='lat' dir='ltr'>J</span> 
     </span>
     <span class='ocr_line' id='line_1_6' title="bbox 295 1019 1458 1108; baseline -0.001 -21"><span class='ocrx_word' id='word_1_36' title='bbox 295 1023 466 1108; x_wconf 88' lang='lat' dir='ltr'><strong>gonismus</strong></span> <span class='ocrx_word' id='word_1_37' title='bbox 489 1032 523 1086; x_wconf 91' lang='lat' dir='ltr'><strong>et</strong></span> <span class='ocrx_word' id='word_1_38' title='bbox 545 1021 675 1086; x_wconf 86' lang='lat' dir='ltr'><strong>invidia</strong></span> <span class='ocrx_word' id='word_1_39' title='bbox 698 1021 862 1106; x_wconf 85' lang='lat' dir='ltr'><strong>quaedam</strong></span> <span class='ocrx_word' id='word_1_40' title='bbox 887 1019 997 1105; x_wconf 87' lang='lat' dir='ltr'><strong>quoad</strong></span> <span class='ocrx_word' id='word_1_41' title='bbox 1012 1020 1152 1086; x_wconf 87' lang='lat' dir='ltr'><strong>Romam</strong></span> <span class='ocrx_word' id='word_1_42' title='bbox 1172 1031 1318 1086; x_wconf 87' lang='lat' dir='ltr'><strong>veterem</strong></span> <span class='ocrx_word' id='word_1_43' title='bbox 1335 1020 1407 1086; x_wconf 87' lang='lat' dir='ltr'><strong>Oon-</strong></span> <span class='ocrx_word' id='word_1_44' title='bbox 1457 1055 1458 1074; x_wconf 63' lang='grc' dir='ltr'><strong>ι</strong></span> 
     </span>
     <span class='ocr_line' id='line_1_7' title="bbox 296 1116 1408 1205; baseline -0.002 -21"><span class='ocrx_word' id='word_1_45' title='bbox 296 1118 509 1205; x_wconf 87' lang='lat' dir='ltr'><strong>stantinopoli</strong></span> <span class='ocrx_word' id='word_1_46' title='bbox 526 1141 560 1183; x_wconf 92' lang='lat' dir='ltr'><strong>se</strong></span> <span class='ocrx_word' id='word_1_47' title='bbox 577 1118 850 1196; x_wconf 83' lang='lat' dir='ltr'><strong>manifestabant3</strong></span> <span class='ocrx_word' id='word_1_48' title='bbox 868 1118 1013 1202; x_wconf 89' lang='lat' dir='ltr'><strong>dumque</strong></span> <span class='ocrx_word' id='word_1_49' title='bbox 1026 1116 1213 1183; x_wconf 77' lang='lat' dir='ltr'><strong>Orientales</strong></span> <span class='ocrx_word' id='word_1_50' title='bbox 1225 1117 1408 1184; x_wconf 81' lang='lat' dir='ltr'><strong>Occidentis</strong></span> 
     </span>
    </p>
   </div>
   <div class='ocr_carea' id='block_1_3' title="bbox 296 1217 1409 1596">
    <p class='ocr_par' dir='ltr' id='par_1_3' title="bbox 296 1217 1408 1500">
     <span class='ocr_line' id='line_1_8' title="bbox 296 1217 1408 1328; baseline 0.001 -49"><span class='ocrx_word' id='word_1_51' title='bbox 296 1219 444 1303; x_wconf 82' lang='lat' dir='ltr'><strong>vigorem</strong></span> <span class='ocrx_word' id='word_1_52' title='bbox 474 1239 513 1280; x_wconf 89' lang='lat' dir='ltr'><strong>ae</strong></span> <span class='ocrx_word' id='word_1_53' title='bbox 536 1218 755 1328; x_wconf 84' lang='lat' dir='ltr'><strong>potentiamJ</strong></span> <span class='ocrx_word' id='word_1_54' title='bbox 748 1217 811 1280; x_wconf 81' lang='lat' dir='ltr'><strong>&#39;aur</strong></span> <span class='ocrx_word' id='word_1_55' title='bbox 837 1237 958 1299; x_wconf 83' lang='lat' dir='ltr'><strong>negare</strong></span> <span class='ocrx_word' id='word_1_56' title='bbox 986 1237 1053 1279; x_wconf 92' lang='grc' dir='ltr'>ιιοιι</span> <span class='ocrx_word' id='word_1_57' title='bbox 1076 1225 1225 1301; x_wconf 85' lang='lat' dir='ltr'><strong>possent,</strong></span> <span class='ocrx_word' id='word_1_58' title='bbox 1254 1217 1408 1282; x_wconf 85' lang='lat' dir='ltr'><strong>simultate</strong></span> 
     </span>
     <span class='ocr_line' id='line_1_9' title="bbox 296 1313 1407 1400; baseline -0.001 -21"><span class='ocrx_word' id='word_1_59' title='bbox 296 1314 466 1400; x_wconf 85' lang='lat' dir='ltr'><strong>superba</strong></span> <span class='ocrx_word' id='word_1_60' title='bbox 459 1315 583 1399; x_wconf 78' lang='lat' dir='ltr'><strong>ingenii</strong></span> <span class='ocrx_word' id='word_1_61' title='bbox 609 1325 641 1378; x_wconf 93' lang='lat' dir='ltr'><strong>et</strong></span> <span class='ocrx_word' id='word_1_62' title='bbox 659 1313 779 1378; x_wconf 90' lang='lat' dir='ltr'><strong>indolis</strong></span> <span class='ocrx_word' id='word_1_63' title='bbox 801 1315 1096 1398; x_wconf 82' lang='lat' dir='ltr'><strong>praeeminentiam</strong></span> <span class='ocrx_word' id='word_1_64' title='bbox 1117 1336 1235 1398; x_wconf 84' lang='lat' dir='ltr'><strong>urgere</strong></span> <span class='ocrx_word' id='word_1_65' title='bbox 1257 1314 1407 1390; x_wconf 84' lang='lat' dir='ltr'><strong>solebant,</strong></span> 
     </span>
     <span class='ocr_line' id='line_1_10' title="bbox 297 1410 1173 1500; baseline -0.005 -22"><span class='ocrx_word' id='word_1_66' title='bbox 297 1415 520 1500; x_wconf 88' lang='lat' dir='ltr'><strong>barbarosque</strong></span> <span class='ocrx_word' id='word_1_67' title='bbox 544 1411 776 1479; x_wconf 88' lang='lat' dir='ltr'><strong>Occidentalcs</strong></span> <span class='ocrx_word' id='word_1_68' title='bbox 800 1410 969 1474; x_wconf 89' lang='lat' dir='ltr'><strong>habebant</strong></span> <span class='ocrx_word' id='word_1_69' title='bbox 993 1411 1173 1496; x_wconf 88' lang='lat' dir='ltr'><strong>despectui.</strong></span> 
     </span>
    </p>

    <p class='ocr_par' dir='ltr' id='par_1_4' title="bbox 385 1507 1409 1596">
     <span class='ocr_line' id='line_1_11' title="bbox 385 1507 1409 1596; baseline -0.006 -18"><span class='ocrx_word' id='word_1_70' title='bbox 385 1515 417 1578; x_wconf 85' lang='lat'><strong>5.</strong></span> <span class='ocrx_word' id='word_1_71' title='bbox 446 1513 629 1576; x_wconf 86' lang='lat' dir='ltr'><strong>Primatum</strong></span> <span class='ocrx_word' id='word_1_72' title='bbox 653 1519 764 1574; x_wconf 87' lang='lat' dir='ltr'><strong>tamen</strong></span> <span class='ocrx_word' id='word_1_73' title='bbox 789 1508 884 1574; x_wconf 87' lang='lat' dir='ltr'><strong>Sedis</strong></span> <span class='ocrx_word' id='word_1_74' title='bbox 907 1507 1120 1593; x_wconf 89' lang='lat' dir='ltr'><strong>Apostolieae</strong></span> <span class='ocrx_word' id='word_1_75' title='bbox 1146 1507 1281 1591; x_wconf 85' lang='lat' dir='ltr'><strong>OPtani,</strong></span> <span class='ocrx_word' id='word_1_76' title='bbox 1306 1531 1409 1596; x_wconf 85' lang='lat' dir='ltr'><strong>qnam·</strong></span> 
     </span>
    </p>
   </div>
   <div class='ocr_carea' id='block_1_4' title="bbox 191 1595 1409 1696">
    <p class='ocr_par' dir='ltr' id='par_1_5' title="bbox 191 1595 1409 1696">
     <span class='ocr_line' id='line_1_12' title="bbox 191 1595 1409 1696; baseline -0.003 -24"><span class='ocrx_word' id='word_1_77' title='bbox 191 1657 225 1688; x_wconf 48' lang='lat' dir='ltr'><strong>,J</strong></span> <span class='ocrx_word' id='word_1_78' title='bbox 269 1595 348 1674; x_wconf 85' lang='lat' dir='ltr'><strong>¹vis</strong></span> <span class='ocrx_word' id='word_1_79' title='bbox 375 1612 499 1696; x_wconf 88' lang='lat' dir='ltr'><strong>passim</strong></span> <span class='ocrx_word' id='word_1_80' title='bbox 528 1609 630 1672; x_wconf 86' lang='lat' dir='ltr'><strong>variis</strong></span> <span class='ocrx_word' id='word_1_81' title='bbox 659 1606 877 1672; x_wconf 88' lang='lat' dir='ltr'><strong>Pontificibus</strong></span> <span class='ocrx_word' id='word_1_82' title='bbox 905 1627 976 1670; x_wconf 91' lang='lat' dir='ltr'><strong>sese</strong></span> <span class='ocrx_word' id='word_1_83' title='bbox 1004 1609 1233 1692; x_wconf 91' lang='lat' dir='ltr'><strong>opposuissent</strong></span> <span class='ocrx_word' id='word_1_84' title='bbox 1261 1617 1293 1670; x_wconf 89' lang='lat' dir='ltr'><strong>et</strong></span> <span class='ocrx_word' id='word_1_85' title='bbox 1320 1605 1409 1670; x_wconf 91' lang='lat' dir='ltr'><strong>obsti-</strong></span> 
     </span>
    </p>
   </div>
   <div class='ocr_carea' id='block_1_5' title="bbox 290 1705 1458 4374">
    <p class='ocr_par' dir='ltr' id='par_1_6' title="bbox 290 1705 1409 3938">
     <span class='ocr_line' id='line_1_13' title="bbox 296 1705 1408 1791; baseline -0.007 -18"><span class='ocrx_word' id='word_1_86' title='bbox 296 1710 429 1773; x_wconf 88' lang='lat' dir='ltr'><strong>natione</strong></span> <span class='ocrx_word' id='word_1_87' title='bbox 452 1706 596 1791; x_wconf 89' lang='lat' dir='ltr'><strong>quadam</strong></span> <span class='ocrx_word' id='word_1_88' title='bbox 621 1715 773 1790; x_wconf 83' lang='lat' dir='ltr'><strong>proterva</strong></span> <span class='ocrx_word' id='word_1_89' title='bbox 795 1705 1036 1768; x_wconf 87' lang='lat' dir='ltr'><strong>communionis</strong></span> <span class='ocrx_word' id='word_1_90' title='bbox 1059 1705 1330 1790; x_wconf 88' lang='lat' dir='ltr'><strong>interruptionem</strong></span> <span class='ocrx_word' id='word_1_91' title='bbox 1346 1727 1408 1788; x_wconf 90' lang='lat' dir='ltr'><strong>pro</strong></span> 
     </span>
     <span class='ocr_line' id='line_1_14' title="bbox 297 1801 1408 1894; baseline -0.004 -28"><span class='ocrx_word' id='word_1_92' title='bbox 297 1814 479 1886; x_wconf 86' lang='lat' dir='ltr'><strong>vocassent,</strong></span> <span class='ocrx_word' id='word_1_93' title='bbox 506 1826 607 1888; x_wconf 89' lang='lat' dir='ltr'><strong>usque</strong></span> <span class='ocrx_word' id='word_1_94' title='bbox 632 1802 675 1868; x_wconf 90' lang='lat' dir='ltr'><strong>ad</strong></span> <span class='ocrx_word' id='word_1_95' title='bbox 699 1813 848 1886; x_wconf 87' lang='lat' dir='ltr'><strong>tempora</strong></span> <span class='ocrx_word' id='word_1_96' title='bbox 868 1801 979 1866; x_wconf 91' lang='lat' dir='ltr'><strong>Photii</strong></span> <span class='ocrx_word' id='word_1_97' title='bbox 1004 1823 1071 1866; x_wconf 92' lang='lat' dir='ltr'><strong>non</strong></span> <span class='ocrx_word' id='word_1_98' title='bbox 1095 1813 1307 1894; x_wconf 79' lang='lat' dir='ltr'><strong>negaverant</strong></span> <span class='ocrx_word' id='word_1_99' title='bbox 1353 1803 1408 1866; x_wconf 91' lang='lat' dir='ltr'><strong>No-</strong></span> 
     </span>
     <span class='ocr_line' id='line_1_15' title="bbox 295 1855 1409 1988; baseline -0.004 -22"><span class='ocrx_word' id='word_1_100' title='bbox 295 1906 418 1968; x_wconf 88' lang='lat' dir='ltr'><strong>tionem</strong></span> <span class='ocrx_word' id='word_1_101' title='bbox 443 1855 577 1988; x_wconf 77' lang='lat' dir='ltr'><strong>qdidem</strong></span> <span class='ocrx_word' id='word_1_102' title='bbox 610 1901 651 1965; x_wconf 93' lang='lat' dir='ltr'><strong>de</strong></span> <span class='ocrx_word' id='word_1_103' title='bbox 673 1900 813 1984; x_wconf 88' lang='lat' dir='ltr'><strong>singulis</strong></span> <span class='ocrx_word' id='word_1_104' title='bbox 831 1899 964 1985; x_wconf 90' lang='lat' dir='ltr'><strong>juribus</strong></span> <span class='ocrx_word' id='word_1_105' title='bbox 987 1901 1143 1985; x_wconf 88' lang='lat' dir='ltr'><strong>primatui</strong></span> <span class='ocrx_word' id='word_1_106' title='bbox 1169 1899 1409 1965; x_wconf 86' lang='lat' dir='ltr'><strong>inhaerentibus</strong></span> 
     </span>
     <span class='ocr_line' id='line_1_16' title="bbox 297 1997 1408 2083; baseline -0.004 -19"><span class='ocrx_word' id='word_1_107' title='bbox 297 2000 467 2066; x_wconf 80' lang='lat' dir='ltr'><strong>confusam</strong></span> <span class='ocrx_word' id='word_1_108' title='bbox 492 1999 615 2064; x_wconf 83' lang='lat' dir='ltr'><strong>dixeris</strong></span> <span class='ocrx_word' id='word_1_109' title='bbox 639 1998 750 2078; x_wconf 89' lang='lat' dir='ltr'><strong>fuisse,</strong></span> <span class='ocrx_word' id='word_1_110' title='bbox 776 1997 834 2061; x_wconf 90' lang='lat' dir='ltr'><strong>sed</strong></span> <span class='ocrx_word' id='word_1_111' title='bbox 858 1998 1028 2062; x_wconf 89' lang='lat' dir='ltr'><strong>occasione</strong></span> <span class='ocrx_word' id='word_1_112' title='bbox 1054 1997 1131 2062; x_wconf 86' lang='lat' dir='ltr'><strong>data</strong></span> <span class='ocrx_word' id='word_1_113' title='bbox 1144 1999 1324 2083; x_wconf 90' lang='lat' dir='ltr'><strong>primatum</strong></span> <span class='ocrx_word' id='word_1_114' title='bbox 1340 2019 1408 2061; x_wconf 88' lang='lat' dir='ltr'><strong>enm</strong></span> 
     </span>
     <span class='ocr_line' id='line_1_17' title="bbox 295 2093 1408 2180; baseline -0.004 -18"><span class='ocrx_word' id='word_1_115' title='bbox 295 2100 491 2162; x_wconf 89' lang='lat' dir='ltr'><strong>auctoritate</strong></span> <span class='ocrx_word' id='word_1_116' title='bbox 515 2098 544 2160; x_wconf 89' lang='lat' dir='ltr'><strong>ei</strong></span> <span class='ocrx_word' id='word_1_117' title='bbox 568 2097 667 2159; x_wconf 88' lang='lat' dir='ltr'><strong>insita</strong></span> <span class='ocrx_word' id='word_1_118' title='bbox 688 2093 923 2180; x_wconf 82' lang='lat' dir='ltr'><strong>agnoscebant.</strong></span> <span class='ocrx_word' id='word_1_119' title='bbox 963 2095 1131 2160; x_wconf 86' lang='lat' dir='ltr'><strong>Romanus</strong></span> <span class='ocrx_word' id='word_1_120' title='bbox 1144 2095 1301 2160; x_wconf 86' lang='lat' dir='ltr'><strong>Pontifex</strong></span> <span class='ocrx_word' id='word_1_121' title='bbox 1317 2097 1408 2159; x_wconf 88' lang='lat' dir='ltr'><strong>etiam</strong></span> 
     </span>
     <span class='ocr_line' id='line_1_18' title="bbox 296 2193 1409 2280; baseline 0.001 -20"><span class='ocrx_word' id='word_1_122' title='bbox 296 2194 521 2261; x_wconf 85' lang='lat' dir='ltr'><strong>Orientalibus</strong></span> <span class='ocrx_word' id='word_1_123' title='bbox 545 2216 611 2259; x_wconf 88' lang='lat' dir='ltr'><strong>non</strong></span> <span class='ocrx_word' id='word_1_124' title='bbox 635 2201 764 2258; x_wconf 87' lang='lat' dir='ltr'><strong>tantum</strong></span> <span class='ocrx_word' id='word_1_125' title='bbox 789 2203 859 2258; x_wconf 89' lang='lat' dir='ltr'><strong>erat</strong></span> <span class='ocrx_word' id='word_1_126' title='bbox 883 2195 1008 2278; x_wconf 85' lang='lat' dir='ltr'><strong>primus</strong></span> <span class='ocrx_word' id='word_1_127' title='bbox 1032 2203 1065 2256; x_wconf 90' lang='lat' dir='ltr'><strong>et</strong></span> <span class='ocrx_word' id='word_1_128' title='bbox 1088 2203 1189 2279; x_wconf 90' lang='lat' dir='ltr'><strong>caput</strong></span> <span class='ocrx_word' id='word_1_129' title='bbox 1216 2193 1409 2280; x_wconf 75' lang='grc' dir='ltr'>(κορυφαῖοςι</span> 
     </span>
     <span class='ocr_line' id='line_1_19' title="bbox 295 2291 1409 2379; baseline -0.004 -22"><span class='ocrx_word' id='word_1_130' title='bbox 295 2295 541 2379; x_wconf 90' lang='lat' dir='ltr'><strong>episcoporum,</strong></span> <span class='ocrx_word' id='word_1_131' title='bbox 577 2291 634 2356; x_wconf 87' lang='lat' dir='ltr'><strong>sed</strong></span> <span class='ocrx_word' id='word_1_132' title='bbox 663 2293 762 2356; x_wconf 87' lang='lat' dir='ltr'><strong>etiam</strong></span> <span class='ocrx_word' id='word_1_133' title='bbox 786 2291 991 2366; x_wconf 84' lang='lat' dir='ltr'><strong>fatebantur,</strong></span> <span class='ocrx_word' id='word_1_134' title='bbox 1028 2313 1103 2354; x_wconf 90' lang='lat' dir='ltr'><strong>eum</strong></span> <span class='ocrx_word' id='word_1_135' title='bbox 1128 2313 1198 2356; x_wconf 91' lang='lat' dir='ltr'><strong>esse</strong></span> <span class='ocrx_word' id='word_1_136' title='bbox 1226 2293 1409 2376; x_wconf 76' lang='lat' dir='ltr'><strong>anper-iorem</strong></span> 
     </span>
     <span class='ocr_line' id='line_1_20' title="bbox 295 2387 1409 2481; baseline -0.004 -25"><span class='ocrx_word' id='word_1_137' title='bbox 295 2402 327 2456; x_wconf 89' lang='lat' dir='ltr'><strong>et</strong></span> <span class='ocrx_word' id='word_1_138' title='bbox 352 2392 492 2481; x_wconf 78' lang='lat' dir='ltr'><strong>jadicem</strong></span> <span class='ocrx_word' id='word_1_139' title='bbox 523 2388 787 2476; x_wconf 88' lang='lat' dir='ltr'><strong>patriarcharum</strong></span> <span class='ocrx_word' id='word_1_140' title='bbox 820 2389 969 2452; x_wconf 91' lang='lat' dir='ltr'><strong>aliorum.</strong></span> <span class='ocrx_word' id='word_1_141' title='bbox 1016 2387 1104 2452; x_wconf 86' lang='lat' dir='ltr'><strong>Sane</strong></span> <span class='ocrx_word' id='word_1_142' title='bbox 1134 2388 1409 2453; x_wconf 85' lang='lat' dir='ltr'><strong>consentientibus</strong></span> 
     </span>
     <span class='ocr_line' id='line_1_21' title="bbox 295 2485 1408 2571; baseline -0.007 -17"><span class='ocrx_word' id='word_1_143' title='bbox 295 2486 546 2571; x_wconf 86' lang='lat' dir='ltr'><strong>Orientalibusj</strong></span> <span class='ocrx_word' id='word_1_144' title='bbox 550 2509 603 2550; x_wconf 93' lang='lat' dir='ltr'><strong>am</strong></span> <span class='ocrx_word' id='word_1_145' title='bbox 620 2485 730 2550; x_wconf 86' lang='lat' dir='ltr'><strong>Julius</strong></span> <span class='ocrx_word' id='word_1_146' title='bbox 745 2485 981 2564; x_wconf 87' lang='lat' dir='ltr'><strong>declaraverat,</strong></span> <span class='ocrx_word' id='word_1_147' title='bbox 1002 2485 1224 2550; x_wconf 87' lang='lat' dir='ltr'><strong>Athanasium</strong></span> <span class='ocrx_word' id='word_1_148' title='bbox 1241 2507 1307 2550; x_wconf 91' lang='lat' dir='ltr'><strong>non</strong></span> <span class='ocrx_word' id='word_1_149' title='bbox 1321 2506 1408 2570; x_wconf 89' lang='lat' dir='ltr'><strong>posse</strong></span> 
     </span>
     <span class='ocr_line' id='line_1_22' title="bbox 290 2509 1408 2672; baseline -0.004 -22"><span class='ocrx_word' id='word_1_150' title='bbox 290 2586 435 2672; x_wconf 88' lang='lat' dir='ltr'><strong>judicari</strong></span> <span class='ocrx_word' id='word_1_151' title='bbox 461 2597 493 2649; x_wconf 89' lang='lat' dir='ltr'><strong>et</strong></span> <span class='ocrx_word' id='word_1_152' title='bbox 516 2509 717 2649; x_wconf 75' lang='grc' dir='ltr'>ἁιιιιιιιιιιι</span> <span class='ocrx_word' id='word_1_153' title='bbox 692 2607 763 2648; x_wconf 89' lang='lat' dir='ltr'><strong>s1ne</strong></span> <span class='ocrx_word' id='word_1_154' title='bbox 787 2585 954 2648; x_wconf 86' lang='lat' dir='ltr'><strong>intervent</strong></span> <span class='ocrx_word' id='word_1_155' title='bbox 955 2605 976 2646; x_wconf 93' lang='lat' dir='ltr'><strong>u</strong></span> <span class='ocrx_word' id='word_1_156' title='bbox 941 2581 1096 2648; x_wconf 89' lang='lat' dir='ltr'><strong>tSedis</strong></span> <span class='ocrx_word' id='word_1_157' title='bbox 1119 2584 1305 2665; x_wconf 73' lang='lat' dir='ltr'><strong>RomanaeJ</strong></span> <span class='ocrx_word' id='word_1_158' title='bbox 1336 2583 1408 2648; x_wconf 84' lang='lat' dir='ltr'><strong>Oee-</strong></span> 
     </span>
     <span class='ocr_line' id='line_1_23' title="bbox 294 2681 1408 2767; baseline -0.004 -20"><span class='ocrx_word' id='word_1_159' title='bbox 294 2684 432 2748; x_wconf 88' lang='lat' dir='ltr'><strong>lestinus</strong></span> <span class='ocrx_word' id='word_1_160' title='bbox 456 2682 673 2747; x_wconf 88' lang='lat' dir='ltr'><strong>damnaverat</strong></span> <span class='ocrx_word' id='word_1_161' title='bbox 696 2682 895 2759; x_wconf 87' lang='lat' dir='ltr'><strong>Nestorium,</strong></span> <span class='ocrx_word' id='word_1_162' title='bbox 919 2681 987 2746; x_wconf 90' lang='lat' dir='ltr'><strong>Leo</strong></span> <span class='ocrx_word' id='word_1_163' title='bbox 1012 2681 1221 2764; x_wconf 89' lang='lat' dir='ltr'><strong>Dioscorum,</strong></span> <span class='ocrx_word' id='word_1_164' title='bbox 1246 2681 1408 2767; x_wconf 85' lang='lat' dir='ltr'><strong>Agapetus</strong></span> 
     </span>
     <span class='ocr_line' id='line_1_24' title="bbox 296 2777 1407 2864; baseline -0.005 -18"><span class='ocrx_word' id='word_1_165' title='bbox 296 2780 510 2863; x_wconf 85' lang='lat' dir='ltr'><strong>Anthimum,</strong></span> <span class='ocrx_word' id='word_1_166' title='bbox 543 2779 795 2864; x_wconf 84' lang='lat' dir='ltr'><strong>Chrysostomus</strong></span> <span class='ocrx_word' id='word_1_167' title='bbox 826 2799 904 2842; x_wconf 92' lang='lat' dir='ltr'><strong>vero</strong></span> <span class='ocrx_word' id='word_1_168' title='bbox 936 2788 968 2842; x_wconf 92' lang='lat' dir='ltr'><strong>et</strong></span> <span class='ocrx_word' id='word_1_169' title='bbox 991 2777 1173 2844; x_wconf 80' lang='lat' dir='ltr'><strong>Flavianus</strong></span> <span class='ocrx_word' id='word_1_170' title='bbox 1199 2777 1407 2864; x_wconf 89' lang='lat' dir='ltr'><strong>judiciums</strong></span> 
     </span>
     <span class='ocr_line' id='line_1_25' title="bbox 296 2875 1407 2964; baseline -0.005 -20"><span class='ocrx_word' id='word_1_171' title='bbox 296 2878 392 2944; x_wconf 88' lang='lat' dir='ltr'><strong>Sedis</strong></span> <span class='ocrx_word' id='word_1_172' title='bbox 417 2880 631 2964; x_wconf 85' lang='lat' dir='ltr'><strong>expetierant.</strong></span> <span class='ocrx_word' id='word_1_173' title='bbox 678 2877 732 2940; x_wconf 82' lang='lat' dir='ltr'><strong>Ex</strong></span> <span class='ocrx_word' id='word_1_174' title='bbox 754 2878 855 2960; x_wconf 86' lang='lat' dir='ltr'><strong>gestis</strong></span> <span class='ocrx_word' id='word_1_175' title='bbox 879 2876 1035 2956; x_wconf 85' lang='lat' dir='ltr'><strong>Nectarii,</strong></span> <span class='ocrx_word' id='word_1_176' title='bbox 1064 2875 1221 2958; x_wconf 84' lang='lat' dir='ltr'><strong>Anatolii,</strong></span> <span class='ocrx_word' id='word_1_177' title='bbox 1246 2875 1407 2942; x_wconf 84' lang='lat' dir='ltr'><strong>Germani</strong></span> 
     </span>
     <span class='ocr_line' id='line_1_26' title="bbox 297 2973 1409 3040; baseline -0.004 0"><span class='ocrx_word' id='word_1_178' title='bbox 297 2985 329 3040; x_wconf 88' lang='lat' dir='ltr'><strong>et</strong></span> <span class='ocrx_word' id='word_1_179' title='bbox 356 2998 399 3040; x_wconf 83' lang='lat' dir='ltr'><strong>ex</strong></span> <span class='ocrx_word' id='word_1_180' title='bbox 426 2977 529 3039; x_wconf 87' lang='lat' dir='ltr'><strong>variis</strong></span> <span class='ocrx_word' id='word_1_181' title='bbox 557 2974 775 3039; x_wconf 87' lang='lat' dir='ltr'><strong>Orientalium</strong></span> <span class='ocrx_word' id='word_1_182' title='bbox 805 2974 1061 3040; x_wconf 86' lang='lat' dir='ltr'><strong>orthodoxorum</strong></span> <span class='ocrx_word' id='word_1_183' title='bbox 1098 2976 1204 3039; x_wconf 85' lang='lat' dir='ltr'><strong>effatis</strong></span> <span class='ocrx_word' id='word_1_184' title='bbox 1234 2973 1409 3040; x_wconf 82' lang='lat' dir='ltr'><strong>luculenter</strong></span> 
     </span>
     <span class='ocr_line' id='line_1_27' title="bbox 296 3071 1406 3185; baseline -0.003 -47"><span class='ocrx_word' id='word_1_185' title='bbox 296 3083 443 3160; x_wconf 85' lang='lat' dir='ltr'><strong>apparet,</strong></span> <span class='ocrx_word' id='word_1_186' title='bbox 468 3076 659 3160; x_wconf 64' lang='lat' dir='ltr'><strong>agnitionem</strong></span> <span class='ocrx_word' id='word_1_187' title='bbox 682 3085 711 3136; x_wconf 86' lang='lat' dir='ltr'><strong>et</strong></span> <span class='ocrx_word' id='word_1_188' title='bbox 732 3073 997 3185; x_wconf 72' lang='lat' dir='ltr'><strong>confirmationem</strong></span> <span class='ocrx_word' id='word_1_189' title='bbox 1011 3073 1151 3138; x_wconf 85' lang='lat' dir='ltr'><strong>Romani</strong></span> <span class='ocrx_word' id='word_1_190' title='bbox 1167 3071 1336 3136; x_wconf 87' lang='lat' dir='ltr'><strong>Pontificis</strong></span> <span class='ocrx_word' id='word_1_191' title='bbox 1358 3071 1406 3136; x_wconf 89' lang='lat' dir='ltr'><strong>ha-</strong></span> 
     </span>
     <span class='ocr_line' id='line_1_28' title="bbox 296 3169 1406 3256; baseline -0.004 -20"><span class='ocrx_word' id='word_1_192' title='bbox 296 3172 401 3236; x_wconf 90' lang='lat' dir='ltr'><strong>bitam</strong></span> <span class='ocrx_word' id='word_1_193' title='bbox 416 3192 486 3235; x_wconf 88' lang='lat' dir='ltr'><strong>esse</strong></span> <span class='ocrx_word' id='word_1_194' title='bbox 502 3169 600 3256; x_wconf 86' lang='lat' dir='ltr'><strong>plane</strong></span> <span class='ocrx_word' id='word_1_195' title='bbox 613 3170 832 3247; x_wconf 81' lang='lat' dir='ltr'><strong>necessariam,</strong></span> <span class='ocrx_word' id='word_1_196' title='bbox 857 3181 893 3233; x_wconf 90' lang='grc' dir='ltr'><strong>ιιι</strong></span> <span class='ocrx_word' id='word_1_197' title='bbox 907 3169 1027 3256; x_wconf 87' lang='lat' dir='ltr'><strong>aliquis</strong></span> <span class='ocrx_word' id='word_1_198' title='bbox 1042 3170 1230 3256; x_wconf 85' lang='lat' dir='ltr'><strong>patriarcha</strong></span> <span class='ocrx_word' id='word_1_199' title='bbox 1249 3169 1406 3256; x_wconf 86' lang='lat' dir='ltr'><strong>legitimus</strong></span> 
     </span>
     <span class='ocr_line' id='line_1_29' title="bbox 296 3267 1405 3354; baseline -0.002 -22"><span class='ocrx_word' id='word_1_200' title='bbox 296 3278 493 3334; x_wconf 88' lang='lat' dir='ltr'><strong>censeretur.</strong></span> <span class='ocrx_word' id='word_1_201' title='bbox 540 3267 725 3331; x_wconf 87' lang='lat' dir='ltr'><strong>Romanum</strong></span> <span class='ocrx_word' id='word_1_202' title='bbox 745 3267 941 3332; x_wconf 89' lang='lat' dir='ltr'><strong>Pontificem</strong></span> <span class='ocrx_word' id='word_1_203' title='bbox 966 3267 1174 3354; x_wconf 80' lang='lat' dir='ltr'><strong>appellabant</strong></span> <span class='ocrx_word' id='word_1_204' title='bbox 1196 3289 1263 3334; x_wconf 93' lang='lat' dir='ltr'><strong>non</strong></span> <span class='ocrx_word' id='word_1_205' title='bbox 1287 3278 1405 3332; x_wconf 89' lang='lat' dir='ltr'><strong>tantum</strong></span> 
     </span>
     <span class='ocr_line' id='line_1_30' title="bbox 296 3364 1406 3452; baseline -0.005 -22"><span class='ocrx_word' id='word_1_206' title='bbox 296 3365 518 3452; x_wconf 86' lang='lat' dir='ltr'><strong>patriarchae,</strong></span> <span class='ocrx_word' id='word_1_207' title='bbox 555 3364 612 3428; x_wconf 89' lang='lat' dir='ltr'><strong>scd</strong></span> <span class='ocrx_word' id='word_1_208' title='bbox 643 3365 742 3428; x_wconf 87' lang='lat' dir='ltr'><strong>etiam</strong></span> <span class='ocrx_word' id='word_1_209' title='bbox 771 3365 918 3449; x_wconf 88' lang='lat' dir='ltr'><strong>episcopi</strong></span> <span class='ocrx_word' id='word_1_210' title='bbox 949 3373 986 3427; x_wconf 91' lang='grc' dir='ltr'><strong>ιιι</strong></span> <span class='ocrx_word' id='word_1_211' title='bbox 1008 3364 1295 3446; x_wconf 77' lang='lat' dir='ltr'><strong>Theodoretus,</strong></span> <span class='ocrx_word' id='word_1_212' title='bbox 1287 3387 1348 3430; x_wconf 88' lang='lat' dir='ltr'><strong>nno</strong></span> <span class='ocrx_word' id='word_1_213' title='bbox 1375 3378 1406 3426; x_wconf 77' lang='lat' dir='ltr'><strong>et</strong></span> 
     </span>
     <span class='ocr_line' id='line_1_31' title="bbox 295 3461 1404 3550; baseline -0.005 -22"><span class='ocrx_word' id='word_1_214' title='bbox 295 3465 490 3550; x_wconf 87' lang='lat' dir='ltr'><strong>presbyteri,</strong></span> <span class='ocrx_word' id='word_1_215' title='bbox 515 3461 796 3548; x_wconf 89' lang='lat' dir='ltr'><strong>quemadmodum</strong></span> <span class='ocrx_word' id='word_1_216' title='bbox 820 3461 967 3526; x_wconf 90' lang='lat' dir='ltr'><strong>vidimus</strong></span> <span class='ocrx_word' id='word_1_217' title='bbox 990 3463 1150 3527; x_wconf 90' lang='lat' dir='ltr'><strong>accidisse</strong></span> <span class='ocrx_word' id='word_1_218' title='bbox 1174 3463 1235 3528; x_wconf 90' lang='lat' dir='ltr'><strong>sub</strong></span> <span class='ocrx_word' id='word_1_219' title='bbox 1256 3461 1404 3548; x_wconf 76' lang='lat' dir='ltr'><strong>Gregorio</strong></span> 
     </span>
     <span class='ocr_line' id='line_1_32' title="bbox 295 3558 1404 3672; baseline -0.003 -47"><span class='ocrx_word' id='word_1_220' title='bbox 295 3561 428 3646; x_wconf 82' lang='lat' dir='ltr'><strong>Magno</strong></span> <span class='ocrx_word' id='word_1_221' title='bbox 475 3559 553 3624; x_wconf 87' lang='lat' dir='ltr'><strong>Sine</strong></span> <span class='ocrx_word' id='word_1_222' title='bbox 578 3559 672 3624; x_wconf 85' lang='lat' dir='ltr'><strong>Sedis</strong></span> <span class='ocrx_word' id='word_1_223' title='bbox 696 3558 906 3672; x_wconf 80' lang='lat' dir='ltr'><strong>Apostolicae</strong></span> <span class='ocrx_word' id='word_1_224' title='bbox 935 3561 1183 3624; x_wconf 87' lang='lat' dir='ltr'><strong>confirmatione</strong></span> <span class='ocrx_word' id='word_1_225' title='bbox 1206 3560 1297 3626; x_wconf 86' lang='lat' dir='ltr'><strong>nulla</strong></span> <span class='ocrx_word' id='word_1_226' title='bbox 1320 3581 1404 3646; x_wconf 85' lang='lat' dir='ltr'><strong>syno-</strong></span> 
     </span>
     <span class='ocr_line' id='line_1_33' title="bbox 296 3657 1404 3738; baseline -0.003 -16"><span class='ocrx_word' id='word_1_227' title='bbox 296 3658 357 3724; x_wconf 91' lang='lat' dir='ltr'><strong>dus</strong></span> <span class='ocrx_word' id='word_1_228' title='bbox 381 3657 567 3723; x_wconf 87' lang='lat' dir='ltr'><strong>habebatur</strong></span> <span class='ocrx_word' id='word_1_229' title='bbox 590 3667 626 3721; x_wconf 91' lang='lat' dir='ltr'><strong>ut</strong></span> <span class='ocrx_word' id='word_1_230' title='bbox 649 3659 875 3738; x_wconf 86' lang='lat' dir='ltr'><strong>oecumenica,</strong></span> <span class='ocrx_word' id='word_1_231' title='bbox 907 3679 967 3722; x_wconf 89' lang='lat' dir='ltr'><strong>nce</strong></span> <span class='ocrx_word' id='word_1_232' title='bbox 991 3657 1067 3722; x_wconf 92' lang='lat' dir='ltr'><strong>fidei</strong></span> <span class='ocrx_word' id='word_1_233' title='bbox 1093 3658 1225 3722; x_wconf 88' lang='lat' dir='ltr'><strong>decreta</strong></span> <span class='ocrx_word' id='word_1_234' title='bbox 1248 3658 1404 3724; x_wconf 83' lang='lat' dir='ltr'><strong>valebant.</strong></span> 
     </span>
     <span class='ocr_line' id='line_1_34' title="bbox 295 3755 1403 3840; baseline -0.003 -20"><span class='ocrx_word' id='word_1_235' title='bbox 295 3757 365 3820; x_wconf 91' lang='lat' dir='ltr'><strong>Nee</strong></span> <span class='ocrx_word' id='word_1_236' title='bbox 388 3758 497 3820; x_wconf 92' lang='lat' dir='ltr'><strong>minus</strong></span> <span class='ocrx_word' id='word_1_237' title='bbox 522 3777 708 3840; x_wconf 88' lang='lat' dir='ltr'><strong>supremam</strong></span> <span class='ocrx_word' id='word_1_238' title='bbox 724 3755 865 3820; x_wconf 90' lang='lat' dir='ltr'><strong>Romani</strong></span> <span class='ocrx_word' id='word_1_239' title='bbox 881 3755 1054 3820; x_wconf 91' lang='lat' dir='ltr'><strong>Pontificis</strong></span> <span class='ocrx_word' id='word_1_240' title='bbox 1069 3758 1298 3820; x_wconf 87' lang='lat' dir='ltr'><strong>auctoritatem</strong></span> <span class='ocrx_word' id='word_1_241' title='bbox 1314 3758 1403 3820; x_wconf 90' lang='lat' dir='ltr'><strong>etiam</strong></span> 
     </span>
     <span class='ocr_line' id='line_1_35' title="bbox 294 3850 1318 3938; baseline 0.001 -21"><span class='ocrx_word' id='word_1_242' title='bbox 294 3853 337 3918; x_wconf 92' lang='lat' dir='ltr'><strong>ab</strong></span> <span class='ocrx_word' id='word_1_243' title='bbox 361 3850 651 3938; x_wconf 84' lang='lat' dir='ltr'><strong>imperatoribus&#39;</strong></span> <span class='ocrx_word' id='word_1_244' title='bbox 644 3853 832 3916; x_wconf 87' lang='lat' dir='ltr'><strong>mvenimus</strong></span> <span class='ocrx_word' id='word_1_245' title='bbox 856 3853 1035 3918; x_wconf 89' lang='lat' dir='ltr'><strong>admissam</strong></span> <span class='ocrx_word' id='word_1_246' title='bbox 1058 3863 1092 3916; x_wconf 90' lang='lat' dir='ltr'><strong>et</strong></span> <span class='ocrx_word' id='word_1_247' title='bbox 1113 3852 1318 3919; x_wconf 86' lang='lat' dir='ltr'><strong>honoratam.</strong></span> 
     </span>
    </p>

    <p class='ocr_par' dir='ltr' id='par_1_7' title="bbox 294 3925 1458 4348">
     <span class='ocr_line' id='line_1_36' title="bbox 383 3925 1402 4036; baseline -0.003 -22"><span class='ocrx_word' id='word_1_248' title='bbox 383 3951 414 4014; x_wconf 82' lang='lat'><strong>6.</strong></span> <span class='ocrx_word' id='word_1_249' title='bbox 439 3951 690 4034; x_wconf 85' lang='lat' dir='ltr'><strong>Agnoscebatur</strong></span> <span class='ocrx_word' id='word_1_250' title='bbox 713 3952 824 4036; x_wconf 90' lang='lat' dir='ltr'><strong>itaque</strong></span> <span class='ocrx_word' id='word_1_251' title='bbox 848 3949 978 4014; x_wconf 86' lang='lat' dir='ltr'><strong>saeculo</strong></span> <span class='ocrx_word' id='word_1_252' title='bbox 1002 3971 1088 4014; x_wconf 91' lang='lat' dir='ltr'><strong>nono</strong></span> <span class='ocrx_word' id='word_1_253' title='bbox 1114 3953 1148 4014; x_wconf 91' lang='lat' dir='ltr'><strong>in</strong></span> <span class='ocrx_word' id='word_1_254' title='bbox 1160 3925 1303 4017; x_wconf 89' lang='lat' dir='ltr'><strong>Oriente</strong></span> <span class='ocrx_word' id='word_1_255' title='bbox 1317 3949 1402 4016; x_wconf 88' lang='lat' dir='ltr'><strong>Sedis</strong></span> 
     </span>
     <span class='ocr_line' id='line_1_37' title="bbox 295 4047 1400 4134; baseline -0.003 -22.984"><span class='ocrx_word' id='word_1_256' title='bbox 295 4048 504 4133; x_wconf 81' lang='lat' dir='ltr'><strong>Apostolicae</strong></span> <span class='ocrx_word' id='word_1_257' title='bbox 528 4050 702 4134; x_wconf 89' lang='lat' dir='ltr'><strong>primatus,</strong></span> <span class='ocrx_word' id='word_1_258' title='bbox 732 4059 831 4134; x_wconf 90' lang='lat' dir='ltr'><strong>atque</strong></span> <span class='ocrx_word' id='word_1_259' title='bbox 854 4047 938 4112; x_wconf 91' lang='lat' dir='ltr'><strong>nihil</strong></span> <span class='ocrx_word' id='word_1_260' title='bbox 962 4050 1067 4133; x_wconf 85' lang='lat' dir='ltr'><strong>magis</strong></span> <span class='ocrx_word' id='word_1_261' title='bbox 1091 4048 1275 4134; x_wconf 88' lang='lat' dir='ltr'><strong>proficuum</strong></span> <span class='ocrx_word' id='word_1_262' title='bbox 1298 4050 1400 4114; x_wconf 78' lang='lat' dir='ltr'><strong>suisset</strong></span> 
     </span>
     <span class='ocr_line' id='line_1_38' title="bbox 294 4145 1402 4232; baseline -0.003 -24"><span class='ocrx_word' id='word_1_263' title='bbox 294 4145 451 4210; x_wconf 87' lang='lat' dir='ltr'><strong>ecelesiae</strong></span> <span class='ocrx_word' id='word_1_264' title='bbox 476 4145 644 4228; x_wconf 84' lang='lat' dir='ltr'><strong>OPtanae,</strong></span> <span class='ocrx_word' id='word_1_265' title='bbox 679 4167 777 4232; x_wconf 88' lang='lat' dir='ltr'><strong>quam</strong></span> <span class='ocrx_word' id='word_1_266' title='bbox 809 4148 956 4212; x_wconf 88' lang='lat' dir='ltr'><strong>intimior</strong></span> <span class='ocrx_word' id='word_1_267' title='bbox 979 4167 1055 4210; x_wconf 89' lang='lat' dir='ltr'><strong>cum</strong></span> <span class='ocrx_word' id='word_1_268' title='bbox 1079 4157 1192 4211; x_wconf 84' lang='lat' dir='ltr'><strong>centro</strong></span> <span class='ocrx_word' id='word_1_269' title='bbox 1217 4149 1346 4212; x_wconf 88' lang='lat' dir='ltr'><strong>unitatis</strong></span> <span class='ocrx_word' id='word_1_270' title='bbox 1369 4158 1402 4206; x_wconf 84' lang='lat' dir='ltr'><strong>et</strong></span> 
     </span>
     <span class='ocr_line' id='line_1_39' title="bbox 293 4243 1458 4374; baseline -0.001 -68.988"><span class='ocrx_word' id='word_1_271' title='bbox 293 4253 360 4307; x_wconf 91' lang='lat' dir='ltr'><strong>teto</strong></span> <span class='ocrx_word' id='word_1_272' title='bbox 385 4243 565 4308; x_wconf 85' lang='lat' dir='ltr'><strong>Occidente</strong></span> <span class='ocrx_word' id='word_1_273' title='bbox 599 4244 798 4329; x_wconf 90' lang='lat' dir='ltr'><strong>conjunctio</strong></span> <span class='ocrx_word' id='word_1_274' title='bbox 845 4243 911 4310; x_wconf 85' lang='lat' dir='ltr'><strong>Sed</strong></span> <span class='ocrx_word' id='word_1_275' title='bbox 944 4243 1066 4310; x_wconf 85' lang='lat' dir='ltr'><strong>multae</strong></span> <span class='ocrx_word' id='word_1_276' title='bbox 1099 4245 1239 4310; x_wconf 87' lang='lat' dir='ltr'><strong>aderant</strong></span> <span class='ocrx_word' id='word_1_277' title='bbox 1268 4255 1330 4310; x_wconf 88' lang='lat' dir='ltr'><strong>tum</strong></span> <span class='ocrx_word' id='word_1_278' title='bbox 1360 4264 1399 4304; x_wconf 83' lang='lat' dir='ltr'><strong>ex</strong></span> <span class='ocrx_word' id='word_1_279' title='bbox 1457 4277 1458 4374; x_wconf 97' lang='lat' dir='ltr'>J</span> 
     </span>
    </p>
   </div>
   <div class='ocr_carea' id='block_1_6' title="bbox 0 0 1470 4836">
    <p class='ocr_par' dir='ltr' id='par_1_8' title="bbox 0 0 1470 4836">
     <span class='ocr_line' id='line_1_40' title="bbox 0 0 1470 4836; baseline 0 0"><span class='ocrx_word' id='word_1_280' title='bbox 0 0 1470 4836; x_wconf 95' lang='lat' dir='ltr'><strong> </strong></span> 
     </span>
    </p>
   </div>
  </div>
 </body>
</html>
