2932 4836
382 536 497 592 Photins
514 535 779 606 pseudopatriarcha
1088 537 1142 594 ata

43 685 134 762 ‚trinas
153 706 221 748 auu
243 691 322 748 esset
344 679 483 746 mendac
506 677 693 772 discipulus,
714 679 752 743 de
775 701 903 756 numero
917 677 1142 770 Apostolorum

40 781 141 870 ilcjccc't.
192 781 306 846 Veram
329 779 367 842 de
386 777 579 866 presbyteris
603 777 837 866 qualescumque
860 777 939 868 siut,
961 777 1064 858 uobis,
1088 779 1144 866 qui

40 877 102 941 laici
122 878 203 956 eatis,
222 901 279 942 uec
291 875 506 968 judicandum
529 886 584 955 eat,
605 899 660 944 nea
683 873 722 940 dc
742 876 808 938 rata
823 877 964 964 ipsorum
978 876 1143 964 quidpiam

40 975 281 1062 2'arcetc'9andam,
303 973 360 1038 aad
374 971 722 1062 cpiscoporumjadicio
737 973 890 1060 quidquid
904 983 950 1036 est
958 996 1022 1062 per
1037 975 1143 1038 caucia

38 1071 252 1140 reservandam.
274 1109 315 1118 -
338 1069 684 1138 Animadvertendum
708 1081 765 1153 est,
791 1069 879 1158 quod
894 1092 936 1134 ax
951 1071 1142 1158 quaestione

38 1167 192 1254 colligitur,
210 1169 372 1256 Bulgaros
389 1169 463 1256 jam
486 1168 633 1260 scivisse,
650 1167 859 1256 presbyteros
882 1165 927 1234 ad
942 1165 1143 1256 coelibatum

36 1267 123 1330 teneri
146 1268 179 1336 in
206 1265 357 1334 Ecclesia
380 1265 501 1348 latina3
535 1287 703 1354 quumque
726 1267 795 1352 regi
819 1267 1027 1358 propositum
1047 1274 1142 1346 esset,

36 1361 186 1430 Ecclesiae
210 1363 334 1430 latinae
367 1362 579 1450 disciplinam
612 1374 644 1428 et
673 1365 773 1430 ritum
796 1365 977 1452 suscipere,
1013 1361 1142 1428 Nicolai

34 1484 212 1547 responsum
245 1484 311 1528 nou
336 1463 472 1526 directe
488 1461 633 1526 refertur
664 1461 708 1526 ad
730 1461 939 1548 presbyteros
967 1460 1142 1526 orientales

33 1559 223 1644 arguendos,
257 1560 315 1626 sed
346 1559 499 1646 generale
531 1570 596 1640 est,
630 1558 778 1646 adeoque
801 1561 918 1624 merito
943 1555 1141 1624 coelibatum

34 1657 178 1740 didicat,
194 1668 228 1725 et
243 1655 447 1725 connubium
464 1657 732 1744 presbyterorum
748 1655 969 1746 reprehendit.
1005 1655 1142 1722 Summa

32 1765 127 1820 autem
151 1757 301 1842 responsi
325 1756 360 1819 in
384 1777 422 1820 eo
438 1765 495 1835 est,
519 1764 556 1819 ut
571 1766 713 1834 moneat,
732 1753 864 1842 judicia
885 1753 926 1820 de
941 1753 1142 1842 presbyteris

32 1855 182 1940 episcopis
214 1854 396 1932 reservari,
425 1874 487 1918 nec
509 1851 612 1918 laicos
635 1854 706 1918 istis
729 1853 871 1938 negotiis
899 1873 933 1916 se
957 1852 1141 1918 immiscere

31 1949 147 2018 debere.
183 1949 225 2018 Id
241 1960 332 2038 patet
348 1951 449 2016 etiam
466 1971 509 2016 ex
524 1970 680 2038 responso
696 1950 846 2038 sequenti
871 1951 991 2038 (all),
1016 1971 1080 2038 quo
1101 1949 1142 2016 dc

31 2047 221 2134 presbyteris
243 2049 353 2136 agitur
376 2047 543 2114 adulteris.
590 2047 712 2117 Statuit
735 2049 840 2132 enim,
862 2047 1024 2136 Balgaroc
1047 2069 1142 2134 posse

29 2148 116 2212 etiam
149 2169 170 2212 a
204 2145 327 2212 talibus
355 2155 563 2210 sacramenta
593 2147 775 2234 suscipere,
810 2145 970 2234 quamdiu
998 2167 1066 2227 nou
1099 2146 1141 2238 ab

30 2245 173 2330 episcopo
209 2243 376 2330 reprobati
410 2244 484 2308 sint.
530 2241 582 2308 Ita
612 2243 767 2310 Pontifex
799 2265 946 2330 congrua
977 2245 1142 2334 principia

30 2339 64 2404 de
86 2341 263 2430 disciplina
287 2338 510 2407 ecclesiastica
533 2339 693 2426 Bulgaros
717 2339 842 2406 edocet.
890 2337 989 2422 Quod
1012 2343 1040 2418 si
1061 2364 1141 2406 uero

29 2437 181 2504 indirecte
215 2442 249 2504 in
280 2438 490 2526 presbyteros
519 2448 675 2506 uxoratos
699 2438 902 2507 Graecorum
931 2437 1142 2527 reprehensio

28 2535 122 2620 cadit,
155 2537 190 2602 id
221 2559 299 2604 sane
331 2537 412 2623 ipsis
441 2533 666 2602 Orientalibus
699 2535 956 2602 adscribendum
989 2546 1053 2620 est,
1085 2539 1142 2624 qui

26 2645 108 2697 tanta
132 2656 210 2701 eum
243 2635 431 2720 arrogantia
454 2633 650 2700 Latinorum
682 2633 893 2720 disciplinam
923 2637 1142 2722 perstringere

26 2729 177 2796 solebant.

106 2829 161 2896 65.
187 2827 362 2895 Caeterum
386 2829 628 2908 advertendum
652 2839 710 2910 est,
735 2851 773 2896 eo
796 2840 944 2918 tempore
961 2833 1034 2918 jam
1057 2831 1140 2898 Pho·
1162 2835 1302 2940 ”wlff

27 2925 99 2990 tium
134 2927 271 3013 ejusque
303 2935 431 3012 partem
461 2929 712 3014 perversitatem
748 2951 841 2994 suam
870 2939 981 3015 aperte
1006 2932 1140 2997 menife-
1244 2909 1277 2941 η

26 3035 139 3105 suase,
163 3046 225 3090 nae
248 3023 385 3090 Nicolao
409 3024 509 3090 fuisse
534 3023 736 3106 curandum,
761 3034 798 3091 ut
820 3030 1013 3114 praesertim
1038 3051 1140 3116 quum
1202 3095 1204 3100 ,

25 3119 61 3184 sd
83 3119 184 3186 aliam
209 3121 378 3188 nationem
402 3121 571 3206 scriberet,
596 3122 817 3190 Orientalium
832 3126 974 3191 vanitati
998 3137 1030 3192 et
1049 3149 1140 3213 prae-

21 3217 153 3298 judiciis
175 3231 334 3306 parceret.
358 3259 402 3266 -
428 3218 622 3286 Generatim
644 3243 723 3286 vero
744 3223 778 3288 in
797 3223 960 3310 ejusmodi
980 3223 1141 3308 homines,

25 3315 133 3400 quales
163 3318 297 3382 fuerunt
330 3317 468 3383 Photius
502 3329 534 3382 et
566 3317 710 3385 asseclae
743 3321 830 3406 ejus,
865 3319 1000 3386 lenitate
1032 3325 1141 3408 potius

24 3414 185 3498 agendmn
208 3415 310 3480 fuisse
334 3438 435 3502 quam
458 3417 663 3482 auctoritatis
687 3419 815 3502 vigore,
839 3418 922 3484 falsa
945 3421 1057 3505 opinio
1081 3429 1139 3486 est.

24 3507 154 3576 Lenitas
177 3515 267 3578 enim
292 3513 477 3579 conducere
500 3524 623 3600 potest,
651 3525 688 3579 ut
710 3518 785 3602 quis
807 3514 971 3602 placetur,
995 3519 1140 3582 reconci-

23 3606 137 3694 lietur,
168 3621 200 3674 et
233 3611 380 3694 erigatur
410 3633 430 3676 a
461 3611 556 3700 lapsu
589 3615 646 3699 qui
674 3613 866 3680 infirmitate
898 3615 1008 3700 potius
1039 3636 1139 3701 quam

23 3705 147 3770 malitia
169 3711 318 3793 contigit.
365 3707 526 3774 Homines
550 3719 661 3774 autem
690 3712 746 3798 qui
771 3711 947 3777 manifesta
970 3713 1140 3800 impietate

23 3813 52 3864 ct
83 3803 272 3870 ambitionis
303 3807 521 3897 perversitate
554 3806 692 3872 consilia
716 3830 776 3872 sua
808 3811 951 3894 pessima
984 3832 1138 3897 exseque-

24 3897 153 3984 bantur,
175 3913 272 3990 atque
296 3905 342 3967 ita
360 3902 433 3990 jam
456 3925 495 3968 eo
519 3915 754 3991 pervenerant,
779 3915 816 3970 ut
837 3906 1042 3990 facinoribus
1065 3928 1139 3973 con·

24 3998 128 4062 stricti
157 4021 298 4066 summm
321 4022 431 4068 rerum
456 4003 490 4066 in
515 4000 653 4066 ecclesia
677 4003 829 4068 orientali
859 4013 1027 4088 tenerent,
1058 4004 1138 4071 leni·

23 4105 87 4158 tata
121 4095 229 4163 reduci
262 4120 329 4164 non
362 4109 524 4185 poterant.
570 4099 703 4164 Etenim
726 4101 866 4166 Photius
898 4112 934 4166 ut
965 4126 986 4167 a
1014 4107 1139 4190 coeptis

23 4191 196 4276 recederet,
219 4206 396 4262 retractare
420 4195 589 4262 debuisset
611 4219 696 4283 quae
719 4211 892 4285 peregerat
914 4200 1081 4281 facinora,
1106 4213 1139 4267 et

24 4285 162 4354 bonores
182 4315 219 4358 ae
242 4294 420 4381 dignitates
444 4293 626 4376 dimittere,
658 4293 805 4382 illudque
829 4297 892 4362 sibi
917 4311 1139 4384 comparasset
