2904 4834
330 526 453 580 Eventus
470 531 533 594 post
551 524 698 580 Concilium
716 541 771 582 osc
789 526 859 580 VIII
1105 529 1159 582 413

56 670 124 754 piam
153 667 324 749 editionis,
363 668 451 754 quod
484 666 636 733 Clemens
666 667 733 732 VII
765 667 957 732 Medicaeus
987 669 1158 734 concessit.

58 767 118 847 Qua
150 765 191 830 de
226 789 262 830 re
294 765 423 830 Natalis
446 765 655 830 Alexander:
691 765 798 846 „Sed,
833 767 960 850 inquit,
999 764 1160 831 &cumea

56 888 159 950 semper
179 863 355 941 mendaces,
379 885 487 949 neque
510 862 573 926 hac
597 865 631 926 in
651 886 686 927 re
710 863 816 928 fidelis
832 863 993 926 Abrohom
1016 875 1049 927 et
1063 863 1160 928 bene·

57 962 219 1044 dicendum
255 983 332 1025 curn
362 984 424 1025 nec
447 961 659 1025 Florentinae
683 960 810 1045 Synodi
834 960 920 1024 Aeta
950 971 983 1024 et
1006 961 1159 1038 Decreta,

55 1083 105 1124 nec
133 1060 276 1145 Eugenii
299 1059 348 1123 IV
380 1059 552 1123 Pontificio
584 1059 723 1122 Maximi
755 1057 913 1143 Diploma
944 1060 1006 1144 ipsi
1040 1080 1159 1123 nomen

55 1157 166 1240 Synodi
189 1159 423 1221 oecumenicae
442 1166 579 1220 octavae
602 1158 731 1241 uspiam
746 1156 904 1221 tribuant.
942 1156 1159 1242 Pririlegium

54 1267 150 1318 autem
173 1254 328 1319 editionis
352 1277 372 1318 a
394 1254 572 1334 Pontifioe,
605 1255 699 1340 eujus
722 1255 857 1318 nomine
880 1253 994 1317 datum
1017 1265 1081 1334 est,
1106 1276 1159 1317 ex-

54 1375 179 1437 pensum
203 1375 270 1418 non
293 1353 366 1433 fuit,
391 1353 450 1417 sed
472 1374 647 1438 expressus
671 1363 720 1416 est
742 1351 858 1416 titulus
880 1351 971 1433 libri,
995 1361 1094 1437 prout
1116 1351 1159 1415 ab

53 1449 164 1514 editore
186 1451 296 1515 fuerat
313 1451 500 1536 adscriptus
521 1449 564 1514 ab
585 1472 622 1515 eo
647 1452 704 1535 qui
723 1450 927 1536 privileplom
945 1450 1159 1535 exaravit.“¹)

55 1547 198 1613 Vindicat
220 1557 333 1613 tamen
357 1547 586 1613 Abrahamum
612 1546 802 1612 Cretensem
826 1556 858 1610 et
873 1545 1077 1612 Clementem
1093 1547 1160 1612 VII

53 1645 214 1710 adnotator
235 1645 384 1727 Natalis,
418 1645 618 1730 Roncaglia,
652 1645 800 1710 scribens
823 1647 859 1709 in
882 1655 961 1710 nota
992 1645 1036 1709 ad
1068 1646 1089 1711 1.
1113 1669 1159 1710 c.:

54 1743 134 1827 „Ego
157 1742 240 1808 nihil
263 1743 306 1808 ab
331 1753 470 1830 utroque
494 1744 708 1808 vehementer
730 1751 875 1807 erratum
899 1743 1010 1822 video,
1035 1765 1159 1808 morem

53 1844 130 1904 enim
152 1841 365 1924 Graecorum,
390 1863 456 1906 non
481 1842 675 1906 Latinorum
699 1863 738 1905 ea
761 1843 797 1904 in
820 1861 854 1904 re
878 1843 994 1905 sectati
1017 1850 1104 1924 sunt,
1128 1852 1161 1906 et

54 1939 174 2022 quidem
197 1961 266 2004 non
289 1939 493 2004 Graecorum
517 1938 744 2004 tantrnmmodo
769 1941 826 2024 qui
850 1938 1018 2002 schismati
1041 1938 1160 2003 adhae-

54 2035 174 2118 rebant,
208 2037 267 2100 sed
291 2058 403 2101 eorum
427 2039 550 2122 pariter
573 2039 630 2123 qui
654 2059 730 2100 cum
753 2037 883 2101 Latinis
906 2037 1159 2102 conveniebant.

53 2134 201 2198 Postremi
226 2136 315 2199 enim
331 2133 462 2216 Graeci,
486 2145 576 2199 reeta
591 2135 669 2199 licet
684 2137 872 2215 sentientes,
897 2134 1069 2218 Synodum
1086 2135 1159 2199 Flo-

53 2233 204 2296 rentinam
228 2241 380 2296 octavam
404 2245 629 2312 numerarunt,
654 2254 721 2296 non
744 2232 833 2316 quod
850 2231 1022 2316 Synodum
1046 2243 1158 2298 contra

53 2327 194 2394 Photinm
217 2331 401 2416 rejicerent,
427 2329 485 2395 sed
502 2329 590 2416 quod
606 2333 653 2394 ita
669 2351 739 2394 mos
754 2330 957 2395 Graecorum
973 2330 1104 2394 ferret.“
1115 2369 1158 2380 -

51 2425 84 2489 In
100 2425 243 2492 Concilio
259 2428 449 2492 Florentino
467 2429 600 2492 Marcus
615 2427 805 2513 Ephesinus
819 2431 964 2513 negarit,
985 2428 1157 2512 Synodum

51 2533 182 2589 nostram
197 2527 445 2590 oecumenicam
459 2547 539 2606 esse,
555 2536 655 2611 atque
668 2524 854 2589 Cardinalis
868 2527 1016 2590 (leserini
1030 2525 1157 2612 legatus

51 2621 207 2686 Pontificis
241 2625 388 2708 carpitur
419 2622 605 2687 aBaronio
639 2623 695 2710 (ad
727 2645 757 2688 a.
787 2623 868 2702 869,
904 2646 935 2688 n.
960 2625 1033 2708 61),
1069 2626 1157 2710 quod

50 2715 143 2782 llarci
157 2721 255 2784 effata
272 2742 338 2784 non
354 2722 505 2806 rejecerit
520 2733 553 2784 et
568 2721 770 2785 refutaverit.
804 2721 870 2787 Sed
886 2725 1002 2786 merito
1015 2723 1157 2786 advertit

51 2813 93 2880 lll.
114 2817 245 2900 Helela,
281 2818 315 2882 id
349 2818 426 2882 inde
459 2809 600 2900 foetum,
634 2818 722 2904 quod
749 2817 898 2883 Cesarini
932 2822 1155 2905 quaestionem

50 2916 269 2980 secundariam
302 2917 447 2980 excitare
481 2927 513 2980 et
536 2916 699 2980 discutere
723 2917 880 2997 noluerit,
914 2941 953 2982 ae
986 2927 1155 3004 propterea

51 3011 140 3076 rerba
168 3023 379 3078 transeunter
408 3012 534 3098 prolata
565 3017 636 3078 sine
660 3014 785 3078 directa
814 3018 1025 3100 responsione
1055 3025 1156 3080 trans

51 3111 203 3192 miseriti)
237 3151 281 3160 -
313 3112 389 3176 Jam
420 3111 590 3175 ulteriores
613 3123 751 3175 eventus
782 3115 815 3176 in
841 3111 976 3177 Oriente
1007 3124 1039 3177 et
1063 3113 1155 3178 Occi-

51 3205 136 3272 dente
159 3209 349 3274 referamus.

130 3307 201 3372 104.
225 3307 374 3388 Photius,
398 3309 551 3393 quamvis
575 3330 594 3370 a
619 3307 748 3372 duobus
762 3308 978 3372 Pontificibus
1003 3311 1036 3373 in
1060 3331 1156 3393 syno-
1171 3318 1319 3362 thiiimw

51 3401 93 3466 dir
119 3405 275 3469 Romanis
305 3415 337 3469 et
367 3407 401 3470 in
433 3403 581 3470 Concilio
614 3405 758 3490 generali
794 3406 877 3470 VIII
909 3406 1085 3470 damnatus
1116 3430 1156 3470 ac

51 3497 222 3584 depositus,
255 3513 355 3589 atque
378 3527 398 3566 a
421 3503 544 3568 Basilio
568 3503 770 3589 Imperatore
802 3525 819 3567 e
843 3504 919 3568 sede
945 3505 1079 3568 CPtana
1103 3504 1155 3568 de-

46 3595 143 3678 jectas
166 3612 198 3665 et
222 3603 257 3665 in
281 3603 517 3666 monasterium
541 3601 718 3687 relegatus,
751 3625 812 3666 neo
842 3603 980 3686 resipuit
1003 3623 1064 3664 nec
1088 3605 1155 3665 ani-

53 3714 95 3758 mo
125 3698 309 3784 despondit.
356 3699 423 3765 Sed
460 3701 579 3764 mentis
614 3711 745 3764 vastum
782 3701 951 3784 ingenium
986 3700 1155 3784 animique

53 3791 79 3854 in
99 3799 311 3880 perversitate
334 3798 508 3862 audaciam
534 3819 572 3861 eo
597 3798 727 3878 direxit,
754 3809 789 3862 ut
812 3799 990 3863 factionem
1013 3797 1077 3860 sibi
1101 3797 1155 3861 ad-

52 3886 226 3958 haerentem
264 3897 436 3975 retineret,
480 3895 641 3981 malisque
680 3895 806 3959 ortibus
848 3897 958 3960 futura
999 3915 1153 3981 prospera

52 4001 257 4076 praepararet.
287 3991 405 4056 Merito
422 3993 462 4056 de
473 3995 543 4079 ipso
555 3995 710 4079 episcopi,
729 3995 784 4080 qui
795 3995 837 4058 ab
849 3993 977 4078 Ignatio
988 3993 1154 4080 quondam

52 4081 235 4171 deiecerant,
261 4092 296 4154 in
311 4089 430 4155 'libello
454 4113 518 4177 quo
543 4089 651 4154 oblato
677 4093 710 4156 in
729 4089 869 4156 Concilii
882 4091 1022 4155 Aetione
1038 4089 1072 4155 II
1087 4090 1153 4178 lap·

55 4220 248 4238 N—-w—-v

116 4299 132 4362 η
150 4301 181 4355 n
199 4316 267 4356 nse.
288 4302 335 4357 rx.
355 4303 468 4358 omen.
487 4302 534 4358 1v.
554 4303 579 4374 s.
599 4263 700 4360 xxir.
774 4303 795 4371 ²)
814 4305 842 4358 o.
863 4305 892 4358 o.
914 4303 961 4357 rv.
981 4305 1004 4376 ς.
1023 4307 1084 4360 ros.
