2904 4834
299 489 448 544 Concilium
466 489 663 544 oecumenicum
682 495 815 544 octavum
1082 487 1136 542 897

38 655 89 715 pas
108 655 136 694 se
150 631 296 720 justificer,
320 632 413 718 qn't'is
436 632 614 698 demenrent
636 633 856 698 coadoranda“
894 631 954 696 Les
977 631 1075 716 ltpats
1091 631 1135 696 dis

43 727 119 792 Sciat
139 727 224 816 Ss'e'pe
256 731 475 816 s'opposereat
507 735 527 794 d
557 741 632 796 cette
659 733 815 796 revision:
848 730 899 808 „lt
928 752 964 792 ne
987 751 1067 792 nous
1090 739 1135 792 est

37 849 87 910 pos
94 829 215 914 peresis,
237 827 507 914 rependium-ils,
522 828 661 893 d’abole's·
679 830 906 916 lesjupemeats
921 827 976 892 des
990 826 1138 913 pontefes

40 924 219 1010 romoiaa“¹)
265 925 394 990 Revera
408 948 581 1011 processus
603 929 718 992 revisio
729 950 791 1014 per
806 926 933 1012 mapula
946 923 1135 989 nullatenus

38 1021 178 1104 postulata
207 1023 288 1104 suit,
321 1023 379 1088 sed
409 1047 467 1111 spe
494 1025 724 1090 submissionis
755 1025 808 1088 vel
837 1025 930 1109 pacis
952 1023 1138 1108 Imperator

38 1131 62 1182 et
79 1122 200 1204 patricii
225 1121 417 1206 volucrunt,
442 1133 479 1186 ut
500 1123 619 1188 Photio
644 1134 677 1187 et
698 1123 832 1188 asseclis
855 1122 926 1206 ejus
948 1119 1137 1204 legerentur

37 1217 143 1284 litterae
156 1219 338 1300 Pontiticis,
363 1229 396 1284 et
409 1220 516 1286 fusius
538 1223 578 1285 iis
594 1227 814 1307 exponeretur
827 1219 994 1306 judicium
1009 1218 1134 1281 factum

36 1328 59 1378 et
85 1319 243 1382 sententia
275 1316 359 1395 lata,
394 1328 495 1404 utque
527 1322 824 1404 interrogarentur,
863 1316 944 1403 quid
976 1315 1017 1380 ad
1051 1313 1135 1378 baec

36 1413 261 1496 responderent.
308 1416 381 1502 Hac
404 1419 532 1482 ratione
556 1417 752 1498 censebant,
776 1437 831 1480 eos
854 1415 908 1480 vel
930 1414 974 1479 ad
997 1412 1136 1476 submis-

34 1511 139 1574 sionem
157 1512 293 1592 adduci,
317 1514 370 1578 vel
390 1517 595 1599 apertissime
615 1515 656 1579 de
672 1537 732 1578 sua
746 1513 921 1599 iniquitate
937 1509 1135 1594 convinci.²)

34 1607 130 1692 Legati
153 1633 233 1675 vero
258 1611 397 1678 sollicite
412 1636 527 1678 euram
550 1613 705 1693 habuere,
730 1634 772 1676 ne
795 1611 850 1676 vel
873 1612 1047 1674 minimum
1070 1607 1135 1672 lae·

33 1703 144 1770 deretur
158 1731 313 1794 suprema
329 1721 473 1794 potestas
485 1710 695 1797 Apostolicae
710 1709 815 1791 Sedis,
835 1731 920 1795 quae
936 1707 1133 1771 sententiam

32 1801 139 1867 tulerat.
159 1843 194 1854 -
216 1805 342 1872 Scribit
364 1808 443 1872 dein
465 1809 573 1873 Manet
594 1809 616 1874 l.
629 1831 675 1873 a:
701 1809 835 1894 litisque
859 1807 888 1870 le
915 1805 1039 1872 Cortos‘le
1063 1825 1134 1868 eoa-

30 1903 147 1966 sentitis
169 1929 209 1968 ne
229 1929 295 1990 pes
317 1928 539 1970 recosnmeacer
561 1907 589 1971 le
607 1910 722 1993 proces
744 1906 784 1970 de
806 1905 952 1983 Pbott‘ns,
975 1903 1002 1966 il
1019 1912 1081 1988 pat
1104 1913 1135 1964 et

30 1995 48 2056 ii
66 1998 130 2077 dut,
155 2003 294 2086 potsque
317 2014 392 2068 cette
416 2027 508 2068 cause
530 2005 730 2091 personaelle
754 2004 802 2068 issi
825 2005 903 2068 teate
926 2003 1067 2088 deferte,
1102 2023 1133 2064 se

29 2099 210 2180 cereastes-e,
229 2123 299 2186 par
321 2125 365 2164 na
388 2125 520 2166 examen
543 2105 722 2181 sommaire,
747 2103 785 2166 de
809 2102 843 2166 la
860 2100 1009 2188 parfaite
1033 2100 1138 2185 equite

29 2192 70 2254 des
90 2208 249 2262 sentences
256 2199 470 2284 pontificales.
510 2201 605 2266 Haec
619 2201 778 2285 ambigua
793 2207 879 2264 sunt
920 2195 1016 2262 Certe
1032 2217 1134 2260 causa

29 2289 118 2356 i'botii
151 2295 342 2360 nullatenus
375 2297 502 2381 synodo
535 2300 581 2363 ita
605 2300 768 2362 caranisas
791 2306 875 2378 erat,
909 2304 946 2360 ut
972 2305 1131 2380 tanquam

28 2389 154 2457 tribunal
181 2395 336 2478 superius
369 2397 575 2461 examinaret
606 2397 803 2460 sententiam
832 2393 1017 2472 Pontificis‚
1056 2413 1131 2456 cum

23 2485 84 2568 jure
112 2490 283 2556 dissensus
312 2477 365 2556 vel
396 2494 655 2573 reformationis,
686 2493 739 2558 vei
768 2493 1026 2558 confirmationis
1056 2489 1134 2554 talis

28 2587 83 2650 sine
104 2611 169 2673 qua
193 2589 252 2654 ills
276 2593 439 2656 sententia
462 2593 531 2655 vim
554 2613 621 2656 non
643 2591 822 2656 habuisset
862 2587 929 2655 Sed
945 2587 1132 2654 Concilium

28 2697 229 2752 tonsoratum
256 2699 341 2770 erat,
372 2701 409 2753 ut
438 2689 568 2753 facilius
592 2692 703 2754 omnia
727 2689 973 2770 ordinarentur,
1005 2697 1038 2751 et
1061 2709 1131 2750 sen·

27 2785 113 2848 tentia
135 2807 155 2850 a
179 2807 311 2850 summo
332 2787 493 2852 Pontifice
512 2787 584 2873 jam
606 2786 673 2852 lata
697 2789 884 2852 executioni
908 2786 1133 2851 mandaretur.

28 2875 245 2948 Conveniebat
267 2894 354 2949 certe
378 2886 543 2971 episcopis
566 2907 623 2971 pro
643 2907 756 2950 eorum
774 2886 934 2970 dignitate
957 2892 990 2947 et
1011 2881 1132 2960 officio,

28 2987 55 3040 ut
74 2981 170 3046 etiam
196 2984 423 3068 perspicerent
445 3005 494 3066 es,
519 3005 602 3069 quae
628 2986 662 3048 in
678 3005 779 3048 causa
791 2983 901 3048 Photii
918 2983 1041 3046 Romae
1058 2989 1135 3044 scta

85 3274 104 3345 ¹)
121 3275 167 3332 Du
186 3275 296 3330 Ocnum
314 3276 424 3344 general
444 3281 473 3330 et
491 3276 524 3330 de
542 3276 570 3330 la
587 3276 651 3344 paix
669 3275 821 3345 religieuse,
841 3283 913 3332 tome
931 3276 954 3330 1.
973 3291 998 3343 p.
1018 3267 1077 3330 323.

84 3365 183 3434 ¹)Hsc
216 3365 245 3420 in
269 3381 297 3422 re
327 3365 440 3422 nimium
471 3366 536 3433 quid
566 3365 709 3420 concedere
739 3365 848 3422 videtur
872 3364 1042 3428 Munnarelii,
1070 3363 1133 3418 dans
1198 3411 1201 3418 .

26 3443 117 3498 scribit:
138 3445 251 3516 „Igitur
268 3445 406 3500 sciendum
424 3451 473 3512 est,
493 3445 562 3512 quod
575 3446 689 3500 Actione
707 3451 805 3512 quarta
822 3459 944 3514 proceres
957 3443 1135 3511 pertinaciter

26 3521 222 3592 flagitaverant,
255 3525 404 3580 instaurari
432 3523 565 3592 judicium
593 3531 687 3579 contra
714 3525 841 3580 Photium
868 3531 897 3579 et
924 3524 982 3592 ejus
1009 3523 1133 3589 asseclas,

26 3605 132 3666 «prumtis
151 3621 169 3659 a
189 3605 300 3660 Nicolao
323 3605 479 3670 damnatos,
505 3609 688 3674 protestantes
707 3605 787 3660 aliter
811 3621 840 3660 se
864 3622 917 3660 non
935 3604 1134 3672 subscripturos

25 3685 98 3746 restis
116 3684 300 3752 synodalibus.
337 3685 375 3739 Et
392 3692 487 3740 sancta
505 3686 622 3754 synodus
647 3701 695 3753 per
712 3686 915 3754 Metrophanem
934 3684 1133 3753 metropolitam

26 3763 141 3832 Smyrnae
166 3765 239 3820 banc
261 3765 421 3822 mundam
438 3765 661 3834 approbaverat.“
698 3767 752 3833 (De
775 3771 878 3822 auctor.
896 3766 955 3820 RR.
973 3765 1025 3819 PP.
1046 3770 1067 3821 t.
1085 3763 1134 3824 [a

26 3861 42 3896 a
58 3845 115 3900 uu.
135 3848 159 3918 5.
182 3847 220 3914 7).
256 3845 296 3900 Eo
315 3861 366 3914 quo
384 3846 502 3900 diximus
520 3846 596 3902 modo
615 3861 672 3900 rem
690 3845 875 3916 explicandam
893 3861 1038 3912 censemus,
1056 3861 1132 3912 prae-

26 3927 106 3980 renim
130 3943 214 3994 quum
233 3931 365 3980 annueret
387 3925 483 3994 petitis
501 3925 602 3980 Baanis
620 3927 678 3994 ipsa
696 3926 898 3994 Metrophanes,
927 3918 1018 3980 Pbotii
1037 3924 1132 3979 adver·

25 4005 101 4058 sarius
119 4007 273 4072 acerrimus,
292 4007 338 4073 qui
350 4005 465 4060 Romani
477 4005 616 4061 Pontificis
635 4007 800 4061 sententiam
818 4013 913 4060 contra
931 4005 1009 4060 illum
1027 4020 1133 4072 semper

26 4085 148 4140 ruebatur.
178 4085 321 4142 Caeterum
340 4101 394 4140 non
412 4093 455 4141 est
473 4101 521 4140 cur
533 4101 669 4155 negemus,
688 4085 824 4154 praesules
836 4095 865 4140 at
877 4099 998 4152 proceres
1012 4083 1134 4140 Orientis

26 4166 113 4226 {maim
136 4181 197 4220 curn
220 4165 335 4233 quadam
359 4166 500 4220 simultate
524 4165 655 4220 influxnm
679 4165 936 4235 praeponderantem
959 4165 1135 4220 auctoritatis

26 4241 90 4298 sedis
107 4247 278 4314 spostolicae
296 4247 324 4300 in
343 4247 456 4316 negotia
475 4246 601 4302 ecelesiae
621 4245 748 4302 OPtsnae
766 4245 954 4301 considerasse
