3054 4834
340 495 393 546 3‘2‘2
591 491 664 545 XXI.
685 491 724 542 lte
742 491 767 545 8.
790 491 922 558 Gregorio
942 491 992 543 l'll
1012 491 1088 545 Rotn.
1109 491 1249 545 l’ontitice.

340 637 493 720 Longum
517 645 603 698 esset
626 655 726 716 agere
749 632 790 696 de
807 631 946 718 singulis
961 637 1073 718 regnis
1087 657 1270 721 eorumque
1285 635 1327 700 ad
1340 631 1452 700 Sedsm

339 731 565 820 Apostolicam
588 743 735 816 tempore
750 730 903 816 Gregorii
928 731 1055 815 habitu,
1079 732 1261 817 etsingula
1284 732 1454 818 explanare

338 833 436 912 facta,
460 831 569 910 effata,
594 828 748 914 epistolas
772 828 872 912 hujus
887 829 1069 908 Pontificis‚
1094 852 1179 916 quae
1194 831 1238 895 ad
1262 833 1455 916 propositam

339 931 564 1017 quaestionem
596 928 771 1012 pertinent.
818 927 884 992 Sed
908 927 1072 1012 quaedam
1098 927 1235 1014 juvabit
1268 951 1456 994 commemo-

339 1049 411 1091 rare
443 1026 608 1112 principia
640 1025 818 1109 generalia,
857 1047 942 1111 quae
965 1047 1044 1110 prae
1069 1025 1174 1090 oculis
1198 1026 1355 1091 habenda
1377 1041 1457 1091 sunt

339 1125 539 1210 Regnorum,
562 1145 648 1209 quae
673 1123 782 1186 medio
806 1144 889 1187 aevo
914 1123 1112 1202 existebant,
1136 1124 1252 1190 relatio
1277 1125 1322 1190 ad
1345 1125 1457 1189 Sedem

339 1220 566 1308 Apostolicam
601 1242 782 1306 eorumque
816 1220 859 1284 ab
896 1221 959 1284 hac
991 1221 1077 1287 Sede
1113 1221 1340 1309 dependentia
1376 1225 1459 1288 varia

339 1332 425 1402 erat3
459 1341 525 1384 non
557 1341 636 1383 vero
667 1341 734 1382 una
767 1319 951 1405 eademque
975 1320 1193 1406 singulorum.
1240 1319 1366 1386 Omnia
1390 1343 1460 1384 sans

338 1439 442 1503 regna
472 1415 561 1482 orbis
591 1416 764 1481 christiani
798 1417 1021 1503 dependentia
1052 1418 1222 1503 religionis
1248 1419 1404 1484 Pontifici
1432 1429 1462 1480 nt

339 1537 493 1602 supremo
525 1512 696 1580 Ecclesiae
731 1512 840 1600 Oapiti
883 1515 1049 1580 submissa
1087 1527 1190 1584 erant.
1217 1517 1307 1582 -Sed
1340 1530 1464 1604 praeter

339 1615 426 1678 hanc
447 1612 704 1697 dependentium
720 1635 805 1698 quae
829 1635 903 1678 cum
929 1625 1048 1677 natura
1072 1613 1240 1699 religionis
1265 1615 1464 1678 christianae

338 1711 503 1794 cohaeret,
529 1731 594 1774 non
619 1733 725 1796 pauca
748 1732 852 1795 regna
876 1711 1013 1797 speciali
1037 1713 1163 1776 ratione
1187 1713 1373 1800 quamdam
1398 1712 1464 1776 snb·

339 1810 530 1874 missionem
570 1830 649 1894 erga
678 1807 798 1874 Sedem
831 1808 1058 1894 Apostolicam
1095 1809 1350 1896 profitebantur,
1387 1833 1465 1896 qnae

340 1908 442 1972 variis
473 1906 559 1992 juris
590 1906 695 1971 titulis
725 1907 902 1989 nitebatur,
945 1930 985 1971 ac
1018 1905 1214 1994 plerumque
1249 1931 1293 1971 ex
1324 1910 1464 1995 ipsorum

340 2006 528 2091 principum
554 2003 718 2068 desiderio
744 2006 923 2069 constituta
947 2015 1028 2070 erat.

431 2105 504 2167 121.
553 2101 730 2166 Pontifices
762 2102 864 2166 medii
897 2105 973 2167 aevi
1004 2125 1071 2168 non
1096 2113 1229 2188 possent
1257 2103 1466 2189 reprehendi.

280 2235 315 2264 am
341 2205 368 2266 ai
384 2203 446 2288 ipsi
472 2223 572 2286 opera
594 2202 789 2264 continuato
813 2203 847 2265 in
871 2200 1040 2286 adjunctis
1063 2199 1152 2266 illius
1174 2203 1337 2287 temporis
1362 2201 1466 2264 studu-

341 2302 444 2365 issent
465 2298 606 2363 fundare
629 2297 764 2384 aliquod
789 2321 966 2384 regnorum
1003 2309 1148 2383 systema
1171 2297 1228 2362 toli
1254 2301 1466 2363 constitutum

340 2399 537 2484 organismo,
562 2405 600 2459 ut
623 2398 656 2462 in
682 2418 720 2460 eo
744 2397 942 2483 populorum
965 2397 1102 2461 libertas
1125 2395 1285 2480 legitima,
1311 2399 1465 2482 principi·
1506 2414 1507 2460 Q

340 2519 434 2562 orum
458 2495 627 2579 religionis
651 2493 851 2560 christianae
876 2495 1072 2578 dominium,
1097 2497 1257 2580 protectio
1275 2497 1465 2581 principum

341 2597 505 2660 minorum
538 2603 652 2656 contra
681 2603 830 2677 potentes
863 2593 1044 2658 efficaciter
1075 2594 1290 2659 obtineretur.
1338 2594 1379 2660 Si
1416 2593 1467 2656 tali

339 2693 466 2757 ratione
491 2711 605 2754 omnes
629 2691 796 2775 principes
820 2701 853 2756 et
877 2691 991 2777 populi
1014 2691 1202 2756 voluntarie
1225 2712 1261 2754 se
1284 2689 1370 2756 Sedi
1387 2693 1467 2777 Ape—

340 2789 474 2855 stolicae
499 2785 737 2870 submisissent,
764 2789 938 2853 commoda
962 2790 1030 2852 fere
1050 2791 1164 2854 oinnia
1188 2790 1269 2874 ipsis
1294 2789 1380 2854 inde
1405 2812 1468 2876 pro-

339 2890 519 2960 venissent,
549 2884 704 2970 legesque
728 2885 963 2952 christianismi
1000 2909 1040 2950 ac
1063 2885 1269 2971 singularum
1293 2891 1468 2952 nationum

339 2987 500 3050 securitas
538 2991 637 3068 atque
684 2987 892 3048 conservatio
941 2985 1080 3050 multum
1127 2985 1277 3049 firmatae
1315 2985 1469 3051 fuissent.

339 3086 498 3150 Attamen
523 3101 589 3144 non
604 3079 770 3146 habentur
792 3097 989 3168 argumenta
1013 3086 1093 3148 satis
1108 3081 1223 3152 solida.
1248 3081 1379 3169 quibus
1404 3105 1468 3170 pm-

339 3182 447 3261 betur,
483 3177 572 3265 quod
599 3176 703 3264 aliqui
737 3183 938 3264 existimant,
970 3179 1228 3246 determinatum
1257 3179 1400 3266 aliquod
1425 3204 1468 3264 sy·

339 3291 445 3344 stema
469 3297 646 3361 regnorum
671 3276 850 3343 Pontifices
874 3279 1041 3344 Romanos
1073 3279 1216 3345 voluisse
1249 3281 1469 3343 constituere:

340 3401 381 3442 ac
405 3375 507 3440 multo
533 3373 652 3452 minus,
683 3397 738 3439 eos
763 3379 809 3440 uti
835 3377 976 3442 vasallos
999 3379 1131 3463 proprio
1156 3399 1252 3442 sensu
1276 3375 1468 3450 verborum,

343 3475 510 3562 principes
543 3492 657 3534 omnes
693 3473 874 3540 intendisse
908 3476 1102 3542 submittere
1135 3473 1212 3540 Sedi
1244 3473 1467 3558 Apostolicav.

341 3572 482 3638 Gratum
506 3566 641 3654 quidem
667 3570 747 3654 ipsis
770 3582 849 3654 erat,
880 3575 906 3636 si
931 3574 1099 3659 principes
1123 3595 1166 3636 ex
1191 3572 1411 3636 veneratione
1434 3573 1467 3636 B.

340 3669 430 3734 Petri
455 3669 555 3732 etiam
578 3667 712 3750 speciali
738 3669 881 3754 quadam
897 3672 1025 3736 ratione
1049 3693 1119 3735 sese
1134 3668 1376 3736 devinciebant
1392 3671 1465 3736 sedi

343 3764 564 3853 Apostolicae,
597 3761 697 3849 idque
723 3767 839 3832 merito
864 3770 988 3852 passim
1012 3767 1253 3855 promovebant
1275 3767 1465 3834 Pontifices.

341 3865 409 3930 Sed
439 3865 537 3950 pauci
569 3871 698 3927 tantum
719 3863 857 3928 fuerunt
879 3868 1047 3952 principes
1071 3868 1127 3953 qui
1152 3889 1249 3932 sensu
1271 3868 1390 3930 stricto
1415 3889 1465 3930 va-

341 3962 415 4027 salli
439 3962 517 4026 facti
550 3973 642 4045 aunt3
675 3962 732 4026 alii
757 3984 835 4026 vcro
860 3965 968 4050 prouti
1002 3965 1161 4049 adjuncta
1194 3985 1301 4028 rerum
1331 3979 1366 4028 et
1390 3982 1464 4028 tem-

342 4081 459 4147 porum
484 4060 519 4124 id
542 4059 702 4142 ferebant,
735 4082 769 4123 se
794 4058 856 4123 sub
888 4065 1123 4146 protectionem
1159 4085 1185 4127 a.
1210 4061 1297 4126 Petri
1329 4062 1463 4128 dabant.

342 4158 414 4244 ejus
431 4156 510 4222 sedi
534 4156 734 4242 peculiarem
759 4157 970 4224 devotionem
996 4173 1028 4224 et
1045 4161 1281 4246 protectionem
1298 4163 1461 4247 promitte

345 4256 434 4322 bant.
459 4277 594 4319 censum
619 4278 767 4320 annuum
792 4256 1047 4324 determinatum
1073 4257 1125 4323 vel
1141 4259 1314 4324 denarium
1338 4282 1360 4324 s.
1376 4257 1459 4322 Petri
