2898 4836
391 535 506 588 Joannis
524 535 576 590 XII
594 533 780 590 Pontificatus.
1110 537 1145 590 69

118 677 166 742 tii.
214 677 340 758 Quodsi
378 702 416 741 ca
449 701 533 764 quae
567 678 811 764 disputavimus
847 679 888 742 de
924 680 1143 745 Pontificibus

47 775 109 838 inde
136 799 154 839 a
178 776 336 839 Formoso
361 796 464 861 usque
496 775 539 840 ad
568 777 756 862 agapetum
785 776 975 842 sedentibus
1007 799 1144 864 perpen-

45 873 160 948 dantur,
196 875 351 959 consequi
386 895 572 954 censemus,
605 877 801 939 sententiam
833 875 968 940 Barouii
992 875 1143 940 aliorum-

44 993 110 1054 que,
140 993 206 1056 qua
251 971 368 1035 Sedem
403 970 627 1056 Apostolicam
662 973 777 1057 primis
814 971 993 1038 decenniis¹
1020 975 1141 1038 saeculi

44 1068 145 1132 decimi
169 1068 362 1133 foedissima
385 1070 418 1132 in
443 1068 648 1139 conditione,
682 1072 747 1133 imo
780 1073 942 1134 sentinam
976 1073 1143 1154 vitiorum,
1168 1075 1243 1177 ⁸2²⁰ss
1259 1075 1299 1117 ⁸⁶*

42 1167 125 1230 luisse
157 1167 285 1251 opinati
321 1177 412 1247 sunt,
450 1169 588 1230 veritate
621 1189 685 1230 non
725 1169 796 1232 niti.
852 1169 976 1233 Verum
1008 1167 1144 1255 quidem
1191 1145 1276 1178 sarae.

42 1278 87 1341 cst,
110 1264 317 1350 splendorem
348 1263 439 1328 illum
469 1265 669 1330 diminutum
699 1266 815 1348 luisse,
849 1287 913 1352 quo
946 1265 1044 1351 paulo
1068 1276 1144 1330 ante

41 1362 193 1426 effulserat
208 1361 304 1426 sedes
325 1362 485 1442 Romana,
510 1385 549 1426 ac
566 1363 748 1428 factionum
762 1361 943 1426 luctamina
959 1384 1144 1448 procerum·

41 1483 92 1544 quc
127 1455 354 1525 Romanorum
395 1459 560 1524 influxum
597 1471 628 1523 et
668 1463 847 1546 potentiam
889 1463 1008 1525 nociva
1044 1461 1145 1526 fuisse

40 1557 148 1623 liberae
173 1559 326 1623 electioni
351 1559 551 1622 Pontificum
584 1581 762 1644 eorumque
785 1561 972 1623 auctoritati
997 1581 1036 1622 ae
1059 1561 1145 1644 prin-

40 1659 146 1740 cipatui
162 1657 269 1721 civili.
302 1655 368 1720 Sed
392 1658 519 1720 etiamsi
538 1658 611 1733 viri,
637 1658 693 1741 qui
711 1655 775 1720 illis
790 1656 960 1720 decenniis
976 1656 1145 1721 Ecclesiae

41 1756 249 1838 praefuerunt,
277 1775 344 1818 non
369 1775 483 1817 omnes
514 1777 617 1840 aeque
645 1755 817 1818 sanctitate
845 1764 943 1840 atque
967 1753 1145 1818 virtutibus

39 1855 247 1934 emicuerunt,
280 1855 345 1916 imo
374 1854 409 1915 in
434 1854 503 1915 vita
528 1852 751 1936 quorundam,
786 1855 833 1916 uti
858 1852 1017 1938 Stephani
1041 1853 1090 1916 VI
1114 1864 1146 1916 et
1221 1859 1225 1864 '

38 1953 128 2034 Sergii
167 1951 229 2031 ΙΙΙ,
262 1950 349 2014 saeta
388 1948 606 2036 improbanda
645 1959 837 2030 occurrunt,
873 1961 1018 2015 attamen
1049 1950 1145 2034 longe

38 2047 129 2130 abest,
164 2059 201 2113 ut
233 2049 299 2112 fere
330 2069 442 2112 onrnes
474 2059 632 2128 monstra,
667 2048 719 2112 vel
752 2047 902 2112 homines
926 2048 1053 2134 indigni
1079 2049 1144 2112 diei

37 2151 162 2232 possint.
207 2147 258 2211 Ea
282 2167 370 2226 vero,
397 2169 480 2232 quae
506 2148 584 2231 ipsis
610 2145 740 2231 objecta
763 2146 896 2210 luerunt
919 2150 1001 2211 vitia
1024 2149 1144 2232 turpia,

38 2248 168 2310 conficta
199 2245 301 2310 fuisse
330 2253 361 2308 et
385 2244 560 2308 calumniis
584 2244 805 2324 attribuenda,
840 2247 954 2308 criticic-
986 2252 1067 2310 sana
1090 2246 1145 2310 ad·

37 2342 132 2406 bibita
164 2365 308 2429 aequum
342 2353 392 2406 est
415 2364 473 2427 pro
506 2352 593 2405 certo
623 2341 754 2406 habere.
778 2381 821 2389 —-
845 2343 1043 2426 Lugendum
1067 2365 1145 2408 sane

36 2453 85 2526 rat,
108 2463 237 2506 morum
261 2440 497 2504 relaxationem
522 2442 555 2503 in
581 2439 676 2520 clero,
701 2441 735 2503 in
759 2443 964 2505 monasteriis
988 2451 1087 2528 atque
1111 2445 1145 2506 in

36 2539 240 2604 multitudine
264 2537 411 2603 fidelium
447 2541 478 2600 in
506 2538 600 2602 ltalia
631 2538 768 2623 aliisque
800 2539 989 2623 regionibus
1014 2542 1143 2604 interim

34 2649 156 2702 eruebam
180 2638 293 2701 fuisse.
332 2635 396 2700 Sed
413 2638 578 2700 continuis
593 2637 774 2700 factionum
789 2635 912 2718 litibus,
937 2641 1144 2723 perversitati

35 2739 230 2821 principum,
264 2757 376 2799 eorum
406 2733 501 2798 bellis
531 2743 563 2797 et
587 2735 728 2798 inlluxui
763 2736 795 2798 in
819 2757 871 2798 res
895 2734 1144 2817 ecclesiasticas,

34 2855 90 2916 quo
120 2833 358 2910 abutebantur,
392 2833 426 2896 id
458 2832 672 2896 tribuendum
702 2845 759 2898 est.
798 2831 1020 2898 Obnitebatur
1043 2833 1145 2899 Sedes

33 2932 232 3016 alpostoliea3
257 2940 401 2995 attamen
420 2952 522 3016 quum
547 2930 707 3015 implicati
732 2951 830 3015 saepe
847 2942 954 2995 essent
967 2933 1145 2996 Pontifices

34 3029 207 3094 fractionum
231 3029 355 3112 luctae,
389 3050 568 3114 eorumque
592 3030 687 3112 vigor
710 3038 794 3092 esset
817 3030 1020 3114 imminutus,
1045 3033 1144 3094 etiam

33 3125 87 3190 bac
113 3131 143 3192 in
170 3139 264 3214 parte
288 3126 413 3212 aliquid
438 3126 543 3190 defuit
565 3127 698 3208 virium,
723 3128 911 3213 passimque
936 3137 1073 3192 conatus
1097 3130 1143 3192 illi

31 3225 170 3290 t'rrrstrati
187 3236 273 3290 sunt.
299 3263 342 3272 -
363 3225 439 3290 Jam
462 3224 651 3288 accedimus
670 3225 713 3288 ad
732 3224 868 3288 alteram
884 3225 1005 3289 saeculi
1024 3225 1145 3291 deeimi

32 3323 167 3388 mediam
192 3333 334 3409 partem,
363 3332 400 3386 ut
422 3332 513 3407 gesta
542 3333 573 3386 et
596 3322 664 3385 lata
688 3321 885 3385 Pontificum
911 3323 999 3387 illius
1023 3334 1144 3411 tempo·

31 3421 71 3481 ris
96 3424 330 3486 examinemus.

114 3557 164 3620 68.
214 3556 326 3636 Quum
359 3554 469 3619 adhue
503 3553 621 3618 Sedem
652 3555 744 3618 Beati
777 3555 865 3618 Petri
900 3565 1025 3618 teneret
1058 3555 1144 3640 Aga·
1169 3573 1297 3615 rinnau

31 3670 119 3734 pctus
142 3654 184 3734 ll,
209 3676 296 3718 anno
322 3652 388 3717 a54
411 3653 493 3716 obiit
510 3652 684 3716 Albericus
707 3652 741 3717 ΙΙ
765 3653 925 3738 Princeps
949 3663 981 3716 et
1005 3651 1145 3716 Senator
1200 3645 1262 3675 ''¹⁰⁶''

31 3749 288 3836 aomanorum)
335 3749 481 3814 Alberici
520 3753 554 3813 in
591 3750 680 3814 Urbe
715 3750 930 3816 dominationi
968 3749 1057 3814 haud
1091 3749 1143 3813 ‹le-

31 3911 41 3916 -
46 3913 234 3922 -——·—.-...

103 3998 120 4062 1Ι
138 3999 178 4052 Ex
196 4000 357 4053 documento
385 3997 475 4063 aliquo
501 3997 564 4050 anni
591 3998 643 4050 955
663 3997 809 4065 colligitur,
829 3997 951 4051 Alberieo
975 3995 1010 4061 Il,
1036 4002 1145 4063 praeter

32 4076 157 4132 loannem
175 4079 222 4144 XI,
241 4078 325 4132 alium
344 4076 427 4130 fuisse
447 4077 559 4131 fratrem
573 4077 789 4135 Constantinum,
808 4077 853 4143 qui
873 4077 972 4131 dicitur
986 4077 1082 4128 rrobrlr‘s
1096 4078 1143 4132 vir.

32 4155 169 4214 Praeterea
186 4159 362 4213 nominantur
380 4157 449 4211 duae
468 4173 578 4220 sorores,
598 4162 713 4222 utraque
732 4157 838 4210 nominc
859 4157 967 4211 Bertha
1000 4155 1065 4224 (Clr.
1087 4156 1143 4209 lla·

32 4235 97 4298 rino,
114 4237 207 4306 Papini
218 4237 325 4305 diplom.
344 4253 370 4304 p.
390 4239 432 4292 30.
452 4237 516 4304 dipl.
531 4237 642 4299 xxva,
662 4239 707 4290 cit.
727 4253 768 4305 ap.
790 4238 842 4291 Leo
862 4238 956 4291 (resch.
977 4237 1039 4290 ital.
1065 4237 1095 4289 Β.
1122 4239 1143 4288 Ι.

31 4313 56 4366 S.
79 4317 142 4372 320¹.
172 4318 367 4374 Constantinus
380 4317 495 4370 habetur
507 4317 578 4372 filius
592 4317 707 4371 Albcrici
722 4317 735 4369 Ι
748 4323 775 4371 et
791 4318 934 4372 Matutine:
955 4333 1035 4369 rrnam
1047 4317 1144 4370 saltem
