2904 4834
163 1197 249 1242 amne

251 1201 284 1243 lu

220 1259 293 1304 Boma-

201 1331 248 1364 m.

312 468 365 521 394
627 465 715 519 XVII.
752 465 794 518 De
810 462 956 516 schismate
976 464 1117 520 Phariam.

314 607 381 672 cilii
413 607 547 671 nomine
579 605 665 670 duae
695 603 852 691 epistolae
876 605 1067 690 encyclicae
1097 607 1140 670 ad
1164 609 1329 694 episcopos
1356 609 1414 673 uui·

314 725 491 789 versosque
530 701 644 767 fideles
684 703 780 768 datae
819 715 906 767 sunt.
952 703 1098 768 Additus
1138 725 1268 791 quoque
1304 705 1414 770 litterae

313 801 428 866 Basilii
445 801 657 886 Imperatoris
681 811 713 865 et
726 801 849 883 ignatii
875 801 1081 886 patriarchae
1106 802 1148 865 ad
1164 803 1364 868 Hadrianum
1380 803 1415 880 ΙΙ,

313 898 434 984 quibus
468 899 729 983 dispensationes
752 899 794 964 ab
820 921 856 962 eo
881 898 1095 984 petebantur,
1129 901 1267 986 ejusque
1290 913 1414 986 potestas

315 1015 478 1061 canonum
504 998 712 1060 severitatem
737 995 931 1060 moderandi
956 997 1207 1080 agnoscebatur.
1256 999 1359 1084 Atque
1380 1001 1415 1061 itu
1440 993 1441 1070 l

315 1117 389 1158 curn
421 1093 716 1158 acclamationibus
739 1096 878 1158 assuetis
904 1093 1088 1158 Concilium
1113 1094 1299 1160 absolutum
1327 1097 1441 1200 fuitsjip

404 1193 457 1256 86.
492 1192 537 1257 Ut
560 1190 686 1257 indoles
716 1191 815 1277 hujus
839 1191 964 1275 Synodi
998 1203 1032 1255 et
1053 1213 1162 1256 rerum
1188 1203 1291 1258 status
1318 1193 1441 1258 intelli-l

313 1301 420 1374 gatar,
440 1289 577 1374 juvabit
599 1289 680 1354 haec
705 1289 838 1354 addere.
881 1290 997 1374 Legati
1013 1289 1184 1354 Pontificis
1206 1294 1417 1356 auctoritatem

314 1399 346 1452 et
371 1389 449 1474 jura
473 1387 569 1450 Sedis
592 1386 803 1472 Apostolicae
835 1409 954 1470 magno
980 1409 1054 1451 euru
1078 1389 1193 1472 vigore
1224 1391 1259 1453 in
1290 1388 1350 1452 bac
1371 1411 1419 1452 sus

315 1486 470 1550 missione
493 1486 568 1549 tuiti
594 1494 686 1566 sunt,
712 1486 864 1569 qrramvis
888 1484 921 1549 id
946 1486 1068 1570 passim
1093 1485 1217 1550 Basilio
1241 1487 1418 1572 Imperatori

314 1586 423 1648 minus
447 1581 601 1668 placeret.
641 1583 761 1646 Iterato
787 1582 1004 1662 inculcarunt,
1030 1585 1228 1647 senteutiam
1248 1584 1319 1668 jain
1333 1583 1418 1646 latam
1440 1599 1441 1654 l

313 1703 382 1745 esse
413 1681 608 1761 elimelec,
643 1701 782 1765 eamque
805 1691 910 1744 ratam
940 1701 1073 1744 insuere
1104 1691 1137 1744 et
1159 1703 1180 1744 a
1203 1679 1337 1765 Synodo
1366 1703 1418 1744 non

314 1800 408 1864 posse
432 1781 563 1844 mutari.
610 1779 761 1865 Ipsorum
796 1799 926 1864 quoque
950 1777 1162 1863 postulationi
1185 1777 1418 1844 attribuendum

313 1887 377 1958 est,
402 1876 491 1962 quod
516 1899 659 1941 canones
682 1877 735 1939 isti
760 1877 882 1960 viginti
906 1887 1046 1961 septem,
1072 1875 1289 1959 probabiliter
1312 1877 1419 1940 Mursa

308 1975 379 2060 jam
404 1977 601 2060 praeparati,
626 1973 751 2038 conditi
774 1973 907 2038 fuerint.
949 1973 1139 2038 Auctoritas
1153 1974 1324 2039 Romanae
1340 1973 1420 2040 Sedis

313 2074 505 2158 praesertim
537 2093 663 2136 canone
688 2072 747 2134 21⁰
778 2070 945 2157 praeclare
974 2070 1165 2135 vindicatur
1194 2083 1227 2135 et
1250 2073 1420 2136 reverentis

314 2171 348 2234 in
372 2191 445 2234 eam
470 2168 669 2250 inculcatum
701 2171 891 2254 agnoscitur
915 2181 1023 2232 tamen
1048 2191 1089 2231 ex
1114 2168 1217 2234 altera
1241 2181 1334 2254 parte
1357 2180 1421 2232 tunc

313 2270 454 2354 primum
488 2269 514 2330 is
538 2266 801 2353 patriarcharum
826 2265 923 2344 ordo,
959 2277 995 2328 ut
1018 2265 1170 2330 CPtanus
1204 2267 1366 2331 habeatur
1385 2287 1420 2328 se

312 2366 441 2431 candus
499 2365 610 2446 Quum
641 2364 758 2451 reliqui
788 2364 1031 2450 patriarchatus
1062 2363 1123 2428 sub
1149 2365 1231 2450 jugo
1256 2365 1419 2432 Saraceuo·

311 2487 384 2528 rum
408 2474 577 2548 gementes
600 2462 779 2526 admodum
804 2463 958 2526 diminuti
977 2475 1094 2539 essent,
1120 2462 1278 2527 videntur
1294 2463 1420 2527 Romani

310 2562 409 2648 legati
434 2563 611 2640 censuisse,
637 2561 872 2624 convenienter
895 2559 939 2643 id,
965 2560 1053 2645 quod
1071 2560 1111 2623 de
1126 2561 1212 2624 facto
1232 2560 1420 2646 jamdudum

312 2658 492 2738 obtinebat,
516 2681 611 2744 posse
628 2659 762 2724 firmari.
810 2659 943 2722 Dicitur
956 2660 989 2722 in
1007 2656 1062 2722 illo
1080 2679 1222 2722 oenone:
1247 2659 1419 2742 Definimm.
1440 2704 1441 2776 ,

311 2759 462 2821 nerninem
488 2780 624 2844 prorsam
656 2757 767 2820 mancii
800 2758 994 2842 potentium,
1030 2779 1212 2842 peremptam
1244 2779 1352 2820 eoram
1380 2755 1441 2849 φη

305 2854 580 2942 patriarchalibus
612 2853 739 2918 aedibus
765 2866 923 2940 praesent
949 2855 1153 2933 inhonorare,
1186 2865 1244 2917 ant
1275 2875 1390 2920 mestre
1410 2851 1441 2938 ‘l

304 2955 441 3039 proprio
466 2954 574 3016 throno
600 2962 731 3030 tentare,
755 2953 811 3016 sed
835 2954 919 3016 omni
941 2952 1116 3015 reuerentia
1140 2962 1169 3014 et
1188 2953 1307 3016 honore
1323 2952 1422 3036 dignos

307 3051 472 3138 judicare,
509 3051 681 3136 praecipue
717 3051 840 3135 qnidam
876 3051 1107 3113 sanctissimam
1138 3071 1263 3135 papam
1302 3043 1441 3114 creationis*l

311 3150 441 3225 Itomae,
458 3149 606 3234 deinceps
622 3159 726 3212 aetem
745 3146 1060 3232 Constantinopoleos
1069 3147 1304 3232 patriarcham,
1322 3145 1421 3211 danda
1440 3139 1441 3194 ἶ

309 3267 381 3309 vero
405 3245 635 3324 Alemandra'oe,
660 3269 698 3310 ac
721 3245 917 3322 Antiochiae,
942 3256 1033 3330 atqae
1049 3244 1357 3332 Hierosolymorum
1376 3241 1441 3326 aad,

310 3365 368 3406 nec
402 3342 501 3407 aliam
534 3365 749 3429 quaecamque
784 3343 1029 3429 conscriptiones
1061 3353 1171 3406 comma
1203 3339 1441 3418 sanctissimae}

304 3463 430 3528 papum
459 3442 594 3504 senioris
622 3443 741 3506 Romae
774 3465 811 3505 ac
840 3440 934 3505 uerba
963 3439 1151 3524 complicare
1186 3450 1215 3502 et
1252 3445 1441 3525 componenti

309 3538 365 3602 aab
406 3539 565 3602 occasione
604 3540 697 3623 qnasi
736 3537 973 3624 diffamatornm
1012 3535 1217 3622 paormmdam
1251 3537 1420 3606 criminum

309 3635 392 3721 qnod
416 3645 445 3699 et
468 3658 569 3721 nemer
585 3636 716 3700 Photias
730 3637 822 3722 fecit,
847 3647 877 3699 et
899 3635 996 3698 molto
1020 3645 1093 3698 ante
1111 3633 1297 3698 Dioscorus.
1342 3629 1441 3714 Qua}

308 3735 379 3820 quis
402 3743 506 3798 antem
530 3743 621 3797 tanto
636 3735 800 3822 jactantia
824 3732 1016 3797 standaria
1038 3753 1113 3796 nats
1128 3731 1246 3816 facerit
1270 3743 1306 3796 at
1330 3752 1441 3807 sman-

309 3831 383 3894 ‹lam
406 3830 554 3894 Photiam
575 3831 625 3896 vel
647 3832 834 3896 Dioscoram
856 3833 892 3895 in
914 3831 1042 3916 seriptis
1070 3828 1119 3894 cel
1142 3829 1209 3894 sine
1233 3830 1363 3916 comptis
1383 3827 1441 3912 'lli

301 3929 411 4018 jerias
442 3928 596 4014 quasdam
630 3938 742 3993 contra
774 3929 876 3993 sedem
905 3930 994 3993 Petri
1020 3925 1245 4013 Apostolorum
1269 3925 1441 4012 pmmiplssl

383 4155 402 4221 ι)
421 4153 490 4209 Vide
508 4155 557 4210 hoc
570 4155 751 4223 compendium
765 4163 904 4224 gestorum
917 4156 1015 4223 Synodi
1030 4169 1129 4209 cecum.
1142 4153 1220 4208 VIII.
1239 4167 1284 4220 ap.
1297 4146 1416 4205 vasseni.

308 4235 380 4289 Hist.
401 4235 462 4289 eccl.
482 4243 545 4290 tom.
565 4235 586 4288 I.
608 4251 632 4302 p.
652 4235 712 4288 397.
