2898 4836
307 477 342 530 38
488 476 590 531 XVIII.
628 476 667 530 De
686 475 815 530 Romanis
834 475 1011 530 Pontificibus
1029 477 1131 532 sacculi
1150 477 1253 532 decimi.

308 621 396 701 fecit,
422 629 584 705 quatenus
609 639 743 684 securus
762 619 999 703 siugularitatis
1015 621 1122 686 vietor
1138 641 1272 686 snorum
1286 621 1405 685 hostiurn
1437 605 1438 660 l

309 721 342 782 in
367 717 571 804 apostolicali
596 717 754 781 cathedra
777 717 845 781 sols
870 717 1024 803 majestas
1047 718 1300 798 adorsi-etuias

135 849 290 900 massanus
398 835 451 898 37.
482 832 707 896 Considerstis
731 832 822 896 hisce
847 835 1044 916 scriptorum
1068 852 1265 898 coaevorum
1288 837 1406 898 assertis.

170 911 252 952 mm·
310 933 368 994 vix
382 931 526 995 dubitari
541 953 635 1017 posse
650 952 827 1012 censerem,
843 929 1116 1016 Christophorum
1128 932 1230 996 fnisse
1246 935 1405 996 invasorem

308 1029 405 1093 Sedis
420 1028 640 1114 Apostolioae.
673 1026 877 1092 Flodoardus
901 1039 1012 1092 tamen
1036 1027 1170 1093 videtur
1186 1053 1260 1094 eum
1276 1030 1408 1094 habuisse

308 1138 344 1192 61
367 1128 549 1212 legitimum
576 1125 781 1203 Pontificem,
811 1127 866 1211 qui
893 1129 1095 1207 successerit,
1120 1127 1331 1213 quandoLeo
1353 1143 1407 1213 post

307 1225 390 1289 duos
421 1225 488 1288 fore
522 1245 651 1288 menses
683 1245 723 1287 ex
748 1223 810 1287 hac
834 1223 907 1287 1666
933 1223 1099 1308 migravit.
1146 1225 1271 1289 Verum
1296 1226 1407 1312 quidem

307 1335 367 1398 cst,
399 1324 432 1386 in
456 1322 638 1386 factionum
663 1321 752 1385 lucta
775 1333 854 1386 tunc
878 1323 1002 1407 passim
1027 1321 1163 1387 difficile
1186 1323 1288 1387 fuisse
1311 1322 1408 1387 discer-

310 1445 395 1502 nere,
421 1423 494 1506 quis
513 1421 589 1506 jure
612 1419 759 1504 legitimo
784 1419 902 1484 Sedem
930 1419 1112 1485 Romanam
1136 1429 1272 1485 teneret.
1291 1459 1330 1468 -
1351 1420 1407 1484 ,llis

308 1540 385 1582 vcro
417 1539 502 1603 quae
533 1518 573 1582 (16
603 1517 724 1581 Leonis
755 1528 787 1581 et
812 1515 1041 1604 Christophori
1073 1530 1158 1583 sorte
1189 1541 1228 1582 ao
1260 1519 1300 1582 (16
1323 1519 1406 1602 Sergii

307 1617 447 1679 saevitia
476 1615 632 1679 Auxilius
660 1615 882 1700 Vulgariusve
916 1617 1047 1696 dicunt,
1088 1616 1185 1681 valdo
1217 1617 1318 1681 dubia
1346 1617 1407 1682 mihi

308 1714 472 1778 videntur.
521 1714 642 1778 Notum
673 1716 761 1778 enirn
793 1724 856 1788 est,
892 1715 1094 1800 temporibus
1125 1716 1267 1780 turbidis
1298 1717 1406 1780 animis-

306 1835 370 1898 que
403 1812 541 1875 infensis
572 1823 711 1875 eventus
736 1815 930 1895 exaggerari
955 1813 1158 1882 rumoribus.
1193 1822 1293 1899 atquc
1316 1813 1407 1878 adrer-

307 1911 401 1974 ssriis
425 1909 522 1972 facile
547 1909 674 1995 aliquid
699 1909 776 1973 mali
800 1909 885 1973 ultra
909 1910 943 1974 id
969 1911 1057 1996 quod
1082 1933 1198 1974 vorum
1213 1921 1264 1974 est
1280 1913 1407 1997 impingi.

309 2009 406 2071 Forte
435 2007 523 2088 Leo,
558 2010 605 2071 uti
634 2007 840 2072 Flodoardus
869 2007 988 2091 babet,
1016 2009 1087 2095 jam
1117 2009 1263 2077 obierat.
1298 2009 1409 2096 quando

307 2103 564 2190 Christophorus
589 2127 605 2169 e
631 2105 715 2170 Sede
739 2105 888 2170 Romana
913 2107 1026 2191 pulsus
1050 2119 1108 2184 est,
1134 2106 1188 2170 hic
1213 2127 1291 2171 vero
1315 2111 1346 2170 in
1367 2106 1405 2168 sli-

307 2225 371 2289 quo
406 2205 604 2268 monasterio
638 2204 791 2268 detentus
824 2204 877 2268 vel
911 2204 1093 2268 monachus
1125 2206 1232 2268 factus
1266 2205 1312 2269 ihi
1340 2205 1406 2268 dien

307 2300 427 2364 clausit
461 2299 694 2387 srrpreruum.²)
749 2301 814 2366 Sed
850 2323 950 2387 quum
988 2302 1122 2387 Sergius
1157 2303 1312 2367 Pontifex
1345 2303 1406 2366 dura

307 2401 481 2461 severitate
506 2399 730 2463 ordinationes
749 2399 896 2464 Forruosi
921 2400 1081 2484 rejiceret,
1106 2403 1141 2465 in
1156 2399 1253 2464 Italia
1278 2402 1408 2465 inferiore

307 2499 441 2582 pessimi
467 2519 615 2561 rumores
640 2497 680 2561 de
705 2498 813 2562 inviso
831 2497 993 2562 Pontifice
1016 2498 1113 2563 facile
1137 2499 1261 2584 recepti
1286 2509 1408 2562 sunt-

308 2594 465 2658 Auxilius
499 2595 539 2658 de
574 2605 710 2659 cruente
743 2605 846 2658 morte
875 2597 998 2660 Leonis
1030 2607 1062 2660 et
1090 2595 1317 2681 Christophori
1344 2593 1407 2658 nihil

307 2689 418 2755 habet.
465 2691 645 2776 Vulgarius
677 2703 786 2756 autem
821 2695 855 2757 in
888 2693 999 2758 libcllo
1033 2696 1093 2759 isto
1122 2715 1238 2780 parum
1265 2705 1406 2758 versuum

308 2813 341 2853 se
373 2789 483 2875 prodit
506 2793 539 2854 in
565 2791 740 2856 eventibus
763 2790 850 2855 illius
875 2795 1048 2878 temporis,
1083 2795 1233 2880 miroque
1260 2793 1409 2857 (66(1616·

308 2891 433 2954 miscet.
482 2889 580 2952 Initio
605 2891 693 2953 enim
716 2888 819 2954 libelli
844 2913 1017 2976 personam
1040 2893 1179 2955 assumit
1202 2892 1282 2970 viri,
1314 2889 1405 2975 quiin

308 2985 447 3049 conficto
472 2987 582 3073 aliquo
607 2987 750 3052 sclfucrit
773 2989 912 3053 concilio
942 2988 1030 3075 quod
1056 3011 1140 3052 caeo
1164 2991 1297 3075 septimo
1311 2987 1408 3051 (166116

308 3085 435 3170 imperii
468 3083 578 3149 Caroli
607 3087 715 3171 quarti
743 3085 864 3173 Belpici
880 3137 911 3150 ..
938 3085 1026 3173 apud
1054 3087 1211 3150 Lettctiam
1233 3087 1407 3172 Belpicamu
1435 3101 1436 3104 ’

302 3183 453 3268 primast,
478 3182 626 3269 adeoque
650 3205 737 3248 auno
762 3185 828 3248 910
851 3183 1004 3249 habitum
1028 3185 1078 3251 sit.
1118 3185 1218 3249 Brevi
1243 3195 1316 3271 post
1331 3201 1407 3270 prac-

309 3283 400 3342 tcrito
431 3303 515 3344 6666
544 3284 577 3345 iu
604 3282 785 3346 1166666611
808 3293 958 3346 conr-euru
982 3285 1208 3370 quaestionem
1233 3283 1274 3348 (16
1301 3280 1407 3347 ordina·

307 3377 453 3442 tionibus
478 3377 661 3443 discussam
685 3391 718 3443 et
742 3379 912 3444 delinitam
937 3403 1006 3444 csse
1026 3381 1277 3462 animadvertit3
1300 3401 1337 3444 ac
1354 3397 1405 3463 pm·
1437 3365 1438 3442 l

309 3475 385 3539 inde
417 3476 581 3561 synodum
607 3477 895 3543 Ravennatensern
926 3503 945 3542 a
968 3480 1099 3544 Joanne
1123 3477 1174 3543 IX
1199 3503 1229 3544 a.
1255 3479 1317 3544 898
1344 3473 1405 3539 celc-

308 3573 436 3637 bratam
470 3583 505 3637 ut
533 3577 709 3661 praeterito
741 3599 824 3641 6666
849 3577 997 3641 habitam
1021 3576 1166 3643 exhibet.
1213 3579 1353 3642 Demum
1372 3575 1407 3634 iua
1435 3595 1436 3598 ’

306 3672 409 3736 serius
433 3675 502 3758 agit
526 3673 567 3737 de
591 3673 767 3739 eventibus
791 3675 851 3738 sub
877 3676 991 3760 Sergio
1016 3675 1195 3754 Pontifice,
1231 3677 1285 3760 qui
1309 3669 1406 3738 61111

307 3809 344 3814 —.
385 3809 488 3816 .-..—-

383 3869 401 3936 ¹)
421 3867 540 3936 Eugenii
564 3867 705 3937 vulgarit,
731 3869 763 3922 de
788 3885 869 3923 causa
893 3869 1067 3924 Fouuosisna
1091 3869 1212 3934 libellus,
1240 3887 1261 3924 6
1287 3867 1352 3924 XIV.
1373 3877 1400 3927 11

308 3946 444 4001 Dttmmler
462 3948 478 4002 I.
500 3963 522 4004 6.
541 3964 567 4016 p.
589 3949 647 4002 134.

384 4031 402 4094 ¹)
422 4025 548 4094 Sepultus
567 4027 622 4082 fuit
640 4029 846 4098 christophorus
863 4029 893 4084 in
912 4029 1024 4084 basilice
1042 4047 1061 4084 s.
1082 4030 1170 4094 Petri,
1196 4031 1271 4100 cnjus
1289 4025 1405 4097 sepulum

306 4107 377 4161 hene
394 4108 473 4162 unico
492 4123 571 4163 versu
591 4108 800 4178 inscriptionem,
820 4109 938 4164 Manlius
956 4109 1002 4178 qui
1021 4110 1171 4179 exscripsit
1191 4111 1229 4164 sic
1246 4109 1349 4164 recitet:

381 4187 449 4256 „Hic
472 4187 518 4256 pia
537 4187 721 4257 christophori
745 4189 917 4256 requiescunt
934 4191 1053 4246 membra
1070 4189 1195 4258 sepultis
1232 4187 1263 4245 V.
1281 4185 1403 4244 11666166

306 4269 548 4326 61690861.
