2904 4834
313 503 366 557 386
628 503 715 557 XVII.
753 503 793 557 De
810 501 954 557 schismate
973 501 1116 599 Phptisno.

307 649 416 734 prisco
442 657 576 732 tempore
594 648 629 710 iu
644 649 763 710 exortia
778 646 958 710 haeresibus
975 657 1004 708 et
1014 647 1341 732 prueuuru'eutiouilrus
1356 673 1407 711 eru·

313 746 469 809 dicatores
493 756 523 808 et
545 745 783 831 interemptores
806 743 963 808 mulorum
992 746 1206 823 ziaauiurum,
1240 757 1269 810 et
1295 745 1407 832 hiajar-

314 853 415 908 torum
437 853 467 907 et
482 844 615 929 penitus
628 840 854 907 insonabiliter
868 845 1099 928 aegrotantium
1112 843 1322 923 membrorum,
1339 843 1410 906 madri

312 940 470 1004 multoties
486 939 574 1024 fecti
595 951 669 1004 suut
693 962 814 1018 eorum,
843 942 897 1025 qui
920 939 1127 1004 Suuctitutem
1150 951 1179 1004 et
1203 965 1344 1006 murmura
1366 943 1409 1004 Po·

314 1039 491 1102 teruitotem
515 1049 602 1102 tuam
624 1035 693 1101 illic
709 1048 967 1124 praecesserunt,
996 1059 1185 1102 soccessores
1208 1039 1325 1103 scilieet
1339 1041 1410 1126 priu-

313 1136 394 1222 cipia
425 1133 658 1222 Apostolorum,
691 1146 721 1198 et
753 1133 842 1198 illius
874 1134 973 1198 zelum
1003 1136 1039 1199 iu
1060 1135 1129 1219 fide
1160 1159 1239 1222 quoe
1268 1137 1410 1201 aecurrduu
1437 1135 1438 1138 ’

316 1231 471 1298 Claristum
494 1243 540 1296 eat
561 1234 730 1310 imituutea,
755 1243 785 1296 et
807 1255 890 1296 uuuc
911 1233 1030 1296 uostris
1053 1233 1244 1320 temporibus
1266 1234 1412 1298 Beuum

314 1342 369 1396 tun
391 1331 483 1416 dique
508 1332 657 1394 tractauit
679 1331 789 1394 dutum
811 1329 873 1394 silai
896 1353 917 1394 u
939 1328 1063 1395 Christo
1081 1331 1312 1418 potestatem.¹)
1340 1331 1412 1396 Nihil
1437 1387 1438 1400 ,

314 1427 580 1513 magnificentius
603 1429 713 1492 afferri
738 1437 844 1513 potest
867 1427 910 1492 ad
934 1427 1158 1513 probandum,
1190 1417 1333 1494 Graecos
1354 1441 1412 1492 ante
1437 1487 1438 1490 ,

314 1525 458 1590 schisma
489 1526 630 1590 Romani
662 1525 834 1590 Pontificis
876 1528 1054 1611 prImatum
1084 1527 1160 1611 jure
1197 1527 1311 1592 divino
1344 1529 1438 1614 insti-¹

313 1633 421 1688 tutum
449 1626 638 1707 agnovisse,
673 1626 864 1709 praesertim
894 1646 969 1688 cum
1003 1635 1116 1710 postea
1144 1624 1269 1708 Synodi
1299 1623 1438 1690 octavae

314 1722 429 1785 Patres
452 1743 525 1784 eam
542 1720 664 1806 Ignatii
689 1721 861 1807 epistolam
885 1723 1044 1787 canonice
1067 1724 1224 1807 scriptam
1248 1733 1281 1786 et
1303 1723 1413 1809 plenam
1437 1727 1438 1776 i

310 1820 461 1904 justitiae
484 1819 646 1900 dixerint,
677 1829 709 1884 et
732 1817 866 1882 Actioni
890 1821 1005 1883 tertiae
1029 1819 1155 1903 Syncdi
1179 1821 1414 1885 interseruerint.

163 1971 290 2022 haesurum
406 1961 458 2025 78.
482 1961 600 2044 Legati
624 1959 763 2023 Romam
792 1961 1023 2045 pervenientes
1046 1959 1221 2026 Nicolaum
1243 1961 1363 2048 Papam
1384 1959 1416 2024 ad

165 2031 278 2076 unctu.
315 2057 427 2121 Deum
451 2059 609 2142 migrasse
634 2059 850 2134 invenerunt,
876 2059 929 2122 cui
954 2057 1008 2121 die
1034 2059 1075 2121 14
1098 2058 1294 2125 Decembris
1317 2085 1344 2124 a.
1367 2059 1438 2122 86ῖί

316 2164 519 2220 successerat
542 2155 733 2219 Hadrianus
756 2154 799 2219 ΙΙλ
847 2155 913 2218 Eos
937 2157 1068 2219 nonnisi
1099 2167 1172 2240 post
1202 2155 1348 2222 medium
1375 2177 1417 2219 an·

315 2275 395 2317 num
421 2253 484 2318 868
509 2253 633 2317 Romae
657 2253 849 2332 advenisse,
881 2250 1046 2336 colligitur
1075 2275 1118 2315 ex
1146 2255 1248 2318 variis
1271 2253 1415 2318 Hadriani

314 2348 459 2436 epistolis
490 2351 531 2414 ad
565 2341 726 2414 Basilium
757 2361 789 2414 et
821 2351 998 2435 ignatium.
1045 2349 1099 2413 Ex
1129 2350 1247 2415 iisdem
1281 2345 1438 2416 videlicet*

314 2461 464 2536 apparet,
498 2449 621 2512 Romae
630 2500 638 2532 ,
672 2471 776 2534 usque
806 2447 849 2511 ad
874 2448 1019 2512 medium
1044 2469 1168 2511 annum
1193 2449 1274 2534 867,
1307 2453 1438 2523 tuntum}

314 2546 489 2611 advenisse
521 2545 740 2631 Euthymium
774 2545 995 2631 spatharium,
1036 2547 1092 2632 qui
1129 2557 1205 2610 ante
1238 2546 1417 2633 legationem

315 2649 411 2709 istam
437 2643 720 2728 Constantinopoli
745 2642 787 2707 ab
812 2643 1014 2729 Imperatore
1038 2643 1182 2708 directus
1207 2654 1292 2726 erat,
1325 2639 1438 2728 statImj

314 2765 417 2830 quum
432 2744 608 2826 imperium
623 2743 826 2825 arripuisset3
852 2742 989 2804 miratur
1005 2742 1104 2804 etiam
1120 2741 1321 2825 Hadrianus,
1344 2737 1415 2828 quod
1437 2729 1438 2790 l

314 2841 378 2904 sibi
402 2841 444 2904 ab
468 2841 598 2926 Ignatio
624 2838 770 2901 nondum
795 2837 932 2924 epistola
956 2839 1077 2923 scripta
1101 2837 1184 2919 sitl)
1218 2838 1350 2904 Itineris
1371 2839 1418 2902 dil·

314 2938 476 3002 ficultntes
516 2935 698 3000 retardasse
734 2935 914 3000 adventum
950 2935 1131 3020 legatorum
1171 2935 1260 3002 haud
1296 2937 1438 3022 dubium¹

314 3045 376 3117 est3
402 3035 480 3099 dum
505 3036 593 3098 enim
612 3033 803 3097 Hadrianus
828 3035 861 3097 iu
883 3032 1020 3118 epistola
1044 3033 1190 3098 secunda
1210 3035 1253 3099 ud
1267 3023 1438 3121 Ignatium

314 3157 344 3198 a.
370 3134 434 3197 869
459 3133 520 3219 (IV
544 3133 625 3196 Idus
647 3129 755 3216 Junii)
780 3130 866 3215 data,
892 3131 932 3195 de
947 3131 1076 3216 Joanne
1092 3129 1201 3215 Sylaei
1219 3133 1418 3219 metropolita.

315 3231 402 3295 illius
426 3232 652 3316 apocrisiario,
685 3229 842 3314 loquitur,
875 3231 938 3292 ait:
967 3228 1030 3302 Qut
1050 3229 1200 3315 pericula
1222 3231 1347 3315 iufiue'tu
1369 3253 1438 3312 rou3

315 3330 415 3393 solum
431 3353 494 3416 per
518 3351 614 3405 mure,
640 3328 694 3391 aed
718 3339 747 3391 et
766 3349 827 3412 per
851 3327 978 3390 aridum
1000 3327 1176 3413 gradiendo
1202 3327 1409 3392 suertiuuorcl.3

316 3426 369 3490 Ab
394 3425 565 3492 Hadriano
589 3426 631 3489 ad
656 3449 679 3489 s.
706 3426 846 3489 Mariam
871 3425 1029 3509 Majcrem
1053 3425 1152 3508 legati
1177 3425 1363 3491 solemniter
1382 3445 1438 3524 rc-¹

315 3527 401 3609 cepti
419 3535 503 3604 sunt,
529 3547 567 3587 ac
583 3523 738 3587 Pontifex
755 3525 788 3586 in
814 3521 940 3606 synodo
956 3521 1079 3586 Romae
1103 3522 1258 3588 habenda
1280 3523 1418 3588 ulteriora

316 3624 350 3685 iu
373 3621 436 3684 hac
453 3642 551 3684 causa
568 3620 741 3706 disponere
757 3621 938 3685 constituit.
969 3619 1080 3700 Quum
1097 3622 1304 3706 quaestiones
1321 3621 1418 3684 variae
1437 3619 1438 3698 ᾗ

314 3717 557 3784 examinandae
588 3729 711 3798 esseut,
746 3738 785 3780 ac
817 3716 1055 3802 multiplicibus
1079 3720 1220 3803 negotiis
1243 3719 1418 3784 Hadriana

388 4017 411 4083 ¹)
429 4017 479 4082 Ap.
499 4013 590 4068 Labbe
609 4013 686 4068 VIII.
706 4014 754 4068 ccl.
776 4013 853 4068 1009.
1093 4029 1096 4036 ·
1211 3986 1216 4010 “

387 4104 409 4174 ⁹)
429 4103 482 4157 Cir,
509 4117 567 4171 epp.
587 4101 720 4157 Hadriani
739 4101 773 4156 ad
792 4103 884 4171 Iguet.
911 4109 938 4157 et
957 4102 1024 4171 Imp.
1044 4102 1068 4156 d.
1088 4103 1113 4158 d.
1135 4106 1148 4157 1.
1169 4105 1237 4172 Aug.
1257 4103 1324 4161 888,
1351 4101 1438 4166 Coun-i

315 4199 414 4238 cecum.
434 4183 509 4238 VItI.
528 4185 588 4237 Act.
607 4181 679 4244 vn,
698 4181 789 4236 Labbc
808 4181 884 4236 VIII.
906 4184 983 4238 1084.
1004 4184 1080 4238 1085.
1437 4223 1438 4228 κ

388 4272 408 4338 ³)
429 4271 460 4326 V.
481 4271 579 4324 Concil.
599 4285 697 4324 oecnm.
716 4271 794 4325 VIII.
813 4271 872 4324 Act.
892 4271 944 4324 III.
963 4270 1054 4324 Lebbe
1073 4270 1151 4326 VIII.
1174 4273 1247 4327 1011.
