3054 4834
496 507 854 560 mmmmmm
1184 499 1238 552 W

115 644 1236 736 mmwmmffimmmmtmmfflfflmmmm

116 743 265 826 debatur,
311 748 503 833 Imperatori
539 749 571 811 in
603 747 763 812 electione
795 745 998 833 praesulum,
1044 744 1100 832 qui
1139 737 1237 804 simul

115 853 208 906 erant
245 846 411 930 principes
448 847 541 929 regni
580 868 801 932 magnamque
838 843 1006 908 habebant
1040 849 1235 926 potestatem

116 941 293 1026 politicam,
330 942 495 1006 influxum
528 944 720 1009 concedere.
768 942 866 1023 Quod
902 943 927 1004 si
953 940 1015 1003 hac
1040 940 1074 1002 in
1099 961 1133 1001 rc
1163 937 1238 1021 plus

115 1042 256 1126 principi
282 1040 420 1104 indulsit
445 1041 604 1119 llalixtus,
630 1064 728 1128 quam
754 1041 908 1105 anteriori
934 1049 1079 1122 tempore
1103 1034 1236 1100 Pontifi-

114 1161 168 1200 ces
196 1139 397 1202 videbantur
430 1141 618 1224 permittere
650 1139 744 1220 velle,
781 1139 815 1202 id
847 1140 948 1202 artiori
975 1138 1067 1221 pacis
1091 1144 1123 1197 et
1146 1155 1237 1198 occo-

113 1237 244 1300 uomiae
269 1237 423 1323 prudenti
448 1237 660 1301 tribuendum
686 1249 744 1302 est.
775 1237 916 1301 Multum
941 1257 1019 1298 sane
1043 1241 1122 1312 crat,
1147 1231 1235 1316 quod

115 1334 251 1398 solemni
276 1335 372 1398 modo
408 1335 542 1400 libertas
570 1337 768 1402 electionum
794 1336 921 1399 sancita
945 1343 977 1396 et
1000 1332 1141 1396 simonia
1165 1351 1235 1414 pro-

114 1434 235 1518 scripta
260 1445 353 1512 esset,
388 1447 486 1519 atque
511 1436 544 1498 in
570 1458 647 1499 casu
673 1434 858 1499 discordiae
881 1433 981 1518 juxta
1005 1429 1180 1494 consilium
1204 1435 1236 1490 et

108 1530 274 1615 judicium
307 1531 548 1616 metropolitani
581 1545 612 1596 et
637 1535 867 1618 episcoporum
892 1527 1148 1616 provincialium
1172 1527 1234 1590 Im-

115 1637 244 1712 perator
277 1631 397 1692 saniori
433 1631 518 1714 parti
547 1653 716 1694 assensum
756 1641 787 1693 et
821 1628 982 1693 auxilium
1019 1627 1236 1710 praestiturus

114 1724 1235 1812 emm.Dmubmafimsuubrmmmcmwfflminmmmm

114 1822 370 1909 supponebatur,
401 1847 458 1908 per
482 1849 515 1889 se
540 1849 581 1890 ex
606 1827 669 1890 illis
697 1823 966 1890 concessionibus
999 1821 1125 1906 aliquid
1156 1820 1235 1884 mali

114 1944 177 1985 uon
204 1921 476 2006 consequebatur,
508 1927 661 2010 quamvis
686 1945 744 2010 per
768 1921 922 1986 accidens
946 1923 1102 2006 princeps
1126 1920 1236 1981 minus

115 2019 236 2104 probus
265 2018 319 2082 illo
352 2019 480 2084 influxu
512 2021 605 2086 abuti
637 2033 755 2108 posset.
805 2021 893 2083 Hinc
922 2031 1035 2105 postea
1058 2015 1236 2082 Pontifices

113 2119 211 2180 etiam
236 2118 433 2182 studuerunt
457 2143 511 2183 eos
535 2119 710 2201 adducere,
735 2131 772 2182 ut
788 2119 1015 2182 renuntiarent
1031 2116 1236 2200 praescntiae

115 2213 1235 2303 mmmmmms—ffWnfflqmwemaemmdmmssfflm

114 2322 282 2385 Ecclesiae
318 2336 351 2384 et
374 2321 466 2406 pacis
491 2317 703 2395 desiderium,
737 2315 824 2400 quod
850 2315 884 2378 in
910 2312 1116 2378 Concordato
1143 2311 1235 2374 Wor-

114 2421 265 2483 mutiensi
290 2417 380 2482 haud
406 2416 593 2482 aboleretur
615 2415 799 2498 bomapium.
827 2411 917 2476 Nihil
943 2412 983 2475 de
1008 2433 1045 2474 co
1071 2412 1234 2485 statuitur,

115 2527 147 2580 ct
170 2519 323 2603 quamvis
348 2515 381 2579 id
407 2537 522 2600 parum
548 2514 751 2577 conveniens
775 2513 939 2597 episcopis
963 2508 1132 2588 haberent,
1158 2506 1234 2570 tole·

116 2625 230 2679 rarnnt
262 2625 372 2677 tumen
398 2613 479 2676 illud
499 2611 687 2676 Pontifices.
719 2648 761 2656 -
796 2609 987 2673 Universim
1012 2608 1234 2691 igiturstatui

116 2725 235 2798 potest,
273 2711 516 2776 Concordatum
539 2708 783 2773 Wormaticnse
808 2707 927 2789 insigni
965 2727 1041 2769 curn
1074 2705 1236 2788 sapientia

117 2813 318 2891 confectum,
353 2832 392 2873 ac
422 2810 509 2872 felici
542 2809 668 2871 ratione
700 2806 815 2882 codem
847 2804 936 2868 litem
970 2802 1010 2866 dc
1035 2802 1237 2866 investitutis

117 2908 465 2994 cmmmmmrffimae.
