<?xml version="1.0" encoding="UTF-8"?>
<!DOCTYPE html PUBLIC "-//W3C//DTD XHTML 1.0 Transitional//EN"
    "http://www.w3.org/TR/xhtml1/DTD/xhtml1-transitional.dtd">
<html xmlns="http://www.w3.org/1999/xhtml" xml:lang="en" lang="en">
 <head>
  <title>
</title>
<meta http-equiv="Content-Type" content="text/html;charset=utf-8" />
  <meta name='ocr-system' content='tesseract 3.04.00' />
  <meta name='ocr-capabilities' content='ocr_page ocr_carea ocr_par ocr_line ocrx_word'/>
</head>
<body>
  <div class='ocr_page' id='page_1' title='image "./dissertationess01junggoog_0364.png"; bbox 0 0 2932 4836; ppageno 0'>
   <div class='ocr_carea' id='block_1_1' title="bbox 471 449 1157 506">
    <p class='ocr_par' dir='ltr' id='par_1_1' title="bbox 471 449 1157 506">
     <span class='ocr_line' id='line_1_1' title="bbox 471 449 1157 506; baseline 0.003 -2"><span class='ocrx_word' id='word_1_1' title='bbox 471 449 557 506; x_wconf 87' lang='lat' dir='ltr'>luitis</span> <span class='ocrx_word' id='word_1_2' title='bbox 574 449 717 505; x_wconf 73' lang='lat' dir='ltr'>scissionis.</span> <span class='ocrx_word' id='word_1_3' title='bbox 1103 449 1157 506; x_wconf 78' lang='lat'>363</span> 
     </span>
    </p>
   </div>
   <div class='ocr_carea' id='block_1_2' title="bbox 40 591 1327 3622">
    <p class='ocr_par' dir='ltr' id='par_1_2' title="bbox 40 591 1327 2444">
     <span class='ocr_line' id='line_1_2' title="bbox 54 591 1155 681; baseline -0.001 -22"><span class='ocrx_word' id='word_1_4' title='bbox 54 597 125 660; x_wconf 82' lang='lat' dir='ltr'>actis</span> <span class='ocrx_word' id='word_1_5' title='bbox 145 595 311 681; x_wconf 86' lang='lat' dir='ltr'>perspexit</span> <span class='ocrx_word' id='word_1_6' title='bbox 334 593 503 673; x_wconf 82' lang='lat' dir='ltr'>Pontifex,</span> <span class='ocrx_word' id='word_1_7' title='bbox 526 591 651 679; x_wconf 77' lang='lat' dir='ltr'>legatos</span> <span class='ocrx_word' id='word_1_8' title='bbox 674 593 880 658; x_wconf 87' lang='lat' dir='ltr'>Rodoaldum</span> <span class='ocrx_word' id='word_1_9' title='bbox 904 602 937 657; x_wconf 89' lang='lat' dir='ltr'>et</span> <span class='ocrx_word' id='word_1_10' title='bbox 959 593 1155 658; x_wconf 79' lang='lat' dir='ltr'>Zachariam</span> 
     </span>
     <span class='ocr_line' id='line_1_3' title="bbox 56 691 1156 778; baseline 0.001 -22"><span class='ocrx_word' id='word_1_11' title='bbox 56 691 129 757; x_wconf 82' lang='lat' dir='ltr'>band</span> <span class='ocrx_word' id='word_1_12' title='bbox 156 702 300 773; x_wconf 87' lang='lat' dir='ltr'>secutos,</span> <span class='ocrx_word' id='word_1_13' title='bbox 334 691 391 755; x_wconf 87' lang='lat' dir='ltr'>sed</span> <span class='ocrx_word' id='word_1_14' title='bbox 423 701 642 776; x_wconf 88' lang='lat' dir='ltr'>transgressos</span> <span class='ocrx_word' id='word_1_15' title='bbox 666 713 736 756; x_wconf 89' lang='lat' dir='ltr'>esse</span> <span class='ocrx_word' id='word_1_16' title='bbox 760 691 918 756; x_wconf 89' lang='lat' dir='ltr'>mandata</span> <span class='ocrx_word' id='word_1_17' title='bbox 941 691 983 756; x_wconf 91' lang='lat' dir='ltr'>ab</span> <span class='ocrx_word' id='word_1_18' title='bbox 1007 693 1077 778; x_wconf 89' lang='lat' dir='ltr'>ipso</span> <span class='ocrx_word' id='word_1_19' title='bbox 1102 713 1156 757; x_wconf 82' lang='lat' dir='ltr'>ex-</span> 
     </span>
     <span class='ocr_line' id='line_1_4' title="bbox 53 787 1154 877; baseline 0.001 -23"><span class='ocrx_word' id='word_1_20' title='bbox 53 801 143 877; x_wconf 86' lang='lat' dir='ltr'>cepta,</span> <span class='ocrx_word' id='word_1_21' title='bbox 165 789 291 856; x_wconf 81' lang='lat' dir='ltr'>litteras</span> <span class='ocrx_word' id='word_1_22' title='bbox 314 791 355 853; x_wconf 91' lang='lat' dir='ltr'>iis</span> <span class='ocrx_word' id='word_1_23' title='bbox 378 787 473 853; x_wconf 86' lang='lat' dir='ltr'>datas</span> <span class='ocrx_word' id='word_1_24' title='bbox 498 787 784 875; x_wconf 84' lang='lat' dir='ltr'>Constantinopoli</span> <span class='ocrx_word' id='word_1_25' title='bbox 809 791 929 876; x_wconf 89' lang='lat' dir='ltr'>partim</span> <span class='ocrx_word' id='word_1_26' title='bbox 954 810 1020 856; x_wconf 90' lang='lat' dir='ltr'>non</span> <span class='ocrx_word' id='word_1_27' title='bbox 1042 789 1154 872; x_wconf 89' lang='lat' dir='ltr'>lectas,</span> 
     </span>
     <span class='ocr_line' id='line_1_5' title="bbox 52 885 1155 974; baseline 0 -22"><span class='ocrx_word' id='word_1_28' title='bbox 52 891 155 974; x_wconf 82' lang='lat' dir='ltr'>partim</span> <span class='ocrx_word' id='word_1_29' title='bbox 170 910 241 952; x_wconf 87' lang='lat' dir='ltr'>esse</span> <span class='ocrx_word' id='word_1_30' title='bbox 256 885 425 951; x_wconf 90' lang='lat' dir='ltr'>mutilatas</span> <span class='ocrx_word' id='word_1_31' title='bbox 441 897 540 972; x_wconf 88' lang='lat' dir='ltr'>atque</span> <span class='ocrx_word' id='word_1_32' title='bbox 556 897 736 972; x_wconf 86' lang='lat' dir='ltr'>corruptas,</span> <span class='ocrx_word' id='word_1_33' title='bbox 757 889 869 952; x_wconf 87' lang='lat' dir='ltr'>omnia</span> <span class='ocrx_word' id='word_1_34' title='bbox 883 889 918 951; x_wconf 93' lang='lat' dir='ltr'>in</span> <span class='ocrx_word' id='word_1_35' title='bbox 935 887 1155 952; x_wconf 89' lang='lat' dir='ltr'>conciliabulo</span> 
     </span>
     <span class='ocr_line' id='line_1_6' title="bbox 53 986 1156 1072; baseline 0.001 -23"><span class='ocrx_word' id='word_1_36' title='bbox 53 987 195 1052; x_wconf 77' lang='lat' dir='ltr'>violenter</span> <span class='ocrx_word' id='word_1_37' title='bbox 225 995 259 1050; x_wconf 90' lang='lat' dir='ltr'>et</span> <span class='ocrx_word' id='word_1_38' title='bbox 288 995 403 1050; x_wconf 87' lang='lat' dir='ltr'>eontra</span> <span class='ocrx_word' id='word_1_39' title='bbox 427 1005 571 1049; x_wconf 91' lang='lat' dir='ltr'>canones</span> <span class='ocrx_word' id='word_1_40' title='bbox 594 1007 664 1049; x_wconf 89' lang='lat' dir='ltr'>esse</span> <span class='ocrx_word' id='word_1_41' title='bbox 688 995 831 1072; x_wconf 90' lang='lat' dir='ltr'>peraeta.</span> <span class='ocrx_word' id='word_1_42' title='bbox 879 986 1032 1050; x_wconf 87' lang='lat' dir='ltr'>Pontifici</span> <span class='ocrx_word' id='word_1_43' title='bbox 1056 988 1156 1071; x_wconf 83' lang='lat' dir='ltr'>igitur</span> 
     </span>
     <span class='ocr_line' id='line_1_7' title="bbox 52 1083 1153 1169; baseline 0.006 -27"><span class='ocrx_word' id='word_1_44' title='bbox 52 1086 143 1148; x_wconf 76' lang='lat' dir='ltr'>sunm</span> <span class='ocrx_word' id='word_1_45' title='bbox 166 1093 215 1148; x_wconf 85' lang='lat' dir='ltr'>est</span> <span class='ocrx_word' id='word_1_46' title='bbox 238 1084 472 1164; x_wconf 88' lang='lat' dir='ltr'>necessarium,</span> <span class='ocrx_word' id='word_1_47' title='bbox 497 1083 597 1146; x_wconf 87' lang='lat' dir='ltr'>ctiam</span> <span class='ocrx_word' id='word_1_48' title='bbox 620 1091 799 1169; x_wconf 86' lang='lat' dir='ltr'>antequam</span> <span class='ocrx_word' id='word_1_49' title='bbox 823 1085 1010 1148; x_wconf 84' lang='lat' dir='ltr'>accuratius</span> <span class='ocrx_word' id='word_1_50' title='bbox 1026 1083 1153 1168; x_wconf 83' lang='lat' dir='ltr'>singula</span> 
     </span>
     <span class='ocr_line' id='line_1_8' title="bbox 49 1179 1155 1267; baseline 0.002 -23"><span class='ocrx_word' id='word_1_51' title='bbox 49 1193 202 1267; x_wconf 84' lang='lat' dir='ltr'>comperta</span> <span class='ocrx_word' id='word_1_52' title='bbox 225 1180 372 1260; x_wconf 86' lang='lat' dir='ltr'>haberet,</span> <span class='ocrx_word' id='word_1_53' title='bbox 397 1179 573 1266; x_wconf 88' lang='lat' dir='ltr'>reprobare</span> <span class='ocrx_word' id='word_1_54' title='bbox 586 1191 678 1266; x_wconf 83' lang='lat' dir='ltr'>gesta</span> <span class='ocrx_word' id='word_1_55' title='bbox 693 1179 875 1266; x_wconf 86' lang='lat' dir='ltr'>legatorum</span> <span class='ocrx_word' id='word_1_56' title='bbox 890 1203 1034 1246; x_wconf 89' lang='lat' dir='ltr'>suorum.</span> <span class='ocrx_word' id='word_1_57' title='bbox 1072 1181 1155 1256; x_wconf 88' lang='lat' dir='ltr'>Qua-</span> 
     </span>
     <span class='ocr_line' id='line_1_9' title="bbox 46 1277 1156 1367; baseline 0.002 -24"><span class='ocrx_word' id='word_1_58' title='bbox 46 1291 178 1366; x_wconf 78' lang='lat' dir='ltr'>propter,</span> <span class='ocrx_word' id='word_1_59' title='bbox 209 1277 326 1343; x_wconf 90' lang='lat' dir='ltr'>scribit</span> <span class='ocrx_word' id='word_1_60' title='bbox 349 1281 419 1363; x_wconf 88' lang='lat' dir='ltr'>ipse</span> <span class='ocrx_word' id='word_1_61' title='bbox 443 1277 615 1360; x_wconf 86' lang='lat' dir='ltr'>Pontifex,</span> <span class='ocrx_word' id='word_1_62' title='bbox 645 1279 718 1342; x_wconf 89' lang='lat' dir='ltr'>dum</span> <span class='ocrx_word' id='word_1_63' title='bbox 742 1280 831 1365; x_wconf 89' lang='lat' dir='ltr'>apud</span> <span class='ocrx_word' id='word_1_64' title='bbox 853 1301 910 1344; x_wconf 89' lang='lat' dir='ltr'>nos</span> <span class='ocrx_word' id='word_1_65' title='bbox 932 1281 1156 1367; x_wconf 88' lang='lat' dir='ltr'>imperatorius</span> 
     </span>
     <span class='ocr_line' id='line_1_10' title="bbox 50 1376 1154 1464; baseline 0.001 -22"><span class='ocrx_word' id='word_1_66' title='bbox 50 1381 156 1456; x_wconf 70' lang='lat' dir='ltr'>nune,</span> <span class='ocrx_word' id='word_1_67' title='bbox 171 1379 256 1442; x_wconf 81' lang='lat' dir='ltr'>idest</span> <span class='ocrx_word' id='word_1_68' title='bbox 270 1377 342 1454; x_wconf 90' lang='lat' dir='ltr'>Leo,</span> <span class='ocrx_word' id='word_1_69' title='bbox 359 1376 493 1454; x_wconf 72' lang='lat' dir='ltr'>aduret,</span> <span class='ocrx_word' id='word_1_70' title='bbox 510 1386 681 1440; x_wconf 85' lang='lat' dir='ltr'>convocata</span> <span class='ocrx_word' id='word_1_71' title='bbox 695 1387 763 1441; x_wconf 88' lang='lat' dir='ltr'>tota</span> <span class='ocrx_word' id='word_1_72' title='bbox 777 1399 857 1463; x_wconf 82' lang='lat' dir='ltr'>qnae</span> <span class='ocrx_word' id='word_1_73' title='bbox 872 1378 961 1464; x_wconf 85' lang='lat' dir='ltr'>apud</span> <span class='ocrx_word' id='word_1_74' title='bbox 976 1399 1034 1442; x_wconf 87' lang='lat' dir='ltr'>nos</span> <span class='ocrx_word' id='word_1_75' title='bbox 1049 1389 1095 1444; x_wconf 88' lang='lat' dir='ltr'>est</span> <span class='ocrx_word' id='word_1_76' title='bbox 1109 1403 1154 1444; x_wconf 85' lang='lat' dir='ltr'>ee·</span> 
     </span>
     <span class='ocr_line' id='line_1_11' title="bbox 49 1475 1154 1564; baseline 0.003 -26"><span class='ocrx_word' id='word_1_77' title='bbox 49 1477 141 1554; x_wconf 81' lang='lat' dir='ltr'>dosia,</span> <span class='ocrx_word' id='word_1_78' title='bbox 157 1475 304 1562; x_wconf 78' lang='lat' dir='ltr'>professi</span> <span class='ocrx_word' id='word_1_79' title='bbox 318 1497 424 1538; x_wconf 75' lang='lat' dir='ltr'>summ</span> <span class='ocrx_word' id='word_1_80' title='bbox 442 1496 548 1538; x_wconf 90' lang='lat' dir='ltr'>coram</span> <span class='ocrx_word' id='word_1_81' title='bbox 562 1475 647 1560; x_wconf 86' lang='lat' dir='ltr'>ipsa,</span> <span class='ocrx_word' id='word_1_82' title='bbox 671 1476 752 1538; x_wconf 79' lang='lat' dir='ltr'>siord</span> <span class='ocrx_word' id='word_1_83' title='bbox 770 1485 801 1539; x_wconf 86' lang='lat' dir='ltr'>et</span> <span class='ocrx_word' id='word_1_84' title='bbox 809 1476 1005 1562; x_wconf 82' lang='lat' dir='ltr'>profitemur,</span> <span class='ocrx_word' id='word_1_85' title='bbox 1025 1499 1087 1564; x_wconf 86' lang='lat' dir='ltr'>pro</span> <span class='ocrx_word' id='word_1_86' title='bbox 1103 1477 1154 1541; x_wconf 90' lang='lat' dir='ltr'>dc-</span> 
     </span>
     <span class='ocr_line' id='line_1_12' title="bbox 40 1570 1154 1663; baseline 0.003 -26"><span class='ocrx_word' id='word_1_87' title='bbox 40 1577 164 1663; x_wconf 80' lang='lat' dir='ltr'>jccts&#39;one</span> <span class='ocrx_word' id='word_1_88' title='bbox 173 1583 279 1638; x_wconf 67' lang='lat' dir='ltr'>rutra</span> <span class='ocrx_word' id='word_1_89' title='bbox 288 1570 438 1660; x_wconf 85' lang='lat' dir='ltr'>(Ignatii)</span> <span class='ocrx_word' id='word_1_90' title='bbox 453 1583 484 1636; x_wconf 88' lang='lat' dir='ltr'>et</span> <span class='ocrx_word' id='word_1_91' title='bbox 492 1573 726 1657; x_wconf 80' lang='lat' dir='ltr'>confirmatione</span> <span class='ocrx_word' id='word_1_92' title='bbox 736 1574 844 1637; x_wconf 85' lang='lat' dir='ltr'>Pbotii</span> <span class='ocrx_word' id='word_1_93' title='bbox 855 1597 1014 1660; x_wconf 88' lang='lat' dir='ltr'>nunquam</span> <span class='ocrx_word' id='word_1_94' title='bbox 1022 1575 1154 1652; x_wconf 84' lang='lat' dir='ltr'>misisse,</span> 
     </span>
     <span class='ocr_line' id='line_1_13' title="bbox 49 1670 1154 1759; baseline 0.004 -25"><span class='ocrx_word' id='word_1_95' title='bbox 49 1695 192 1756; x_wconf 78' lang='lat' dir='ltr'>rrmqrsam</span> <span class='ocrx_word' id='word_1_96' title='bbox 206 1673 357 1735; x_wconf 88' lang='lat' dir='ltr'>missuros</span> <span class='ocrx_word' id='word_1_97' title='bbox 371 1691 445 1752; x_wconf 87' lang='lat' dir='ltr'>esse,</span> <span class='ocrx_word' id='word_1_98' title='bbox 467 1680 497 1733; x_wconf 88' lang='lat' dir='ltr'>ct</span> <span class='ocrx_word' id='word_1_99' title='bbox 516 1671 552 1734; x_wconf 89' lang='lat' dir='ltr'>in</span> <span class='ocrx_word' id='word_1_100' title='bbox 567 1670 762 1756; x_wconf 79' lang='lat' dir='ltr'>depositione</span> <span class='ocrx_word' id='word_1_101' title='bbox 778 1682 884 1735; x_wconf 77' lang='lat' dir='ltr'>vestm</span> <span class='ocrx_word' id='word_1_102' title='bbox 898 1671 948 1736; x_wconf 85' lang='lat' dir='ltr'>vei</span> <span class='ocrx_word' id='word_1_103' title='bbox 956 1675 1154 1759; x_wconf 80' lang='lat' dir='ltr'>promotione</span> 
     </span>
     <span class='ocr_line' id='line_1_14' title="bbox 51 1769 1154 1856; baseline 0.003 -24"><span class='ocrx_word' id='word_1_104' title='bbox 51 1771 140 1833; x_wconf 79' lang='lat' dir='ltr'>lbotii</span> <span class='ocrx_word' id='word_1_105' title='bbox 160 1791 320 1856; x_wconf 87' lang='lat' dir='ltr'>nunquam</span> <span class='ocrx_word' id='word_1_106' title='bbox 334 1769 535 1845; x_wconf 84' lang='lat' dir='ltr'>oorssensisse,</span> <span class='ocrx_word' id='word_1_107' title='bbox 559 1791 719 1854; x_wconf 78' lang='lat' dir='ltr'>nunqnam</span> <span class='ocrx_word' id='word_1_108' title='bbox 734 1791 940 1834; x_wconf 73' lang='lat' dir='ltr'>conscensuros</span> <span class='ocrx_word' id='word_1_109' title='bbox 954 1792 1029 1834; x_wconf 87' lang='lat' dir='ltr'>esse.</span> <span class='ocrx_word' id='word_1_110' title='bbox 1036 1769 1062 1856; x_wconf 86' lang='lat'>¹)</span> <span class='ocrx_word' id='word_1_111' title='bbox 1091 1771 1154 1836; x_wconf 90' lang='lat' dir='ltr'>Im·</span> 
     </span>
     <span class='ocr_line' id='line_1_15' title="bbox 47 1865 1154 1953; baseline 0.004 -23"><span class='ocrx_word' id='word_1_112' title='bbox 47 1871 192 1952; x_wconf 84' lang='lat' dir='ltr'>peratoris</span> <span class='ocrx_word' id='word_1_113' title='bbox 216 1865 352 1953; x_wconf 90' lang='lat' dir='ltr'>quidem</span> <span class='ocrx_word' id='word_1_114' title='bbox 375 1865 503 1950; x_wconf 84' lang='lat' dir='ltr'>legatus</span> <span class='ocrx_word' id='word_1_115' title='bbox 526 1865 595 1930; x_wconf 90' lang='lat' dir='ltr'>Leo</span> <span class='ocrx_word' id='word_1_116' title='bbox 618 1867 711 1930; x_wconf 86' lang='lat' dir='ltr'>niens</span> <span class='ocrx_word' id='word_1_117' title='bbox 734 1889 805 1931; x_wconf 88' lang='lat' dir='ltr'>esse</span> <span class='ocrx_word' id='word_1_118' title='bbox 828 1867 971 1949; x_wconf 86' lang='lat' dir='ltr'>ridetur,</span> <span class='ocrx_word' id='word_1_119' title='bbox 1000 1879 1038 1932; x_wconf 91' lang='lat' dir='ltr'>ut</span> <span class='ocrx_word' id='word_1_120' title='bbox 1059 1869 1154 1935; x_wconf 87' lang='lat' dir='ltr'>Nico-</span> 
     </span>
     <span class='ocr_line' id='line_1_16' title="bbox 46 1963 1155 2051; baseline 0.004 -24"><span class='ocrx_word' id='word_1_121' title='bbox 46 1965 124 2029; x_wconf 81' lang='lat' dir='ltr'>laum</span> <span class='ocrx_word' id='word_1_122' title='bbox 147 1965 189 2030; x_wconf 89' lang='lat' dir='ltr'>ad</span> <span class='ocrx_word' id='word_1_123' title='bbox 211 1965 415 2050; x_wconf 83' lang='lat' dir='ltr'>agnitionem</span> <span class='ocrx_word' id='word_1_124' title='bbox 428 1963 539 2028; x_wconf 88' lang='lat' dir='ltr'>Photii</span> <span class='ocrx_word' id='word_1_125' title='bbox 554 1963 767 2050; x_wconf 85' lang='lat' dir='ltr'>pertraheret,</span> <span class='ocrx_word' id='word_1_126' title='bbox 792 1965 982 2051; x_wconf 85' lang='lat' dir='ltr'>Romaeque</span> <span class='ocrx_word' id='word_1_127' title='bbox 997 1970 1155 2032; x_wconf 87' lang='lat' dir='ltr'>remansit</span> 
     </span>
     <span class='ocr_line' id='line_1_17' title="bbox 47 2061 1153 2150; baseline 0.004 -24"><span class='ocrx_word' id='word_1_128' title='bbox 47 2085 138 2150; x_wconf 86' lang='lat' dir='ltr'>usqne</span> <span class='ocrx_word' id='word_1_129' title='bbox 164 2062 251 2128; x_wconf 91' lang='lat' dir='ltr'>ultra</span> <span class='ocrx_word' id='word_1_130' title='bbox 276 2062 421 2127; x_wconf 89' lang='lat' dir='ltr'>medinm</span> <span class='ocrx_word' id='word_1_131' title='bbox 446 2063 613 2126; x_wconf 89' lang='lat' dir='ltr'>Martium.</span> <span class='ocrx_word' id='word_1_132' title='bbox 660 2061 727 2128; x_wconf 87' lang='lat' dir='ltr'>Sed</span> <span class='ocrx_word' id='word_1_133' title='bbox 750 2063 865 2127; x_wconf 89' lang='lat' dir='ltr'>firmus</span> <span class='ocrx_word' id='word_1_134' title='bbox 888 2065 923 2128; x_wconf 92' lang='lat' dir='ltr'>in</span> <span class='ocrx_word' id='word_1_135' title='bbox 948 2087 1006 2128; x_wconf 89' lang='lat' dir='ltr'>sno</span> <span class='ocrx_word' id='word_1_136' title='bbox 1025 2065 1153 2150; x_wconf 91' lang='lat' dir='ltr'>judicio</span> 
     </span>
     <span class='ocr_line' id='line_1_18' title="bbox 45 2159 1156 2246; baseline 0.002 -22"><span class='ocrx_word' id='word_1_137' title='bbox 45 2163 175 2246; x_wconf 86' lang='lat' dir='ltr'>perstitit</span> <span class='ocrx_word' id='word_1_138' title='bbox 202 2160 374 2240; x_wconf 86' lang='lat' dir='ltr'>Pontifex,</span> <span class='ocrx_word' id='word_1_139' title='bbox 405 2159 694 2246; x_wconf 89' lang='lat' dir='ltr'>proficiscentique</span> <span class='ocrx_word' id='word_1_140' title='bbox 725 2159 833 2245; x_wconf 88' lang='lat' dir='ltr'>legato</span> <span class='ocrx_word' id='word_1_141' title='bbox 864 2161 989 2226; x_wconf 89' lang='lat' dir='ltr'>litteras</span> <span class='ocrx_word' id='word_1_142' title='bbox 1018 2162 1156 2228; x_wconf 86' lang='lat' dir='ltr'>tradidit</span> 
     </span>
     <span class='ocr_line' id='line_1_19' title="bbox 45 2257 1093 2344; baseline 0.004 -23"><span class='ocrx_word' id='word_1_143' title='bbox 45 2259 81 2323; x_wconf 87' lang='lat' dir='ltr'>ud</span> <span class='ocrx_word' id='word_1_144' title='bbox 103 2260 255 2324; x_wconf 90' lang='lat' dir='ltr'>Photium</span> <span class='ocrx_word' id='word_1_145' title='bbox 280 2269 313 2322; x_wconf 87' lang='lat' dir='ltr'>et</span> <span class='ocrx_word' id='word_1_146' title='bbox 335 2257 581 2344; x_wconf 82' lang='lat' dir='ltr'>Imperatorem,</span> <span class='ocrx_word' id='word_1_147' title='bbox 607 2257 728 2343; x_wconf 90' lang='lat' dir='ltr'>quibus</span> <span class='ocrx_word' id='word_1_148' title='bbox 752 2257 786 2322; x_wconf 94' lang='lat' dir='ltr'>id</span> <span class='ocrx_word' id='word_1_149' title='bbox 810 2261 858 2323; x_wconf 92' lang='lat' dir='ltr'>eis</span> <span class='ocrx_word' id='word_1_150' title='bbox 881 2261 1093 2344; x_wconf 87' lang='lat' dir='ltr'>significavit.</span> 
     </span>
     <span class='ocr_line' id='line_1_20' title="bbox 122 2355 1327 2444; baseline -0.001 -22"><span class='ocrx_word' id='word_1_151' title='bbox 122 2359 175 2423; x_wconf 78' lang='lat'>42.</span> <span class='ocrx_word' id='word_1_152' title='bbox 188 2355 295 2424; x_wconf 90' lang='lat' dir='ltr'>Simul</span> <span class='ocrx_word' id='word_1_153' title='bbox 308 2377 385 2420; x_wconf 90' lang='lat' dir='ltr'>vero</span> <span class='ocrx_word' id='word_1_154' title='bbox 396 2355 553 2420; x_wconf 88' lang='lat' dir='ltr'>Nicolans</span> <span class='ocrx_word' id='word_1_155' title='bbox 562 2355 778 2441; x_wconf 85' lang='lat' dir='ltr'>Encyclicam</span> <span class='ocrx_word' id='word_1_156' title='bbox 792 2357 937 2422; x_wconf 91' lang='lat' dir='ltr'>deditad</span> <span class='ocrx_word' id='word_1_157' title='bbox 949 2359 1243 2444; x_wconf 64' lang='lat' dir='ltr'>patriarcharum</span> <span class='ocrx_word' id='word_1_158' title='bbox 1252 2369 1327 2421; x_wconf 70' lang='lat' dir='ltr'>tur·</span> 
     </span>
    </p>

    <p class='ocr_par' dir='ltr' id='par_1_3' title="bbox 40 2431 1271 3622">
     <span class='ocr_line' id='line_1_21' title="bbox 43 2431 1271 2542; baseline 0.006 -28"><span class='ocrx_word' id='word_1_159' title='bbox 43 2470 72 2515; x_wconf 82' lang='lat' dir='ltr'>et</span> <span class='ocrx_word' id='word_1_160' title='bbox 98 2456 250 2520; x_wconf 88' lang='lat' dir='ltr'>ecclesias</span> <span class='ocrx_word' id='word_1_161' title='bbox 274 2455 420 2520; x_wconf 86' lang='lat' dir='ltr'>Orientis</span> <span class='ocrx_word' id='word_1_162' title='bbox 450 2453 482 2519; x_wconf 93' lang='lat' dir='ltr'>d.</span> <span class='ocrx_word' id='word_1_163' title='bbox 507 2453 539 2519; x_wconf 93' lang='lat' dir='ltr'>d.</span> <span class='ocrx_word' id='word_1_164' title='bbox 567 2455 607 2518; x_wconf 79' lang='lat'>18</span> <span class='ocrx_word' id='word_1_165' title='bbox 632 2455 743 2519; x_wconf 86' lang='lat' dir='ltr'>Martii</span> <span class='ocrx_word' id='word_1_166' title='bbox 768 2455 849 2538; x_wconf 80' lang='lat'>862,</span> <span class='ocrx_word' id='word_1_167' title='bbox 881 2479 946 2542; x_wconf 91' lang='lat' dir='ltr'>qna</span> <span class='ocrx_word' id='word_1_168' title='bbox 974 2457 1151 2542; x_wconf 89' lang='lat' dir='ltr'>apostolico</span> <span class='ocrx_word' id='word_1_169' title='bbox 1209 2431 1271 2474; x_wconf 47' lang='grc' dir='ltr'>ὼ</span> 
     </span>
     <span class='ocr_line' id='line_1_22' title="bbox 45 2551 1151 2639; baseline 0.009 -29"><span class='ocrx_word' id='word_1_170' title='bbox 45 2555 146 2637; x_wconf 81' lang='lat' dir='ltr'>rigore</span> <span class='ocrx_word' id='word_1_171' title='bbox 176 2553 299 2637; x_wconf 82' lang='lat' dir='ltr'>Ignatii</span> <span class='ocrx_word' id='word_1_172' title='bbox 333 2552 573 2638; x_wconf 89' lang='lat' dir='ltr'>depositionem</span> <span class='ocrx_word' id='word_1_173' title='bbox 606 2563 637 2616; x_wconf 89' lang='lat' dir='ltr'>ct</span> <span class='ocrx_word' id='word_1_174' title='bbox 660 2551 770 2618; x_wconf 90' lang='lat' dir='ltr'>Photii</span> <span class='ocrx_word' id='word_1_175' title='bbox 801 2557 1046 2639; x_wconf 88' lang='lat' dir='ltr'>usurpationem</span> <span class='ocrx_word' id='word_1_176' title='bbox 1077 2575 1151 2620; x_wconf 90' lang='lat' dir='ltr'>con-</span> 
     </span>
     <span class='ocr_line' id='line_1_23' title="bbox 45 2649 1150 2738; baseline 0.004 -27"><span class='ocrx_word' id='word_1_177' title='bbox 45 2649 176 2733; x_wconf 88' lang='lat' dir='ltr'>demnat,</span> <span class='ocrx_word' id='word_1_178' title='bbox 195 2651 375 2738; x_wconf 88' lang='lat' dir='ltr'>jubetque,</span> <span class='ocrx_word' id='word_1_179' title='bbox 408 2649 494 2714; x_wconf 90' lang='lat' dir='ltr'>hanc</span> <span class='ocrx_word' id='word_1_180' title='bbox 517 2672 610 2714; x_wconf 87' lang='lat' dir='ltr'>suam</span> <span class='ocrx_word' id='word_1_181' title='bbox 636 2653 832 2716; x_wconf 85' lang='lat' dir='ltr'>sententiam</span> <span class='ocrx_word' id='word_1_182' title='bbox 856 2673 969 2717; x_wconf 86' lang='lat' dir='ltr'>omnes</span> <span class='ocrx_word' id='word_1_183' title='bbox 993 2653 1150 2718; x_wconf 87' lang='lat' dir='ltr'>ecelesiae</span> 
     </span>
     <span class='ocr_line' id='line_1_24' title="bbox 44 2747 1150 2836; baseline 0.005 -28"><span class='ocrx_word' id='word_1_184' title='bbox 44 2749 283 2834; x_wconf 81' lang='lat' dir='ltr'>amplectentur.</span> <span class='ocrx_word' id='word_1_185' title='bbox 319 2749 419 2826; x_wconf 87' lang='lat' dir='ltr'>Unde,</span> <span class='ocrx_word' id='word_1_186' title='bbox 445 2747 568 2828; x_wconf 88' lang='lat' dir='ltr'>scribit,</span> <span class='ocrx_word' id='word_1_187' title='bbox 592 2749 782 2834; x_wconf 79' lang='lat' dir='ltr'>peneraliter</span> <span class='ocrx_word' id='word_1_188' title='bbox 805 2762 954 2836; x_wconf 73' lang='lat' dir='ltr'>opnoscot</span> <span class='ocrx_word' id='word_1_189' title='bbox 977 2754 1076 2815; x_wconf 84' lang='lat' dir='ltr'>omnis</span> <span class='ocrx_word' id='word_1_190' title='bbox 1092 2752 1150 2814; x_wconf 82' lang='lat' dir='ltr'>Eo·</span> 
     </span>
     <span class='ocr_line' id='line_1_25' title="bbox 43 2845 1149 2936; baseline 0.005 -30"><span class='ocrx_word' id='word_1_191' title='bbox 43 2845 129 2911; x_wconf 81' lang='lat' dir='ltr'>clesia</span> <span class='ocrx_word' id='word_1_192' title='bbox 151 2859 338 2924; x_wconf 87' lang='lat' dir='ltr'>sanctorum,</span> <span class='ocrx_word' id='word_1_193' title='bbox 362 2848 438 2932; x_wconf 86' lang='lat' dir='ltr'>quia</span> <span class='ocrx_word' id='word_1_194' title='bbox 460 2869 516 2910; x_wconf 88' lang='lat' dir='ltr'>neo</span> <span class='ocrx_word' id='word_1_195' title='bbox 538 2856 650 2909; x_wconf 86' lang='lat' dir='ltr'>nostra</span> <span class='ocrx_word' id='word_1_196' title='bbox 660 2846 734 2932; x_wconf 89' lang='lat' dir='ltr'>suit</span> <span class='ocrx_word' id='word_1_197' title='bbox 748 2850 948 2926; x_wconf 83' lang='lat' dir='ltr'>conscientia,</span> <span class='ocrx_word' id='word_1_198' title='bbox 972 2871 1027 2912; x_wconf 89' lang='lat' dir='ltr'>nec</span> <span class='ocrx_word' id='word_1_199' title='bbox 1034 2850 1149 2936; x_wconf 82' lang='lat' dir='ltr'>jussio,</span> 
     </span>
     <span class='ocr_line' id='line_1_26' title="bbox 47 2943 1149 3033; baseline 0.005 -28"><span class='ocrx_word' id='word_1_200' title='bbox 47 2968 92 3007; x_wconf 84' lang='lat' dir='ltr'>nec</span> <span class='ocrx_word' id='word_1_201' title='bbox 111 2947 265 3023; x_wconf 85' lang='lat' dir='ltr'>uoluntas,</span> <span class='ocrx_word' id='word_1_202' title='bbox 290 2968 385 3031; x_wconf 88' lang='lat' dir='ltr'>super</span> <span class='ocrx_word' id='word_1_203' title='bbox 397 2945 503 3008; x_wconf 82' lang='lat' dir='ltr'>Plotii</span> <span class='ocrx_word' id='word_1_204' title='bbox 518 2943 737 3029; x_wconf 77' lang='lat' dir='ltr'>subropatione</span> <span class='ocrx_word' id='word_1_205' title='bbox 752 2946 800 3009; x_wconf 87' lang='lat' dir='ltr'>uel</span> <span class='ocrx_word' id='word_1_206' title='bbox 814 2947 934 3032; x_wconf 76' lang='lat' dir='ltr'>anatii</span> <span class='ocrx_word' id='word_1_207' title='bbox 942 2948 1149 3033; x_wconf 74' lang='lat' dir='ltr'>patriarcnae</span> 
     </span>
     <span class='ocr_line' id='line_1_27' title="bbox 44 3041 1151 3130; baseline 0.002 -22"><span class='ocrx_word' id='word_1_208' title='bbox 44 3041 246 3128; x_wconf 60' lang='lat' dir='ltr'>depositionum</span> <span class='ocrx_word' id='word_1_209' title='bbox 264 3055 294 3107; x_wconf 90' lang='lat' dir='ltr'>et</span> <span class='ocrx_word' id='word_1_210' title='bbox 317 3065 411 3129; x_wconf 86' lang='lat' dir='ltr'>super</span> <span class='ocrx_word' id='word_1_211' title='bbox 433 3043 644 3130; x_wconf 69' lang='lat' dir='ltr'>hujuscemodi</span> <span class='ocrx_word' id='word_1_212' title='bbox 661 3045 992 3128; x_wconf 78' lang='lat' dir='ltr'>praevaricationibus</span> <span class='ocrx_word' id='word_1_213' title='bbox 1015 3047 1151 3110; x_wconf 89' lang='lat' dir='ltr'>omnium</span> 
     </span>
     <span class='ocr_line' id='line_1_28' title="bbox 45 3139 1151 3230; baseline 0.004 -25"><span class='ocrx_word' id='word_1_214' title='bbox 45 3151 202 3205; x_wconf 75' lang='lat' dir='ltr'>uestrorum</span> <span class='ocrx_word' id='word_1_215' title='bbox 218 3141 383 3206; x_wconf 84' lang='lat' dir='ltr'>sanctitati</span> <span class='ocrx_word' id='word_1_216' title='bbox 398 3139 637 3226; x_wconf 65' lang='lat' dir='ltr'>cumjacente,</span> <span class='ocrx_word' id='word_1_217' title='bbox 656 3143 815 3205; x_wconf 75' lang='lat' dir='ltr'>verissim</span> <span class='ocrx_word' id='word_1_218' title='bbox 830 3143 1062 3223; x_wconf 87' lang='lat' dir='ltr'>denuntiamus,</span> <span class='ocrx_word' id='word_1_219' title='bbox 1075 3148 1151 3230; x_wconf 88' lang='lat' dir='ltr'>quia</span> 
     </span>
     <span class='ocr_line' id='line_1_29' title="bbox 40 3238 1151 3320; baseline 0.007 -22"><span class='ocrx_word' id='word_1_220' title='bbox 40 3249 107 3320; x_wconf 86' lang='lat' dir='ltr'>post</span> <span class='ocrx_word' id='word_1_221' title='bbox 126 3239 319 3302; x_wconf 61' lang='lat' dir='ltr'>anismam</span> <span class='ocrx_word' id='word_1_222' title='bbox 341 3238 444 3303; x_wconf 88' lang='lat' dir='ltr'>nostri</span> <span class='ocrx_word' id='word_1_223' title='bbox 466 3239 623 3302; x_wconf 73' lang='lat' dir='ltr'>examinis</span> <span class='ocrx_word' id='word_1_224' title='bbox 647 3239 904 3304; x_wconf 81' lang='lat' dir='ltr'>deliberationem</span> <span class='ocrx_word' id='word_1_225' title='bbox 928 3265 983 3305; x_wconf 90' lang='lat' dir='ltr'>nec</span> <span class='ocrx_word' id='word_1_226' title='bbox 1006 3243 1151 3307; x_wconf 85' lang='lat' dir='ltr'>Pbotium</span> 
     </span>
     <span class='ocr_line' id='line_1_30' title="bbox 44 3336 1150 3430; baseline 0.01 -36"><span class='ocrx_word' id='word_1_227' title='bbox 44 3337 216 3422; x_wconf 82' lang='lat' dir='ltr'>recipimus,</span> <span class='ocrx_word' id='word_1_228' title='bbox 248 3359 304 3400; x_wconf 90' lang='lat' dir='ltr'>nec</span> <span class='ocrx_word' id='word_1_229' title='bbox 327 3336 486 3421; x_wconf 80' lang='lat' dir='ltr'>lpnatiurn</span> <span class='ocrx_word' id='word_1_230' title='bbox 502 3337 722 3423; x_wconf 81' lang='lat' dir='ltr'>patriarcbom</span> <span class='ocrx_word' id='word_1_231' title='bbox 746 3337 949 3419; x_wconf 86' lang='lat' dir='ltr'>damnamus,</span> <span class='ocrx_word' id='word_1_232' title='bbox 979 3363 1036 3404; x_wconf 89' lang='lat' dir='ltr'>nec</span> <span class='ocrx_word' id='word_1_233' title='bbox 1051 3344 1150 3430; x_wconf 87' lang='lat' dir='ltr'>jussi·</span> 
     </span>
     <span class='ocr_line' id='line_1_31' title="bbox 47 3435 1151 3523; baseline 0.01 -31"><span class='ocrx_word' id='word_1_234' title='bbox 47 3455 120 3512; x_wconf 83' lang='lat' dir='ltr'>mus,</span> <span class='ocrx_word' id='word_1_235' title='bbox 147 3459 202 3498; x_wconf 84' lang='lat' dir='ltr'>nee</span> <span class='ocrx_word' id='word_1_236' title='bbox 226 3437 451 3512; x_wconf 84' lang='lat' dir='ltr'>consensimus,</span> <span class='ocrx_word' id='word_1_237' title='bbox 481 3456 536 3498; x_wconf 87' lang='lat' dir='ltr'>nee</span> <span class='ocrx_word' id='word_1_238' title='bbox 559 3446 664 3498; x_wconf 85' lang='lat' dir='ltr'>rutum</span> <span class='ocrx_word' id='word_1_239' title='bbox 687 3435 898 3523; x_wconf 76' lang='lat' dir='ltr'>bujusmmodi</span> <span class='ocrx_word' id='word_1_240' title='bbox 920 3437 1151 3503; x_wconf 87' lang='lat' dir='ltr'>ordinationem</span> 
     </span>
     <span class='ocr_line' id='line_1_32' title="bbox 47 3529 1151 3622; baseline 0.009 -32"><span class='ocrx_word' id='word_1_241' title='bbox 47 3529 90 3592; x_wconf 81' lang='lat' dir='ltr'>rel</span> <span class='ocrx_word' id='word_1_242' title='bbox 108 3532 306 3596; x_wconf 69' lang='lat' dir='ltr'>indiscretam</span> <span class='ocrx_word' id='word_1_243' title='bbox 326 3533 554 3619; x_wconf 83' lang='lat' dir='ltr'>depositionem</span> <span class='ocrx_word' id='word_1_244' title='bbox 567 3555 692 3596; x_wconf 87' lang='lat' dir='ltr'>monere</span> <span class='ocrx_word' id='word_1_245' title='bbox 701 3533 896 3622; x_wconf 70' lang='lat' dir='ltr'>judicamua</span> <span class='ocrx_word' id='word_1_246' title='bbox 919 3536 1151 3621; x_wconf 84' lang='lat' dir='ltr'>nequeflrmom</span> 
     </span>
    </p>
   </div>
   <div class='ocr_carea' id='block_1_3' title="bbox 39 3625 1151 4113">
    <p class='ocr_par' dir='ltr' id='par_1_4' title="bbox 39 3625 1151 4113">
     <span class='ocr_line' id='line_1_33' title="bbox 43 3625 1150 3720; baseline 0.01 -33"><span class='ocrx_word' id='word_1_247' title='bbox 43 3625 148 3712; x_wconf 80' lang='lat' dir='ltr'>absque</span> <span class='ocrx_word' id='word_1_248' title='bbox 170 3635 278 3720; x_wconf 60' lang='lat' dir='ltr'>pastae</span> <span class='ocrx_word' id='word_1_249' title='bbox 306 3629 499 3716; x_wconf 77' lang='lat' dir='ltr'>definitionis</span> <span class='ocrx_word' id='word_1_250' title='bbox 523 3629 706 3694; x_wconf 83' lang='lat' dir='ltr'>liberamine</span> <span class='ocrx_word' id='word_1_251' title='bbox 729 3631 795 3696; x_wconf 84' lang='lat' dir='ltr'>uilo</span> <span class='ocrx_word' id='word_1_252' title='bbox 819 3631 910 3696; x_wconf 90' lang='lat' dir='ltr'>modo</span> <span class='ocrx_word' id='word_1_253' title='bbox 934 3637 1150 3713; x_wconf 67' lang='lat' dir='ltr'>consentimus,</span> 
     </span>
     <span class='ocr_line' id='line_1_34' title="bbox 47 3727 1151 3818; baseline 0.01 -32"><span class='ocrx_word' id='word_1_254' title='bbox 47 3745 96 3786; x_wconf 83' lang='lat' dir='ltr'>nec</span> <span class='ocrx_word' id='word_1_255' title='bbox 109 3727 259 3813; x_wconf 80' lang='lat' dir='ltr'>lprsutium</span> <span class='ocrx_word' id='word_1_256' title='bbox 281 3727 427 3792; x_wconf 83' lang='lat' dir='ltr'>uidelicet</span> <span class='ocrx_word' id='word_1_257' title='bbox 446 3729 665 3815; x_wconf 76' lang='lat' dir='ltr'>patriarcham</span> <span class='ocrx_word' id='word_1_258' title='bbox 688 3731 771 3793; x_wconf 90' lang='lat' dir='ltr'>inter</span> <span class='ocrx_word' id='word_1_259' title='bbox 794 3731 952 3816; x_wconf 85' lang='lat' dir='ltr'>depositos</span> <span class='ocrx_word' id='word_1_260' title='bbox 969 3743 1151 3818; x_wconf 87' lang='lat' dir='ltr'>reputamus</span> 
     </span>
     <span class='ocr_line' id='line_1_35' title="bbox 47 3825 1150 3915; baseline 0.007 -27"><span class='ocrx_word' id='word_1_261' title='bbox 47 3843 133 3906; x_wconf 74' lang='lat' dir='ltr'>nepte</span> <span class='ocrx_word' id='word_1_262' title='bbox 159 3825 387 3912; x_wconf 85' lang='lat' dir='ltr'>reputabimus,</span> <span class='ocrx_word' id='word_1_263' title='bbox 420 3825 477 3889; x_wconf 83' lang='lat' dir='ltr'>sed</span> <span class='ocrx_word' id='word_1_264' title='bbox 508 3848 564 3889; x_wconf 91' lang='lat' dir='ltr'>nec</span> <span class='ocrx_word' id='word_1_265' title='bbox 594 3827 741 3889; x_wconf 82' lang='lat' dir='ltr'>Plotium</span> <span class='ocrx_word' id='word_1_266' title='bbox 770 3830 804 3892; x_wconf 86' lang='lat' dir='ltr'>in</span> <span class='ocrx_word' id='word_1_267' title='bbox 836 3829 1011 3915; x_wconf 85' lang='lat' dir='ltr'>episcopali</span> <span class='ocrx_word' id='word_1_268' title='bbox 1039 3831 1150 3896; x_wconf 88' lang='lat' dir='ltr'>ordine</span> 
     </span>
     <span class='ocr_line' id='line_1_36' title="bbox 44 3923 1150 4018; baseline 0.011 -37"><span class='ocrx_word' id='word_1_269' title='bbox 44 3943 274 3989; x_wconf 85' lang='lat' dir='ltr'>annurseramus</span> <span class='ocrx_word' id='word_1_270' title='bbox 296 3945 352 3988; x_wconf 89' lang='lat' dir='ltr'>nec</span> <span class='ocrx_word' id='word_1_271' title='bbox 375 3923 659 3988; x_wconf 84' lang='lat' dir='ltr'>annumerabimus.</span> <span class='ocrx_word' id='word_1_272' title='bbox 684 3974 742 3989; x_wconf 92' lang='lat'>...</span> <span class='ocrx_word' id='word_1_273' title='bbox 767 3927 809 3988; x_wconf 85' lang='lat' dir='ltr'>Et</span> <span class='ocrx_word' id='word_1_274' title='bbox 831 3937 867 3989; x_wconf 90' lang='lat' dir='ltr'>ut</span> <span class='ocrx_word' id='word_1_275' title='bbox 885 3948 939 3991; x_wconf 90' lang='lat' dir='ltr'>uos</span> <span class='ocrx_word' id='word_1_276' title='bbox 952 3929 1043 4018; x_wconf 85' lang='lat' dir='ltr'>bajus</span> <span class='ocrx_word' id='word_1_277' title='bbox 1058 3927 1150 3993; x_wconf 77' lang='lat' dir='ltr'>Sedis</span> 
     </span>
     <span class='ocr_line' id='line_1_37' title="bbox 39 4019 1150 4113; baseline 0.012 -36"><span class='ocrx_word' id='word_1_278' title='bbox 39 4019 229 4106; x_wconf 77' lang='lat' dir='ltr'>prioileqium</span> <span class='ocrx_word' id='word_1_279' title='bbox 252 4025 314 4086; x_wconf 88' lang='lat' dir='ltr'>rite</span> <span class='ocrx_word' id='word_1_280' title='bbox 337 4033 507 4099; x_wconf 84' lang='lat' dir='ltr'>seruantes,</span> <span class='ocrx_word' id='word_1_281' title='bbox 526 4023 607 4108; x_wconf 88' lang='lat' dir='ltr'>pori</span> <span class='ocrx_word' id='word_1_282' title='bbox 621 4021 771 4110; x_wconf 77' lang='lat' dir='ltr'>reiiqione</span> <span class='ocrx_word' id='word_1_283' title='bbox 787 4023 940 4104; x_wconf 77' lang='lat' dir='ltr'>catholici,</span> <span class='ocrx_word' id='word_1_284' title='bbox 958 4028 1040 4113; x_wconf 87' lang='lat' dir='ltr'>pari</span> <span class='ocrx_word' id='word_1_285' title='bbox 1055 4028 1150 4091; x_wconf 89' lang='lat' dir='ltr'>etiam</span> 
     </span>
    </p>
   </div>
   <div class='ocr_carea' id='block_1_4' title="bbox 58 4149 244 4166">
    <p class='ocr_par' dir='ltr' id='par_1_5' title="bbox 58 4149 244 4166">
     <span class='ocr_line' id='line_1_38' title="bbox 58 4149 244 4166; baseline 0.005 -1"><span class='ocrx_word' id='word_1_286' title='bbox 58 4149 244 4166; x_wconf 45' lang='grc' dir='ltr'>-ῇ-</span> 
     </span>
    </p>
   </div>
   <div class='ocr_carea' id='block_1_5' title="bbox 86 4220 1044 4372">
    <p class='ocr_par' dir='ltr' id='par_1_6' title="bbox 86 4220 1044 4372">
     <span class='ocr_line' id='line_1_39' title="bbox 117 4220 761 4294; baseline 0.002 -17"><span class='ocrx_word' id='word_1_287' title='bbox 117 4220 134 4286; x_wconf 76' lang='lat'>¹)</span> <span class='ocrx_word' id='word_1_288' title='bbox 150 4221 231 4290; x_wconf 72' lang='lat' dir='ltr'>Epist.</span> <span class='ocrx_word' id='word_1_289' title='bbox 252 4225 297 4278; x_wconf 84' lang='lat'>13·</span> <span class='ocrx_word' id='word_1_290' title='bbox 319 4223 353 4278; x_wconf 89' lang='lat' dir='ltr'>ad</span> <span class='ocrx_word' id='word_1_291' title='bbox 372 4223 478 4294; x_wconf 78' lang='lat' dir='ltr'>Ignat3</span> <span class='ocrx_word' id='word_1_292' title='bbox 499 4223 589 4280; x_wconf 65' lang='lat' dir='ltr'>[nabbe</span> <span class='ocrx_word' id='word_1_293' title='bbox 608 4225 681 4280; x_wconf 85' lang='lat' dir='ltr'>Viti.</span> <span class='ocrx_word' id='word_1_294' title='bbox 701 4225 761 4280; x_wconf 87' lang='lat'>381.</span> 
     </span>
     <span class='ocr_line' id='line_1_40' title="bbox 86 4310 1044 4372; baseline 0.001 -11"><span class='ocrx_word' id='word_1_295' title='bbox 86 4310 193 4364; x_wconf 68' lang='lat' dir='ltr'>&#39;usura</span> <span class='ocrx_word' id='word_1_296' title='bbox 207 4317 382 4360; x_wconf 61' lang='lat' dir='ltr'>anamnesis.</span> <span class='ocrx_word' id='word_1_297' title='bbox 397 4317 455 4360; x_wconf 77' lang='lat' dir='ltr'>rou.</span> <span class='ocrx_word' id='word_1_298' title='bbox 476 4318 511 4362; x_wconf 83' lang='lat' dir='ltr'>ru.</span> <span class='ocrx_word' id='word_1_299' title='bbox 1009 4319 1044 4372; x_wconf 73' lang='lat'>23</span> 
     </span>
    </p>
   </div>
   <div class='ocr_carea' id='block_1_6' title="bbox 0 0 1470 4836">
    <p class='ocr_par' dir='ltr' id='par_1_7' title="bbox 0 0 1470 4836">
     <span class='ocr_line' id='line_1_41' title="bbox 0 0 1470 4836; baseline 0 1"><span class='ocrx_word' id='word_1_300' title='bbox 0 0 1470 4836; x_wconf 95' lang='lat' dir='ltr'> </span> 
     </span>
    </p>
   </div>
  </div>
 </body>
</html>
