2962 4840
104 1170 244 1214 titurCaro
172 1171 244 1214 seara

274 461 326 516 100
525 461 599 518 XIV.
617 463 658 518 De
676 461 750 518 civili
768 463 801 517 R.
820 463 961 520 Pontificis
977 465 1142 537 principatu.

274 604 431 670 ducatum
454 606 651 690 Romanum,
685 615 784 694 atque
816 631 836 672 a
859 608 1017 674 Romanis
1039 610 1230 696 postsdavit,
1254 623 1291 678 ut
1313 615 1396 680 Tra-

274 704 447 768 simundus
470 702 540 767 dux
563 705 626 790 ipsi
650 704 843 771 traderetur.
892 705 989 787 Quod
1014 730 1116 794 quum
1139 709 1188 774 illi
1212 711 1321 778 facere
1344 735 1397 777 re-

275 810 452 886 cusassent,
466 799 693 887 Luitprandus
717 801 840 868 bellum
864 813 978 869 contra
999 805 1165 872 Romanos
1188 821 1395 896 prosecutus,

275 906 415 983 quatuor
438 898 571 963 castella
595 899 734 965 ducatus
763 901 914 985 Romani,
948 902 1128 987 Ameriam,
1152 905 1285 992 Hamas,
1308 909 1397 975 Poli-

275 997 430 1061 martium
454 1005 487 1061 et
508 997 642 1062 Bleram
666 1000 842 1085 occupavit
864 1001 1070 1087 Romamque
1094 1002 1267 1092 obsedic).

105 1107 214 1152 susum
230 1123 266 1163 re
364 1095 417 1160 23.
441 1094 518 1159 Istis
545 1097 646 1181 igitur
669 1097 703 1162 in
736 1096 902 1183 adjunctis
926 1097 1106 1184 Gregorius
1128 1100 1190 1184 III,
1215 1123 1318 1188 quum
1342 1125 1392 1166 re-

133 1233 238 1276 mlo
245 1173 436 1279 ¹0pellendis
464 1191 613 1258 hostibus
636 1194 865 1280 Longobardis
895 1219 930 1261 se
957 1198 1118 1282 imparem
1141 1203 1337 1284 persentiret
1362 1213 1401 1265 et

276 1293 366 1357 omni
389 1314 446 1378 spe
470 1291 656 1377 accipiendi
689 1294 805 1358 auxilii
830 1293 872 1358 ab
901 1295 1103 1381 Imperatore
1126 1295 1254 1362 Orient'
1231 1307 1272 1364 trs
1297 1300 1396 1365 desti-

192 1419 195 1424 ·
274 1398 364 1454 tutus
388 1399 481 1471 esset,
506 1412 523 1454 e
546 1391 633 1453 votis
656 1411 830 1474 procerum
845 1390 1069 1456 Romanorum
1094 1414 1164 1458 esse
1188 1397 1232 1462 ad
1246 1397 1398 1462 Francos

274 1489 374 1552 vertit
410 1509 589 1574 eorumque
624 1509 720 1574 opem
756 1488 956 1574 imploravit.
1002 1489 1080 1555 Jam
1115 1493 1193 1557 inde
1226 1493 1268 1559 ab
1298 1495 1397 1560 initio

274 1595 424 1650 motuum
448 1584 578 1650 illorum
601 1585 815 1650 Anastasium
849 1589 1040 1674 episcopum
1074 1597 1106 1652 et
1130 1589 1282 1675 Sergium
1305 1613 1397 1677 pres-

275 1683 429 1769 byterum
460 1683 597 1748 solemni
629 1683 794 1769 legatione
828 1685 919 1749 misit
948 1685 990 1750 ad
1016 1685 1171 1751 Carolum
1194 1689 1396 1771 Martellnm,

276 1783 332 1870 qui
347 1791 427 1846 tunc
443 1805 509 1869 qua
530 1781 715 1867 praefectus
738 1781 852 1868 palatii
877 1805 935 1848 seu
949 1782 1174 1869 Majordomus
1189 1786 1396 1851 Francorum

277 1903 328 1946 res
343 1880 586 1962 moderabatur,
603 1889 636 1944 et
658 1879 699 1945 ob
724 1880 873 1946 devictos
896 1882 1041 1946 maxime
1056 1881 1238 1948 Saracenos
1254 1883 1296 1972 (a.
1314 1884 1397 1971 732)

276 1978 320 2044 ad
344 1978 474 2044 culmen
496 1978 621 2064 gloriae
644 2001 684 2042 ac
699 1979 869 2064 potestatis
891 1990 1098 2064 pervenerat.
1144 1979 1231 2045 Eum
1255 1981 1398 2046 obtesta-

277 2077 330 2142 fus
354 2086 404 2140 est
426 2077 526 2142 etiam
549 2076 665 2142 litteris
688 2075 865 2160 adjunctis,
889 2085 926 2139 ut
941 2075 1110 2141 Ecclesiae
1134 2088 1167 2143 et
1190 2078 1272 2144 Urbi
1297 2099 1396 2165 opem

277 2185 386 2241 terret.
446 2173 583 2240 Carolus
615 2173 749 2261 quidem
776 2173 974 2259 legationem
1013 2197 1132 2260 magno
1161 2197 1237 2241 curn
1270 2176 1398 2242 honore

275 2397 448 2468 Spoientinus
470 2400 499 2451 et
522 2395 739 2451 Beneventanus.
775 2394 827 2449 Sed
849 2395 938 2450 omnia
960 2395 1098 2451 mendacia
1123 2403 1194 2452 sunt.
1238 2397 1298 2452 Non
1322 2395 1394 2454 emm

275 2494 323 2548 pro
342 2478 403 2543 alio,
424 2509 456 2516 -
476 2475 629 2531 satisfaciat
646 2481 675 2530 te
693 2473 804 2540 veritas,
825 2474 871 2541 fili,
891 2507 925 2514 -
938 2475 1043 2530 eosdem
1062 2478 1142 2531 duces
1160 2477 1332 2546 persequitur
1350 2493 1396 2532 ce·

275 2558 370 2627 pitulo,
398 2557 451 2612 nisi
478 2573 524 2626 pro
552 2571 590 2622 eo,
618 2555 688 2623 quod
705 2555 851 2610 noluerunt
877 2556 1025 2623 praeterito
1052 2571 1123 2611 anno
1141 2557 1175 2612 de
1192 2558 1249 2612 suis
1267 2557 1394 2626 partibus

276 2654 356 2707 super
374 2653 422 2692 nos
439 2637 547 2694 imuero
565 2642 601 2702 et,
620 2637 692 2691 sicut
709 2634 752 2690 illi
769 2635 903 2700 iecerunt,
915 2651 958 2690 ras
977 2641 1131 2692 sanctorum
1149 2637 1330 2706 apostoloram
1348 2639 1396 2694 de·

276 2725 381 2774 struere
394 2723 423 2772 et
434 2716 597 2787 peculiarem
608 2717 736 2786 populum
754 2716 931 2786 depraedata
948 2715 991 2770 its
1002 2715 1122 2772 dicentes
1131 2717 1184 2786 ipsi
1195 2718 1288 2773 duces:
1321 2719 1395 2788 Quia

276 2804 372 2854 contra
390 2799 524 2852 ecckaom
549 2802 672 2850 sancta-m
700 2796 756 2850 Dei
778 2795 889 2864 ejusque
903 2797 1038 2866 populum
1059 2799 1226 2864 peculares
1244 2815 1299 2852 noa
1319 2814 1396 2851 eser-

275 2878 407 2944 citamus;
425 2876 552 2945 quondam
570 2879 715 2942 etpactum
733 2891 793 2928 cam
807 2873 988 2942 asbabemaa
1009 2880 1034 2928 et
1052 2891 1086 2929 ea
1104 2875 1168 2944 ipsa
1185 2877 1294 2932 ecclesia
1313 2877 1395 2943 fidon

277 2957 434 3024 accepimus.
462 2955 579 3022 Ideoque
587 2970 677 3009 mucro
689 2969 781 3010 eorum
790 2952 913 3009 desaevit
923 2959 1017 3010 contra
1026 2971 1079 3010 eoa
1107 2953 1176 3011 Nam
1191 2956 1243 3023 ipsi
1261 2957 1396 3025 praedicti

276 3035 355 3090 duces
379 3036 470 3105 parati
492 3035 605 3091 fuerunt
631 3040 758 3100 etcum,
782 3035 927 3090 secundum
951 3036 1092 3102 antiquam
1116 3033 1396 3092 annominemus

276 3116 390 3172 obedire.
427 3117 478 3172 Sed
500 3115 548 3180 illi,
575 3115 726 3170 retinentes
753 3115 822 3169 iram
848 3130 896 3182 pro
924 3131 955 3172 ao
974 3117 1043 3182 quod
1061 3117 1184 3185 superius
1203 3115 1326 3182 diximus,
1346 3133 1396 3186 per

275 3196 439 3263 exquisitam
458 3195 622 3250 occmionem
639 3195 760 3250 solentes
778 3195 839 3250 illos
857 3201 887 3250 et
904 3211 952 3249 nos
970 3197 1109 3251 destruere
1126 3202 1156 3251 et
1174 3195 1315 3262 invadere,
1334 3197 1396 3253 ideo

276 3281 403 3342 utrosque
425 3281 630 3345 persequentes,
655 3280 762 3330 assuas
786 3275 903 3329 bonitati
926 3281 1081 3344 suggerunt
1099 3277 1184 3331 falsa:
1216 3283 1248 3331 ut
1267 3281 1296 3331 et
1313 3278 1395 3333 duces

276 3355 336 3411 illos
353 3355 532 3412 nobilissimos
550 3357 713 3426 degradent,
733 3363 762 3412 et
783 3371 844 3410 snos
872 3353 971 3410 ibidem
989 3371 1086 3424 pravos
1104 3355 1230 3412 ordinent
1247 3357 1336 3424 duces,
1367 3363 1396 3413 et

276 3436 361 3491 multo
379 3437 495 3506 amplius
513 3436 633 3503 quotidie
651 3454 685 3492 ex
703 3436 774 3491 omni
793 3441 872 3506 parte
890 3435 939 3491 Dei
964 3436 1102 3492 ecclesiam
1121 3443 1286 3506 expugnent,
1305 3442 1334 3492 et
1352 3454 1398 3494 res

276 3515 350 3572 beati
368 3517 444 3572 Petri
462 3518 590 3585 principis
615 3518 795 3586 apostolorum
820 3516 952 3584 dissipent
977 3521 1059 3584 atque
1082 3517 1209 3586 populum
1232 3517 1395 3585 peurliarem

277 3597 442 3666 captivent
479 3599 513 3654 V.
533 3599 622 3653 Codex
641 3598 783 3653 carolinus
803 3613 842 3666 ep.
862 3599 886 3654 2.
906 3597 979 3650 Edit
999 3595 1077 3651 Jaffe.
1097 3613 1121 3665 p.
1145 3601 1186 3654 15.
1206 3629 1240 3637 —
1259 3597 1314 3652 Cir.
1327 3599 1396 3654 Bru·

275 3692 366 3746 nengo
392 3676 431 3734 Le
450 3677 557 3746 Origini
575 3683 626 3734 etc
644 3695 686 3748 pp.
708 3679 742 3733 67
764 3693 836 3746 sqq.;
863 3677 950 3731 Balan
969 3676 1060 3731 Storia
1077 3675 1202 3743 d'ltalia,
1220 3677 1279 3732 Vol.
1303 3677 1341 3732 II.
1365 3680 1396 3735 L.

276 3757 356 3814 xm.
368 3775 394 3812 n.
414 3758 491 3824 X1V3
509 3758 793 3824 Rohrbacher·Kelier‚
812 3758 843 3813 B.
863 3758 910 3812 XI.
931 3757 957 3813 S.
978 3759 1029 3812 176
1048 3755 1075 3812 ff.

352 3838 371 3908 ¹)
390 3837 424 3893 V.
442 3839 537 3894 Anast.
556 3839 585 3894 in
611 3839 679 3894 Vita
697 3838 843 3893 Zachariae
869 3837 902 3894 R.
922 3836 952 3892 P.
977 3837 1064 3904 „Dum
1082 3853 1099 3890 a
1116 3837 1320 3906 praedecessore
1338 3839 1398 3908 aius

277 3917 373 3973 beatae
391 3920 534 3974 memoriae
559 3919 690 3988 Gregorio
709 3919 791 3986 Papa,
820 3923 903 3985 atque
921 3917 955 3972 ab
974 3916 1109 3985 Stephano
1129 3917 1262 3984 quondam
1280 3920 1399 3988 patricio

263 4003 305 4053 et
323 3997 396 4064 duce,
424 4000 469 4054 vel
496 4001 566 4056 omni
594 4000 714 4056 exercitu
741 3999 861 4053 Romano
889 3998 1043 4068 praedictus
1061 3997 1255 4054 Trasimundus
1274 4001 1398 4056 redditus

277 4093 331 4131 non
349 4077 453 4146 fuisset,
473 4080 624 4136 obsessione
642 4081 716 4134 iacta
733 4095 781 4148 pro
800 4095 831 4134 eo
855 4078 889 4134 ab
908 4078 1000 4133 eodem
1018 4093 1083 4147 rege
1101 4077 1209 4132 ablatae
1226 4085 1292 4133 sunt
1311 4097 1328 4135 a
1346 4082 1398 4135 Ro

276 4159 475 4295 qrssqppucatu
493 4161 620 4216 ciuitates
639 4165 762 4227 quatuor,
781 4159 809 4213 id
834 4165 878 4213 est
895 4158 1013 4224 Amana,
1032 4157 1140 4223 Hortas,
1160 4155 1351 4216 Polimartium
1370 4167 1399 4215 et
