2932 4836
292 475 352 530 eat
454 476 527 530 XVI.
565 477 669 532 Cumae
685 475 803 531 celebres
822 484 851 530 et
869 477 1023 532 Decretales
1042 476 1265 532 Pseudo-Isidori.

293 619 389 682 'tione
413 619 503 681 etin
528 617 657 701 juribus
679 619 834 684 Pontifici
858 619 1006 684 Romano
1038 627 1071 682 et
1092 619 1246 703 potestati
1271 617 1415 684 ecclesia·
1455 695 1456 700 γ

299 717 402 780 eticae
425 716 702 782 convenientibus
729 715 827 802 plane
850 716 1037 801 legitimum
1059 714 1206 781 habebat
1227 715 1413 782 fundamen·

293 823 389 898 tum,
422 835 462 878 ac
495 824 681 900 temporum
704 815 897 898 indigentiis
920 813 1150 880 conveniebat.
1197 813 1261 878 Vel
1284 835 1329 878 ex
1352 815 1415 899 ipsa

298 910 390 976 facili
413 911 613 977 admissione
637 911 867 976 Decretalium
890 911 1169 978 Pseudo-Isidori
1192 911 1257 979 hoc
1275 912 1352 998 jure
1375 913 1416 974 in-

297 1009 411 1075 fertur.
454 1009 649 1092 „Quomodo
674 1009 800 1074 scilicet
822 1032 916 1075 secus
939 1011 1011 1074 fieri
1035 1012 1208 1096 potuisset,
1231 1012 1280 1076 ita
1304 1011 1414 1074 merito

299 1106 337 1172 O.
361 1108 413 1172 De
443 1107 558 1172 Smedt
592 1109 719 1192 arguit,
756 1117 792 1172 ut
826 1110 1008 1174 sententiae
1043 1130 1083 1174 ac
1117 1107 1252 1194 regulae
1286 1107 1416 1172 omnino

299 1227 424 1287 novae,
453 1226 538 1291 quae
561 1207 756 1271 evertissent
780 1228 819 1272 ea
842 1207 929 1293 quae
951 1229 1010 1292 per
1033 1207 1226 1274 diuturnam
1250 1217 1417 1272 consuetu-

294 1303 412 1370 dinem
435 1303 525 1389 apud
548 1324 663 1368 omnes
695 1314 829 1390 recepta
853 1314 962 1387 erent,
993 1314 1026 1369 et
1049 1305 1231 1370 contrarias
1255 1302 1417 1370 doctrinas

294 1402 550 1486 oppositumque
573 1403 704 1487 praxim
727 1411 888 1488 tauquam
912 1401 997 1468 solas
1027 1424 1124 1468 veras
1154 1411 1188 1466 et
1209 1403 1417 1487 antiquorum

294 1500 494 1563 auctoritate
527 1499 658 1564 fulcitae
681 1503 945 1586 proposuissent,
981 1500 1071 1565 haud
1103 1500 1321 1586 rejicerentur
1349 1519 1417 1564 cum
1455 1507 1456 1570 l

300 1595 530 1681 indignatione
552 1606 712 1683 tanquam
735 1619 824 1664 nova
848 1607 881 1662 et
903 1599 1073 1680 inaudita,
1106 1599 1165 1664 sed
1187 1597 1349 1664 facillime
1369 1595 1418 1662 ad·

300 1695 524 1759 mitterentur:
557 1696 658 1761 etiam
690 1695 798 1760 abiis
831 1717 971 1782 quorum
996 1696 1142 1762 consiliis
1175 1697 1238 1762 ista
1269 1695 1419 1760 adversa·
1455 1705 1456 1740 i

298 1791 444 1856 bantur?
495 1792 689 1858 Universim
724 1796 813 1858 enim
846 1793 922 1858 illae
962 1793 1159 1880 disciplinae
1191 1795 1419 1880 dispositiones

298 1891 397 1956 facile
420 1901 572 1976 receptae
595 1900 687 1975 sunt,
712 1901 839 1956 tanturn
865 1892 1069 1958 Hinomarus
1091 1892 1288 1958 Rbemensis
1312 1901 1346 1954 et
1367 1890 1418 1974 qui
1455 1881 1456 1960 l

296 2009 377 2052 eum
400 1989 612 2054 sectabantur
644 1989 860 2055 ostenderunt
892 1990 1072 2076 quamdam
1096 1990 1356 2076 oppositionem,
1388 1990 1418 2052 in

297 2109 366 2170 qua
389 2101 500 2151 tamen
524 2097 558 2150 et
580 2089 644 2172 ipsi
669 2087 732 2153 sibi
757 2109 874 2174 perum
893 2087 1098 2154 constabant.
1114 2125 1158 2136 --
1173 2085 1297 2152 Facilis
1312 2095 1418 2150 autem
1455 2083 1456 2090 '

299 2183 383 2248 haec
400 2186 545 2270 receptio
564 2183 776 2252 Oolleetiouis
791 2185 1055 2251 Pseudo-Isidori
1075 2195 1109 2252 et
1125 2183 1323 2270 disciplinae
1340 2203 1419 2269 quae

299 2283 335 2345 in
358 2303 397 2346 ea
421 2284 617 2364 continetur,
642 2284 721 2348 inde
745 2285 895 2370 apprime
918 2282 1113 2369 explicetur,
1137 2281 1227 2369 quod
1252 2282 1417 2346 doctrinae
1455 2285 1456 2364 l

298 2389 333 2444 et
354 2380 520 2466 principia
551 2383 585 2444 in
618 2404 658 2445 ea
680 2384 848 2468 proposita
878 2403 945 2447 non
968 2390 1080 2446 essent
1107 2401 1195 2445 nova
1225 2389 1257 2444 et
1285 2389 1416 2444 eatenus

299 2478 466 2560 inaudita3
502 2479 560 2543 sed
593 2481 642 2544 uti
675 2481 901 2545 constitutioni
931 2479 1102 2544 Ecclesiae
1132 2477 1343 2559 nitebantur,
1375 2479 1415 2540 ita
1455 2473 1456 2558 l

299 2597 430 2663 quoque
449 2576 519 2661 jam
546 2579 677 2663 saepius
701 2577 828 2662 prolata
852 2587 884 2642 et
907 2577 1058 2642 adhibita
1082 2578 1116 2640 in
1139 2578 1246 2662 praxi,
1270 2575 1416 2660 adeoque
1455 2593 1456 2664 p

298 2673 414 2739 saltem
438 2675 573 2742 confuse
592 2676 664 2760 jam
689 2685 725 2738 ut
741 2676 911 2762 principia
927 2676 1014 2762 juris
1038 2673 1252 2740 ecclesiastici
1275 2671 1415 2737 admissa

296 2782 400 2836 eraut.
447 2772 537 2838 Hinc
567 2795 665 2838 nemo
690 2775 827 2839 miratus
850 2784 915 2856 cst,
947 2773 1026 2839 talia
1049 2773 1091 2838 ab
1116 2772 1261 2859 antiquis
1285 2769 1415 2836 Pontifi·
1455 2811 1456 2862 p

296 2870 391 2936 cibus
415 2871 516 2936 fuisse
538 2871 731 2957 prolata.“¹)

387 2979 439 3043 73.
472 2977 547 3042 Non
572 2988 621 3042 est
653 3001 713 3043 cur
741 2978 916 3066 loquamur
947 2978 988 3043 de
1013 2971 1301 3064 dispositionibus,
1336 2995 1415 3060 quae
1455 3017 1456 3024 ,

291 3075 370 3162 jura
403 3075 572 3140 Ecclesiae
607 3087 722 3142 contra
754 3076 929 3141 arbitrium
961 3078 1152 3162 principum
1184 3083 1217 3138 ct
1247 3073 1414 3159 potestatis

295 3173 474 3238 saecularis
496 3175 688 3258 vindicant,
720 3175 778 3240 sed
802 3175 967 3262 quaedam
995 3173 1131 3261 juvabit
1153 3173 1342 3239 accmatius
1365 3192 1414 3234 ex·

295 3291 418 3356 ponere
441 3271 552 3357 quoad
576 3294 614 3337 ea
638 3274 759 3359 capita,
784 3295 869 3360 quae
885 3273 954 3339 RR.
971 3271 1171 3339 Pontificum
1188 3271 1414 3336 auctoritatem

122 3373 235 3478 miti·
249 3376 286 3418 πᾶ·
295 3377 457 3454 quantum
477 3369 520 3434 ad
544 3371 715 3456 episcopos
739 3370 949 3457 synodosque
970 3380 1129 3457 spectant.
1169 3367 1261 3434 Citra
1282 3365 1412 3432 modum
1455 3391 1456 3460 j

211 3447 277 3480 Μ’
295 3468 384 3530 enim
404 3487 475 3531 eam
494 3469 723 3534 auctoritatem
738 3471 772 3533 vi
790 3469 1002 3535 Collectionis
1017 3459 1222 3533 Isidorianae
1238 3465 1413 3552 amplifica·

294 3573 362 3628 tam
379 3587 460 3648 esse,
483 3567 566 3631 varii
583 3577 733 3632 auctores
749 3565 963 3634 contendunt.
1001 3566 1145 3648 Etenim,
1161 3565 1328 3652 inquiunt,
1346 3571 1411 3624 tum
1455 3561 1456 3564 ’

294 3663 476 3728 universim
511 3665 819 3732 Pseudo-Isidorus
855 3668 1011 3732 continuo
1047 3663 1160 3730 evehit
1192 3661 1411 3726 Romanorum
1455 3693 1456 3698 κ

294 3761 494 3827 Pontificum
518 3766 766 3844 auctoritatem,
797 3763 896 3829 etad
919 3785 993 3828 eam
1016 3759 1253 3828 recurrendum
1276 3781 1345 3824 ease
1368 3757 1410 3820 in-

295 3859 412 3942 culcat,
437 3861 571 3946 quando
596 3861 698 3926 dubia
722 3872 754 3926 et
778 3863 998 3926 dissensiones
1016 3859 1139 3925 alicubi
1159 3861 1321 3938 oriuntur,
1344 3865 1410 3919 tun

294 4015 507 4026 ——u-a—

369 4099 388 4171 ¹)
407 4099 440 4154 V.
460 4101 489 4155 O.
508 4101 549 4154 De
567 4099 659 4155 Suredt
684 4099 711 4154 in
731 4099 929 4156 Dissertatione
955 4099 1085 4170 (nondum
1110 4099 1184 4168 typis
1208 4090 1346 4168 impressa)
1368 4097 1408 4150 Dr

293 4181 444 4235 collectione
462 4181 647 4236 Dcerutabiam
671 4181 720 4234 aab
744 4181 852 4234 mutae
869 4181 973 4235 Iridori
990 4180 1155 4234 Metasoris
1178 4179 1308 4248 educta,
1333 4176 1359 4232 O.
1376 4175 1407 4228 X

293 4275 319 4313 n.
340 4260 400 4315 113.
419 4289 453 4300 -
473 4258 663 4328 Autegraphia
681 4259 889 4328 praelectionum
908 4260 972 4314 anni
993 4257 1178 4324 1867-1808,
1198 4275 1222 4327 p.
1244 4257 1303 4314 186.
