2932 4836
309 496 414 550 Causae
433 494 530 562 quibus
547 493 663 550 schisma
681 473 881 563 praeparatum.
1104 495 1157 548 329

56 636 164 722 rejecti.
209 637 300 718 Quid
324 637 455 719 mirum,
480 635 569 723 quod
588 635 708 701 Graeci
732 645 812 700 tunc
835 635 1040 702 tendentium
1064 658 1157 701 suam

56 735 231 820 polemicam
264 739 300 800 in
324 735 461 800 Latinos
493 743 675 814 verterent,
711 756 851 820 quorum
882 733 1047 819 theologia
1079 755 1156 800 mox

56 836 121 918 ipsis
142 836 295 919 apparuit
317 841 479 919 suspecta,
504 832 634 898 influxu
650 833 822 897 nationum
845 831 1093 918 peregrinarum
1117 854 1157 896 ac

55 931 251 996 barbararum
276 940 441 1016 corrupta,
465 941 498 994 et
521 930 620 994 devia
643 953 663 994 a
687 929 809 1014 regulis
833 927 1076 1015 Apostolorum.

129 1031 177 1094 13.
210 1029 251 1094 In
275 1029 458 1095 Occidente
482 1031 553 1114 ipsa
578 1027 753 1093 diversitas
776 1029 948 1092 nationum
973 1029 1330 1134 opportunaflpwrg

53 1139 116 1205 erat,
139 1137 175 1192 ut
193 1129 228 1192 in
245 1129 347 1192 variis
361 1126 551 1212 regionibus
576 1125 772 1212 disciplinae
788 1124 992 1210 theologicae
1009 1135 1041 1190 et
1055 1124 1156 1188 eccle·
1183 1104 1197 1133 ¹¹
1271 1104 1297 1134 ⁰⁸
1323 1123 1332 1133 '

53 1226 188 1290 suaficae
221 1223 357 1290 solerter
379 1233 616 1306 tractarentur,
650 1233 748 1310 atque
772 1225 907 1308 ingenia
934 1224 1036 1286 variis
1060 1243 1157 1308 quae·

52 1323 199 1388 itionibus
223 1333 466 1388 exercerentur.
512 1323 565 1386 Ita
588 1323 622 1386 in
646 1321 753 1402 Italia,
778 1325 812 1385 in
836 1343 937 1404 regno
952 1320 1156 1384 Francorum

51 1421 249 1506 amplissimo,
274 1422 307 1486 in
333 1421 507 1506 Hispania,
532 1422 568 1484 in
592 1419 714 1504 Anglia
738 1429 836 1504 atque
858 1419 1030 1500 Hibernia,
1055 1419 1157 1482 variis

52 1519 239 1604 temporibus
260 1520 353 1583 vario
377 1517 483 1602 gradu
500 1519 604 1582 vitam
625 1517 807 1602 quamdam
831 1516 983 1596 alacrem,
1009 1516 1156 1601 vigorem

51 1639 81 1680 ac
101 1619 262 1682 fervorem
279 1617 469 1681 invenimus
492 1616 527 1679 iu
543 1613 728 1700 disciplinis
745 1614 975 1679 ecclesiasticis
999 1611 1157 1698 profanis·

51 1737 101 1798 que
128 1714 335 1796 excolendis3
370 1715 586 1798 nationesque
608 1714 774 1776 recentius
803 1711 846 1776 ad
876 1711 1156 1776 christianismum

51 1835 212 1878 conversas
235 1812 441 1877 advertimus
462 1810 627 1892 sollicitas,
653 1819 689 1874 ut
710 1819 742 1874 et
761 1811 852 1896 ipsae
873 1809 1035 1873 thesauris
1055 1808 1158 1872 scien-

52 1913 155 1976 tiarum
178 1912 364 1997 potiantur,
399 1931 519 1994 eosque
543 1909 675 1992 ingenio
700 1930 759 1972 suo
787 1907 1048 1972 accommodent.
1094 1905 1156 1969 Ro-

52 2011 126 2072 mani
146 2008 324 2074 Pontifices
348 2028 427 2071 vero
451 2007 656 2072 auctoritatis
680 2028 758 2070 suae
783 2005 912 2070 influxu
935 2027 988 2070 res
1011 2004 1157 2068 modera-

51 2104 172 2187 bantur,
206 2115 306 2191 atque
330 2104 373 2168 ab
397 2103 563 2168 erroribus
595 2112 709 2188 gentes
733 2103 926 2169 Occidentis
957 2104 1067 2167 varias
1090 2111 1158 2166 tue·

50 2201 166 2269 bantur.
212 2203 377 2284 Quamvis
408 2211 519 2268 autem
543 2201 729 2267 Orientales
760 2200 944 2266 eruditione
978 2209 1011 2264 et
1032 2201 1157 2285 ingenii

51 2302 127 2365 cultu
158 2302 243 2366 forte
266 2299 503 2387 praecellerent
533 2297 697 2385 plerisque
722 2297 1010 2380 Occidentalibus,
1045 2298 1159 2383 vigore

51 2417 148 2464 tanen
172 2399 227 2464 illo
251 2420 291 2463 ao
307 2399 387 2480 rita,
412 2419 511 2483 quam
535 2399 570 2461 in
594 2396 743 2461 ecclesiis
758 2395 950 2463 Occidentis
965 2398 1158 2480 reperimus,

52 2498 171 2561 omnino
204 2495 373 2562 carebant.
427 2495 538 2560 Mente
571 2505 712 2578 angusta
746 2497 1018 2579 stagnationeque
1049 2492 1160 2578 rigida

52 2606 164 2658 tantum
198 2595 242 2660 ad
273 2594 452 2680 praeterita
484 2603 633 2678 tempora
663 2614 734 2656 sese
758 2593 947 2672 vertebant,
984 2593 1018 2656 in
1052 2591 1160 2676 iisque

52 2713 123 2774 qnae
146 2713 188 2754 ex
212 2691 358 2776 antiquis
382 2689 581 2774 colligebant
604 2691 701 2754 unice
725 2689 962 2772 versabantur3
996 2688 1157 2755 Occiden-

52 2788 121 2853 tales
143 2811 221 2854 vero
245 2788 355 2852 lutura
379 2810 509 2874 quoque
533 2787 786 2873 praeparabant,
811 2799 844 2852 et
865 2799 997 2873 recepta
1018 2785 1060 2850 ab
1075 2789 1159 2851 anti·

52 2888 114 2971 quis
135 2887 273 2951 ulterius
297 2884 450 2950 evolvere
474 2885 677 2971 satagebant.

131 2987 180 3050 14.
211 2983 286 3048 Hae
308 2995 437 3062 tamen,
473 3005 555 3069 quas
578 2985 820 3064 recensuimus,
845 2983 1066 3063 differentiae,
1100 3003 1162 3067 per

52 3103 80 3142 se
101 3083 244 3146 nondum
268 3091 362 3146 erant
385 3079 475 3162 tales,
501 3091 537 3144 ut
560 3082 669 3146 unitas
693 3079 863 3146 Ecclesiae
887 3079 977 3145 haud
999 3081 1162 3165 potuisset

53 3201 118 3243 cum
141 3183 220 3267 ipsis
245 3181 423 3244 consistere
455 3189 488 3242 et
512 3180 711 3244 conservari.
757 3179 827 3242 Nec
855 3199 972 3262 perse
996 3178 1160 3261 stagnatio

54 3278 130 3342 vitae
161 3290 261 3364 atque
294 3279 417 3362 vigoris
450 3299 535 3362 quae
569 3278 603 3340 in
626 3275 776 3342 Ecclesia
809 3275 959 3340 orientali
992 3273 1163 3340 acciderat

52 3371 230 3458 languorem
260 3375 481 3440 constituebat
504 3373 682 3459 ejusmodi,
716 3385 752 3437 ut
775 3395 834 3460 per
857 3375 946 3438 viros
970 3382 1099 3438 sanctos
1127 3382 1163 3438 et

54 3471 153 3537 doctos
184 3495 250 3538 non
283 3473 442 3558 potuisset
472 3472 526 3536 hic
556 3493 664 3536 rerum
696 3459 800 3536 stat'ns
831 3475 969 3553 mutari,
1002 3471 1160 3535 intimior-

55 3591 110 3654 que
123 3574 196 3636 unio
213 3592 289 3635 cnm
304 3569 389 3636 Sede
402 3569 594 3656 Apostolica
610 3570 748 3634 restitui.
780 3567 867 3634 Illud
884 3567 1162 3632 animadvertitur

56 3669 262 3734 consolatione
287 3666 439 3753 plenum,
463 3667 744 3732 Iconoclastarum
767 3677 914 3752 ternpore
938 3665 1104 3752 praesules
1128 3675 1163 3728 et

57 3767 237 3846 monachos,
271 3767 328 3852 qui
352 3768 526 3830 sanctitate
550 3775 582 3829 et
605 3765 790 3830 eruditione
814 3765 1005 3830 eminebant
1037 3773 1069 3827 et
1091 3762 1159 3828 Ico-

57 3865 210 3930 nomachis
243 3861 456 3944 resistebant,
490 3864 590 3927 etiam
623 3872 756 3926 sanotae
780 3861 857 3926 Scdi
883 3861 980 3926 valde
1011 3860 1163 3925 addictos

56 3957 160 4044 finisse,
188 3973 288 4047 atque
312 3983 354 4024 ex
378 3959 560 4027 Occidente
593 3959 708 4025 solatia
739 3970 772 4024 et
794 3959 920 4024 auxilia
950 3961 1092 4044 petiisse.
1117 3997 1161 4007 --

57 4055 114 4122 Sed
146 4059 313 4126 scissionis
349 4069 382 4122 et
414 4059 631 4144 separationis
669 4057 852 4144 periculum
891 4057 1057 4143 quoddam
1090 4079 1163 4143 pro·

57 4156 169 4221 ximnm
202 4155 446 4222 constituebant
473 4155 603 4220 saeculo
635 4176 722 4220 nono
755 4157 935 4242 principio,
972 4157 1163 4234 tendentioe,

57 4261 85 4312 et
112 4276 226 4335 senaa,
262 4275 347 4341 quae
379 4256 513 4319 nomine
544 4255 777 4341 Byzonmsmi
813 4252 855 4318 ab
889 4253 1026 4318 eruditis
1058 4255 1162 4318 nostri
