2904 4834
318 524 441 578 Eventus
460 531 521 592 post
539 524 686 578 Concilium
704 539 758 578 oeu
777 523 855 576 VllI.
1092 522 1147 576 415

52 671 115 730 teris
136 677 315 754 opportuno
338 676 485 752 tempore
508 666 551 730 ad
575 689 651 730 eum
675 667 810 730 directis
834 667 956 747 effecit,
982 677 1019 730 ut
1041 667 1147 752 major

50 765 163 829 libertas
193 767 224 830 ei
248 765 499 846 concederetur,
533 765 611 829 dein
635 785 713 828 vero
737 764 895 845 obtinuit,
928 773 966 827 ut
991 766 1026 828 in
1050 787 1147 849 qnae-

49 863 189 928 stionibus
212 885 299 950 quae
322 863 540 927 eruditionem
572 872 605 926 et
628 863 799 928 scientiam
823 861 1019 946 spectabant
1040 862 1146 948 Impe-

47 973 120 1024 rator
146 984 202 1046 per
229 964 337 1042 viros,
371 982 471 1047 opera
501 961 611 1026 Photii
645 959 763 1024 callide
794 961 1013 1043 intermissos,
1047 959 1152 1046 hujus

47 1062 223 1123 sententiam
248 1067 382 1144 peteret
428 1059 572 1122 Demum
595 1059 744 1122 favorem
766 1057 980 1142 Imperatoris
1003 1079 1146 1144 eousque

45 1157 95 1220 sibi
117 1157 315 1236 conciliavit,
340 1168 376 1222 ut
399 1156 525 1221 reditus
548 1158 578 1220 ei
603 1155 839 1220 concederetur
862 1163 894 1218 et
914 1157 986 1240 ipse
1001 1154 1044 1219 ad
1061 1155 1146 1221 lilios

44 1254 139 1318 Rasilii
169 1254 380 1320 instruendos
415 1257 449 1319 in
480 1252 640 1340 palatium
669 1263 901 1318 accerseretur.
954 1252 1144 1319 Secundum

44 1352 161 1416 Nicetes
184 1355 407 1418 narrationem
433 1353 579 1416 maxima
602 1351 741 1415 artificio
766 1351 909 1436 quodam
935 1350 1144 1442 fraudulente

43 1449 183 1514 Basiliam
219 1451 283 1515 sibi
318 1449 480 1514 devinxit.
526 1449 609 1513 Erat
639 1451 762 1534 quippe
785 1449 928 1512 Basilius
951 1449 1143 1534 Imperator,

42 1549 79 1609 nti
100 1547 261 1630 diximus,
295 1547 434 1612 obscuro
458 1547 529 1612 loco
554 1557 666 1628 natus,
699 1556 731 1610 et
754 1546 968 1612 vehementer
999 1545 1143 1630 dolebat,

41 1665 67 1705 se
87 1644 208 1708 nullum
235 1644 369 1710 illustris
399 1647 450 1710 sui
473 1647 603 1730 generis
626 1644 861 1709 documentum
885 1647 1009 1740 ,afferre
1037 1667 1142 1730 posse.
1232 1681 1235 1688 ·

39 1739 158 1806 Photius
191 1743 297 1826 igitur
328 1745 383 1830 qui
418 1745 531 1829 inepta
564 1745 628 1806 ista
651 1742 862 1827 Imperatoris
892 1752 971 1806 vcta
993 1755 1141 1824 noverat,
1173 1758 1301 1812 memora

38 1840 251 1926 geneologiam
283 1840 460 1926 qnamdam
493 1838 609 1904 Basilii
643 1839 716 1904 dolo
750 1839 927 1921 confinxit,
964 1841 1141 1928 multisque

38 1936 142 2002 fabulis
164 1939 354 2020 adornavit,
379 1940 413 2002 in
437 1960 503 2024 qua
518 1938 634 2002 Basilii
658 1959 763 2022 genus
781 1961 801 2001 a
821 1936 969 2002 Tiridate
983 1935 1140 2004 Armeno·

36 2056 95 2097 rum
125 2057 202 2120 rege
235 2046 325 2100 recta
349 2035 572 2100 derivabatur.
619 2035 718 2099 Hanc
741 2035 967 2119 genealogiam
992 2037 1026 2100 in
1051 2047 1142 2100 vetu-

35 2133 169 2198 stissimis
203 2134 407 2198 membranis
438 2135 604 2198 ementitis
635 2133 881 2198 characteribus
905 2131 1142 2198 Alexandrinis

34 2229 221 2317 descriptam
245 2243 278 2296 et
301 2233 445 2317 antiquis
470 2231 592 2295 chartis
616 2230 822 2312 obvolutam,
847 2253 947 2316 opera
969 2231 1142 2317 Theopha-

33 2329 75 2392 nis
95 2330 207 2396 clerici
232 2331 315 2415 regii
329 2328 448 2394 Photio
472 2328 586 2410 dediti,
611 2338 769 2413 tauquam
794 2329 1028 2394 documentum
1052 2351 1142 2394 arca-

32 2427 73 2487 nis
93 2429 251 2492 refertum
272 2438 304 2490 et
324 2429 358 2491 in
376 2426 577 2491 bibliotheca
591 2427 776 2504 inventum,
799 2425 922 2490 Basilio
938 2427 1141 2492 offerendam

31 2533 57 2584 et
76 2525 376 2590 commendandam
400 2526 540 2588 curavit.
587 2522 700 2603 Quum
724 2523 866 2588 Basilius
888 2523 1017 2587 obscuri
1043 2524 1141 2590 docu-

31 2617 118 2686 menti
144 2621 405 2709 explicationem
430 2621 643 2690 vehementer
673 2622 886 2706 desideraret,
921 2622 1141 2708 Theophanes

28 2740 55 2780 ac
76 2743 146 2784 cam
172 2724 304 2785 nescire
328 2722 434 2785 fassus
458 2731 521 2801 est,
553 2729 586 2784 et
615 2741 718 2783 uuum
742 2719 898 2784 Photium
928 2722 1028 2784 totius
1052 2720 1141 2784 orbis

27 2817 279 2884 eruditissimum
311 2821 420 2882 virum
449 2839 525 2882 eum
550 2817 699 2882 codicem
723 2817 900 2903 explanare
930 2840 1025 2903 posse
1055 2841 1140 2882 asse-

26 2917 89 2979 rnit.
136 2917 242 3002 Erpo,
268 2917 383 2982 scribit
405 2917 540 2980 Nicetes
563 2918 598 2980 in
623 2915 701 2980 Vita
725 2915 893 3001 Ignatii,¹)
917 2917 1070 3002 eaetcmplo
1096 2918 1140 2981 od

26 3013 162 3078 Plotium
186 3017 331 3080 mittitur.
379 3015 543 3078 mosceti
563 3014 629 3092 ille,
653 3011 736 3077 uuili
753 3035 849 3098 posse
872 3014 1138 3094 acconensium,

24 3111 79 3174 m'ai
98 3111 163 3176 soli
178 3113 371 3197 Imperatori
394 3113 552 3189 committi,
577 3111 615 3174 de
638 3133 696 3196 quo
717 3109 801 3174 iliud
814 3113 917 3196 ipsum
924 3115 1139 3198 perscriptum

23 3221 98 3274 esset.
144 3209 236 3284 Quid
258 3211 374 3294 ipituri
398 3211 523 3296 capitur
540 3209 745 3294 Imperatoris
761 3208 913 3294 facilitas
934 3210 992 3273 hac
1007 3210 1138 3295 fabula,

20 3317 45 3366 et
65 3331 131 3372 cum
157 3308 272 3372 Plotio
295 3309 330 3370 iu
352 3309 491 3391 pretium
512 3307 604 3370 redit.
649 3304 758 3370 Solent
781 3309 862 3370 cotim
877 3307 1012 3392 faustae
1035 3332 1137 3393 quom-

21 3406 60 3464 m'c
92 3407 287 3470 cardumae
321 3407 559 3490 praedictiones
591 3403 746 3467 emcclaom
781 3414 810 3466 et
838 3403 959 3487 pieriae
989 3417 1137 3491 oppeten-

20 3502 122 3566 tiorem
146 3501 289 3567 indolem
312 3501 437 3565 cludere
468 3513 498 3564 et
528 3523 677 3566 enervare
702 3504 890 3587 penitusque
913 3504 948 3566 im
972 3527 1060 3566 suam
1076 3528 1136 3589 po-

20 3609 156 3664 testatem
188 3599 340 3684 redipere.
389 3601 476 3664 Haec
508 3601 591 3663 iuter
622 3599 780 3663 Basiliam
812 3610 841 3661 et
870 3599 1017 3664 Plotium
1049 3603 1136 3687 oripo

16 3693 297 3782 firmilimritatisfl)

18 3879 140 3936 damnato
159 3882 270 3950 saepius
296 3889 325 3936 et
342 3881 531 3949 multipliciter
549 3881 655 3938 homine
674 3898 727 3937 nou
745 3883 837 3949 potnit
856 3898 913 3936 esse
934 3883 1032 3951 absque
1051 3885 1136 3952 suspi-

18 3961 85 4016 cione
103 3963 276 4016 inhaerentis
289 3960 434 4016 Anastasio
453 3963 562 4029 cnlpae‘
598 3959 653 4018 Cir.
668 3963 702 4016 ad
716 3978 771 4018 rem
783 3963 994 4032 Hergenrtther,
1014 3963 1135 4031 Photius,

18 4039 50 4092 ll.
67 4057 109 4108 pp.
131 4041 190 4096 228
208 4059 263 4110 sqq.

86 4133 104 4191 ἰ
124 4131 198 4184 Vita
215 4130 328 4200 Ignatii,
347 4146 390 4198 sp.
408 4130 500 4186 Labbe
519 4132 593 4186 Vlll.
614 4134 692 4188 1177.

84 4219 105 4288 ἃ)
125 4218 157 4272 L.
172 4233 196 4271 c.
217 4220 294 4274 1251.
308 4249 340 4260 -
354 4215 425 4274 lilnd
444 4219 473 4274 in
491 4221 655 4290 genealogia
671 4223 727 4276 ista
744 4223 894 4278 habebatur
910 4224 1025 4278 maxime
1038 4223 1135 4277 mirum

20 4305 206 4362 ceurennum,
231 4299 300 4365 quod
323 4301 429 4366 quando
454 4299 488 4353 od
506 4307 612 4369 patrem
630 4303 725 4356 Basilii
744 4309 838 4360 auctor
860 4303 999 4371 pervenit,
1018 4303 1135 4372 scripsit,
