2952 4832
335 495 390 549 306
579 495 653 548 XXI.
675 495 714 548 De
731 496 757 550 S.
778 495 910 565 Gregorio
931 497 985 550 VII
1003 497 1080 550 Rom.
1101 499 1242 553 Pontifire.

336 647 553 721 pugnaverat,
579 661 650 702 eam
676 640 889 724 praeparavit
912 641 1097 717 victoriam,
1123 665 1224 728 quam
1241 643 1427 708 obtinuerunt

335 735 407 819 ejus
431 759 645 816 successores,
671 758 810 823 eamque
834 736 1005 801 Ecclesiae
1030 738 1336 824 independentiam.
1359 741 1430 804 libcr-

336 841 447 910 tatem,
479 837 710 898 auctoritatem
743 837 776 899 in
808 837 914 920 ipsam
944 838 1135 901 societatem
1168 838 1305 904 civilem
1330 841 1435 903 firmio

335 931 500 1014 fundavit,
532 955 618 1018 quae
648 933 869 1018 subsequente
898 933 1029 996 saeculo
1061 934 1237 1020 splendido
1272 939 1364 1002 modo
1385 960 1432 998 scs«

335 1028 470 1094 evolvit.
501 1029 601 1110 Quod
616 1041 726 1094 autem
744 1041 871 1115 allectat
890 1031 933 1095 ad
958 1033 1119 1096 simoniae
1144 1045 1176 1096 et
1200 1037 1434 1100 incontinentia

334 1125 467 1207 abusus,
499 1127 688 1210 Gregorius,
717 1129 863 1192 evocatis
887 1131 967 1213 ipsis
991 1129 1146 1194 fidelibus
1169 1131 1212 1194 ad
1238 1132 1360 1196 luctam
1383 1155 1433 1194 roo·

334 1233 384 1287 tra
413 1227 607 1310 pertinaces,
643 1225 754 1289 valida
779 1227 819 1290 iis
843 1229 953 1311 posuit
976 1228 1133 1312 repagula
1167 1241 1265 1292 etex
1294 1245 1380 1314 parte
1399 1258 1436 1289 aa

329 1321 404 1406 jam
430 1323 603 1389 destruxit.

163 1475 323 1556 ⁰⁰¹¹³⁵l¹l¹¹¹¹.⁰¹'
426 1469 498 1534 102.
530 1467 579 1530 Ne
605 1489 682 1530 vcro
708 1467 834 1553 reliqua
859 1465 1009 1552 Gregorii
1036 1469 1124 1532 facta
1148 1472 1283 1554 egregia
1310 1472 1436 1554 praetori

185 1544 300 1657 Ἢέε
334 1572 397 1634 isse
421 1567 606 1647 videamur,
639 1573 739 1650 utque
764 1565 885 1629 clarius
919 1569 1148 1652 perspiciatur,
1186 1581 1315 1653 quantu
1340 1570 1437 1630 fuerint

334 1669 437 1754 ipsius
466 1669 499 1730 in
532 1662 715 1728 Ecclesiam
749 1667 880 1741 merita,
917 1665 1033 1750 paucis
1068 1687 1366 1730 commemoremus
1393 1665 1438 1726 alia

333 1767 404 1852 ejus
428 1775 518 1849 gestu
543 1761 723 1848 praeclara.
771 1761 854 1824 Iude
892 1761 934 1825 ab
961 1764 1055 1825 initio
1080 1763 1301 1827 Pontificatus
1326 1767 1372 1828 sui
1394 1785 1440 1826 mr·

332 1864 456 1929 ditatus
480 1873 529 1925 est
543 1859 789 1946 expeditionem
809 1861 840 1922 in
855 1860 992 1923 'l'erram
1017 1873 1176 1939 sanctam,
1204 1873 1239 1924 ut
1255 1860 1439 1926 Christiano

331 1987 352 2026 a
376 1959 614 2025 Saracenorum
639 1957 816 2041 tyrannide
844 1957 1043 2038 vindicaret,
1076 1971 1109 2023 et
1140 1984 1191 2023 res
1211 1961 1285 2044 jam
1313 1961 1432 2045 disponi¹

333 2059 399 2139 bat,
433 2069 470 2123 ut
501 2055 677 2122 comitibus
701 2057 831 2139 Agnete
862 2054 1078 2142 Imperatricc
1112 2071 1144 2119 et
1168 2057 1333 2122 llatlrilde
1364 2059 1440 2120 couri·

332 2159 411 2222 tissa
452 2156 628 2240 multisque
664 2153 876 2240 proceribus,
918 2176 994 2218 cum
1035 2158 1182 2218 exercitu
1218 2157 1441 2241 quinquaginta

332 2255 472 2320 millium
509 2253 652 2317 militum
691 2253 760 2337 ipse
801 2254 834 2315 in
860 2251 1032 2316 Orientem
1071 2253 1345 2338 proficisceretur.
1390 2251 1440 2315 br}

331 2377 415 2440 quoe
441 2351 632 2438 supervenit
656 2350 859 2435 perturbatio
884 2349 926 2413 ab
952 2349 1098 2414 Hearico
1125 2351 1172 2414 IV
1206 2353 1351 2416 excitata
1385 2371 1443 2412 euru

332 2451 517 2538 impedivit,
561 2450 738 2536 quominus
780 2470 862 2533 opus
899 2447 962 2512 hoe
1002 2461 1264 2536 prosequeretur.
1316 2449 1441 2516 Consilia

331 2574 408 2613 vero
442 2551 513 2635 jam
547 2572 565 2611 a
594 2547 755 2632 Gregorio
795 2545 955 2632 disposita
987 2547 1079 2610 brevi
1119 2559 1192 2633 post
1236 2549 1389 2614 Urbanus
1421 2545 1466 2626 ti

332 2649 520 2712 executioni
547 2643 729 2710 mandavit.

181 2797 323 2841 ⁸⁰¹⁰²¹¹l⁰¹
425 2799 498 2862 103.
546 2799 658 2875 Quum
690 2797 724 2858 in
749 2793 860 2860 Gallia
884 2796 1060 2882 Philippus
1091 2817 1148 2859 rex
1177 2797 1320 2862 libidine
1348 2821 1401 2862 sua
1424 2813 1444 2850 ν·

332 2899 472 2963 simonia
497 2917 547 2958 res
579 2897 612 2958 in
641 2895 768 2956 tristem
803 2905 923 2957 statum
959 2895 1148 2980 conjiceret,
1186 2897 1367 2980 Gregorius
1393 2891 1441 2953 l'll

332 2995 517 3059 Humberto
546 2991 795 3078 archiepiscopo
821 2993 1038 3076 Lugdunensi
1068 3006 1100 3056 et
1128 2992 1273 3057 lloclcno
1306 2998 1429 3080 episcop

333 3091 545 3158 Cabilonensi
571 3089 753 3169 mandavit,
785 3099 822 3152 ut
845 3113 956 3174 regem
982 3104 1162 3172 monerent,
1198 3113 1240 3154 ne
1266 3091 1433 3154 ecclesiast:

333 3213 406 3255 cam
430 3189 615 3253 libertatem
641 3187 826 3273 impediret,
852 3191 1023 3252 intentatis
1047 3191 1077 3252 ei
1101 3189 1329 3254 anathematis
1351 3191 1445 3253 nina.

332 3291 397 3354 nisi
430 3290 602 3374 episcopos
632 3285 710 3350 cleri
744 3288 911 3370 sirffragiis
944 3287 1124 3374 populique
1155 3309 1299 3352 assensn
1331 3287 1441 3351 elaea.

332 3385 423 3452 haud
447 3385 552 3450 soluta
576 3386 719 3470 pecunia
744 3383 892 3448 ecelesiis
916 3385 1052 3470 praefici
1077 3387 1209 3450 sineret.
1257 3385 1329 3448 Rex
1353 3386 1444 3448 miss⁸

332 3487 472 3549 Romam
497 3484 614 3569 legatis
639 3481 826 3568 spopondit,
851 3503 885 3545 se
910 3483 1163 3556 emendaturum
1188 3505 1277 3570 quae
1302 3485 1334 3546 in
1351 3479 1441 3544 dccl·-

333 3585 418 3646 siam
441 3593 649 3668 peccaverat,
681 3591 713 3644 et
738 3580 904 3645 mandatis
927 3580 1117 3664 apostolicis
1149 3583 1336 3666 pariturum
1360 3583 1387 3644 in
1412 3581 1443 3638 ii=

332 3703 418 3768 quae
443 3679 635 3764 religionem
664 3677 869 3764 spectabant.
917 3679 1071 3742 Pontifex
1103 3679 1190 3763 regis
1225 3679 1358 3743 consilia
1386 3677 1440 3738 lsr-

332 3779 427 3844 davit
451 3777 571 3865 (Epist.
596 3774 622 3840 I.
650 3777 720 3858 ib);
754 3797 857 3862 quum
882 3798 959 3840 vero
984 3776 1177 3854 audivisset,
1211 3800 1324 3861 regem
1346 3780 1374 3839 in
1395 3797 1439 3835 nv·-

332 3876 444 3941 fandis
468 3872 664 3938 criminibus
687 3895 898 3960 perseverare
928 3885 1027 3959 atque
1059 3874 1209 3958 justitiae
1236 3874 1323 3960 leges
1351 3888 1377 3935 st
1398 3893 1429 3932 er

332 3973 508 4038 elesiarum
547 3971 734 4036 libertatem
765 3973 901 4056 impune
938 3971 1073 4051 violare,
1111 3971 1239 4036 litteras
1269 3993 1376 4058 graves
1404 3967 1440 4028 sd

333 4074 506 4158 episcopos
532 4069 664 4137 Galliac
693 4071 833 4154 scripsit,
867 4072 900 4134 in
930 4069 1052 4156 quibus
1084 4091 1198 4134 eorum
1227 4069 1435 4156 negligentias

334 4171 529 4254 increpavit.
577 4168 752 4234 Mandavit
785 4169 835 4249 iis,
870 4179 906 4234 ut
935 4189 1046 4251 regom
1087 4180 1259 4234 monerent
1290 4185 1319 4232 st
1345 4187 1438 4248 aprr-

332 4289 431 4331 versa
461 4269 531 4331 vito
563 4275 758 4331 revocarent
795 4265 856 4330 sub
895 4265 1060 4351 generalis
1094 4266 1262 4333 interdicti
1304 4259 1432 4352 period*
