2962 4840
279 499 314 552 98
534 497 607 554 xlv.
626 497 667 552 Da
684 497 760 552 civili
777 497 812 554 R.
831 495 970 552 Pontificio
987 497 1151 568 principatu.

280 639 443 706 exarchae
476 663 596 706 munus
628 640 710 706 illud
744 639 887 704 obtinuit
910 640 1106 726 Eutychius,
1132 645 1189 728 qui
1207 643 1280 728 jam
1304 655 1404 710 antea

280 737 396 802 eodem
419 739 553 804 functus
569 750 656 815 erat.
704 733 868 819 Quamvis
901 759 979 803 vero
1010 739 1165 804 Pontifex
1189 763 1323 828 operam
1348 743 1404 807 ds-

281 835 390 917 disset,
424 845 461 900 ut
483 835 695 922 Imperatoris
718 837 948 900 anctoritatem
980 845 1128 901 tueretur
1160 848 1193 902 et
1226 841 1256 903 ei
1286 851 1404 907 contra

280 933 517 1020 Longobardos
540 933 747 1016 subveniret,
781 941 891 998 tamen
916 935 1016 998 etiarn
1039 933 1236 1021 Eutychiae,
1261 939 1315 1002 vir
1337 939 1404 1003 cal-

278 1029 375 1116 lidus,
400 1034 430 1096 ci
462 1032 614 1098 insidiari
648 1055 714 1097 non
739 1031 874 1098 destitit.
921 1031 1059 1098 Artibus
1081 1034 1151 1098 suis
1175 1055 1213 1098 eo
1237 1041 1403 1120 pervenit,

279 1139 316 1193 ut
338 1129 382 1194 ad
405 1129 640 1196 debellandum
663 1129 861 1216 Gregorium
891 1129 925 1194 H
957 1131 1045 1216 ipsos
1073 1131 1312 1216 Langobardos
1336 1133 1403 1200 sibi

280 1230 428 1294 sociaret.
475 1228 515 1294 In
539 1231 649 1294 animo
680 1227 835 1292 habuisse
865 1228 999 1292 videtur
1022 1229 1175 1310 exarcha,
1200 1241 1237 1294 nt
1258 1231 1405 1318 Impera-

280 1327 359 1390 toris
375 1328 605 1391 auctoritatem
628 1326 760 1414 plenius
780 1327 814 1392 in
832 1325 923 1392 Urbe
937 1327 1134 1409 restitueret,
1160 1335 1192 1391 ct
1206 1327 1406 1394 Pontificem

281 1423 515 1511 Romanosque
541 1435 671 1510 cogeret
688 1424 732 1489 ad
749 1424 906 1488 mandata
921 1424 1132 1510 Imperatoris
1156 1434 1269 1490 contra
1292 1445 1407 1492 sacras

281 1523 443 1606 imagines
466 1521 670 1608 exequenda.

370 1621 423 1685 21.
450 1619 525 1701 Qua
558 1621 599 1686 de
631 1643 666 1685 re
699 1628 813 1684 auctor
835 1620 934 1684 Vitae
958 1619 1111 1705 Gregorii
1143 1619 1178 1686 II
1200 1623 1290 1708 apud
1315 1623 1405 1688 Ana-

237 1733 243 1744 '
282 1719 436 1782 stasium:
474 1719 522 1783 Eo
554 1740 625 1784 uero
651 1730 786 1805 tempore
820 1717 863 1805 (a.
890 1717 968 1805 729)
991 1719 1163 1805 Eutychiae
1193 1721 1351 1786 Patricius
1376 1734 1408 1786 et

282 1817 500 1904 Laitprandus
522 1839 581 1880 reso
603 1818 743 1882 iaiemmt
767 1816 932 1881 consilium
956 1817 1126 1904 nefarium,
1151 1827 1185 1881 ut
1208 1821 1408 1906 eoayreyatis

282 1913 470 1980 ecercitibas
498 1938 557 1980 res
586 1915 751 2006 aabja'csret
782 1914 876 1980 ducas
913 1913 1119 2000 Spoletauum
1143 1925 1172 1978 ct
1209 1915 1406 1981 &necentu-

281 2009 400 2098 aum¹),
412 2023 441 2075 ot
464 2013 616 2078 moschus
632 2015 775 2092 Romam,
800 2023 830 2076 et
849 2035 929 2098 quas
938 2011 1067 2098 pridem
1091 2012 1130 2078 da
1150 2015 1311 2099 Pontificio
1328 2039 1405 2102 per-

282 2131 360 2175 soao
375 2115 487 2200 jassus
500 2109 617 2196 facerat
639 2109 790 2198 impleret.
833 2107 897 2182 Qui
917 2131 976 2174 rosc
992 2107 1153 2196 Spalatum
1175 2113 1312 2190 camisos,
1337 2137 1405 2177 mss·

283 2209 382 2294 ceptis
405 2208 445 2272 ab
468 2210 606 2294 utrmque
631 2207 761 2272 ducibus
784 2207 990 2272 sacramentis
1019 2219 1111 2294 atqua
1134 2207 1307 2291 obsidibus,
1336 2231 1407 2275 cam

285 2315 352 2370 totu
385 2327 444 2372 sua
474 2308 594 2372 cohorte
632 2309 668 2371 io
696 2308 837 2370 Neronis
873 2329 1017 2392 campum
1048 2309 1180 2372 secessit.
1234 2307 1288 2372 Ad
1317 2331 1407 2395 quesn

284 2425 424 2490 curasses
446 2405 600 2490 Pomta‘fssc
622 2405 709 2491 eique
727 2413 955 2492 praesentatas
973 2404 1105 2483 studuit,
1128 2417 1164 2470 ut
1181 2409 1298 2492 potuit,
1322 2409 1408 2492 rems

284 2500 407 2566 mollire
421 2504 560 2566 animum
583 2505 819 2568 commonitione
834 2503 906 2588 pio,
930 2505 978 2566 ita
1001 2511 1036 2566 ut
1058 2523 1090 2566 sc
1108 2513 1325 2588 prosterneret
1337 2511 1408 2596 ejass

278 2599 416 2687 pedibus
440 2611 469 2664 ct
485 2603 686 2687 paoosittsret
709 2624 741 2665 sa
769 2600 851 2665 uuili
873 2600 994 2686 inferre
1018 2599 1209 2682 laesionem·
1245 2612 1337 2688 atque
1362 2605 1408 2667 sic

285 2697 330 2761 ud
354 2707 476 2763 tamtam
507 2701 771 2786 compensatiouem
798 2699 868 2783 piis
898 2699 1025 2762 monitis
1047 2697 1154 2786 flemus
1188 2709 1243 2778 est,
1267 2711 1408 2787 atquae

277 2796 394 2882 fuerat
416 2796 546 2860 indutas
576 2819 667 2860 orma
691 2806 827 2874 estuaret,
852 2806 882 2858 ct
905 2805 979 2858 oute
1006 2817 1119 2882 corpus
1143 2795 1291 2882 Apostoli
1310 2822 1408 2885 posae-

285 2905 343 2976 ret,
368 2905 518 2974 mantum,
552 2893 802 2974 armiliaasiom,
828 2891 974 2972 balteum,
1005 2893 1161 2978 spatham,
1190 2904 1281 2980 atqua
1305 2920 1410 2960 casem

286 2993 490 3072 deauratam,
523 3015 642 3056 necnon
675 3014 822 3056 socorsum
846 3013 987 3069 auream,
1020 3000 1193 3056 storacem
1215 3001 1411 3076 argenteam.

287 3091 362 3155 Post
385 3092 560 3154 orationem
575 3089 703 3174 factam
737 3089 910 3152 obsecravit
934 3087 1124 3172 Pontificem,
1148 3099 1183 3152 ut
1205 3101 1410 3155 memoratum

288 3189 455 3252 accercitum
478 3187 633 3274 adpetis
657 3187 856 3252 cmmordiam
872 3188 1028 3273 muscipera
1052 3187 1248 3274 dimicaretur,
1273 3187 1358 3274 qaod
1382 3199 1411 3252 et

280 3287 484 3373 factumest.
509 3323 551 3334 -
573 3284 705 3349 Exinde
730 3306 789 3372 per
812 3283 937 3370 aliquot
960 3303 1065 3349 annos
1090 3293 1159 3347 tum
1184 3284 1410 3369 aLongobar-

289 3385 405 3448 dorum
430 3383 639 3449 infestatione
654 3383 793 3448 Romani
817 3381 947 3448 liberati
972 3391 1062 3465 sunt,
1087 3391 1157 3446 tum
1182 3382 1224 3448 ab
1248 3382 1410 3468 Eutycbii

289 3484 475 3550 vexatione.
527 3479 593 3546 Sed
623 3481 692 3546 Leo
724 3481 859 3546 Isauros
892 3481 1104 3545 continuavit
1137 3477 1261 3546 bellum
1295 3491 1411 3546 contra

288 3603 398 3645 sacras
430 3581 606 3664 imagines,
636 3589 669 3644 ct
700 3579 793 3643 brevi
822 3587 896 3666 post
928 3579 1029 3642 etiam
1053 3577 1222 3642 Romanae
1251 3577 1412 3644 ecclesiae

289 3679 494 3764 amplissima
516 3679 717 3763 patrimonia
740 3679 776 3741 in
800 3675 897 3740 Italia
922 3674 1131 3739 meridionali
1154 3697 1194 3739 ac
1211 3675 1328 3741 Sicilia
1352 3679 1411 3741 cri·

290 3893 327 3948 tia
346 3891 481 3946 continuis
498 3890 607 3959 scriptis
636 3895 718 3956 atone
736 3887 986 3944 commonitionibus
1011 3886 1045 3940 ad
1062 3901 1155 3956 regern
1172 3887 1415 3955 mantuanorum

290 3974 383 4028 multis
401 3971 474 4026 datis
501 3969 657 4026 muneribus
675 3969 773 4024 saltem
791 3967 915 4024 omnibns
941 3967 997 4022 suis
1015 3967 1149 4022 nudatum
1172 3967 1266 4035 opibus
1285 3974 1414 4034 castrum,

290 4053 462 4108 donationem
487 4049 649 4106 beatissimis
667 4047 804 4118 Apostolis
824 4049 906 4104 Petro
934 4055 962 4104 et
980 4047 1065 4102 Panlo
1093 4047 1246 4104 antefatam
1274 4049 1414 4110 amittens,

292 4133 533 4202 Ionyobardorum
559 4147 608 4186 res
636 4123 762 4186 restituit
788 4135 870 4196 atque
898 4128 1036 4184 donavit.“
1065 4128 1134 4183 Rem
1152 4128 1181 4184 in
1200 4128 1314 4197 ancipiti
1334 4130 1416 4184 reliu-

293 4230 460 4363 qmmbshsti
478 4293 558 4348 duces
577 4306 606 4346 se
626 4290 683 4346 fere
701 4290 911 4360 independentcs
930 4306 948 4343 a
966 4303 1031 4358 rege
1050 4287 1230 4344 reddiderant
