2932 4836
309 505 363 560 350
624 503 712 557 XVII.
749 501 790 556 De
807 501 951 556 schismate
969 501 1111 560 Photiano.

1452 567 1453 616 l

311 650 420 713 ductis
451 647 543 711 falsis
566 645 723 726 testibus,
757 646 845 731 quod
880 657 993 710 contra
1018 667 1161 710 canones
1194 671 1255 734 ope
1278 649 1411 734 gnbemii

311 745 419 810 civilis
453 745 565 809 sedem
590 742 758 808 CPtanam
782 755 992 828 occupasset,
1026 765 1065 808 ac
1088 743 1165 808 dein
1199 749 1317 811 iterum
1341 749 1412 812 dum·

310 855 408 908 natus
433 844 562 928 estqui
587 841 786 927 deponatur3
815 843 882 905 imo
907 842 1146 926 depositionem
1170 845 1241 930 ejus
1265 856 1297 909 et
1319 846 1414 930 degra-

311 943 479 1007 dationem
496 943 530 1004 in
550 943 622 1026 ipsa
639 939 766 1024 synodo
785 939 1003 1025 perfecerunt.
1040 942 1194 1027 Iprratius,
1216 943 1330 1008 scribit
1344 943 1413 1008 Anc-

310 1043 429 1104 stesius
452 1039 557 1121 Bibi,
582 1041 617 1102 in
639 1038 774 1101 medium
799 1039 947 1115 trabitur,
977 1061 1082 1102 coram
1104 1040 1209 1104 missia
1232 1041 1414 1128 Apostolice

311 1137 403 1202 Sedis
426 1139 609 1227 jansenio
630 1134 742 1221 fessus
764 1136 931 1214 statuitur,
963 1147 993 1199 et
1016 1135 1118 1200 denuo
1142 1138 1342 1204 damnationi
1362 1139 1413 1203 mi-

310 1237 462 1313 mittitur,
495 1236 570 1320 quin
603 1244 633 1297 et
663 1232 914 1297 sacerdotalibus
945 1233 1061 1318 infidis
1093 1235 1309 1322 caspaliatur,
1341 1239 1416 1324 quad

309 1333 451 1398 vaiidc‘or
463 1333 558 1416 fieret
581 1332 754 1418 depositio,
785 1329 841 1394 ubi
864 1329 957 1394 Sedis
981 1331 1182 1417 Apostolicee
1206 1357 1269 1420 per
1297 1337 1415 1397 oica-im

310 1454 384 1495 euos
416 1432 588 1494 auctoritas
612 1428 786 1514 adfuisset,
820 1451 888 1492 eum
919 1429 953 1490 in
983 1429 1030 1490 bis
1054 1451 1109 1492 neo
1131 1431 1221 1496 iilius
1251 1432 1415 1516 interficerit

312 1531 495 1605 auctoritas,
519 1549 575 1590 nec
597 1528 688 1590 missi
710 1525 763 1589 iili
785 1527 975 1590 vicariorum
996 1549 1097 1604 more,
1121 1539 1156 1590 ut
1179 1529 1414 1614 epistolarium

310 1626 458 1709 iateiiipi,
474 1626 603 1710 fuerint
627 1625 787 1687 «lacunari.
795 1622 820 1709 1)

402 1724 454 1788 38.
487 1723 566 1787 Post
603 1723 684 1786 haec
716 1721 972 1785 conciliabulum
1007 1722 1095 1786 istud
1124 1721 1225 1787 aliam
1254 1725 1413 1786 sessionem

314 1821 510 1902 celebravit,
546 1817 580 1884 iri
614 1842 679 1905 qua
712 1828 748 1882 ut
771 1819 814 1884 ad
838 1821 983 1905 speciem
1016 1841 1101 1905 quae
1124 1821 1276 1884 Pontifici
1310 1823 1414 1904 scripta

312 1921 444 1984 fuerant
475 1918 711 2004 adimplerent,
747 1918 788 1981 de
821 1917 947 1981 haeresi
973 1915 1253 1984 iconoclastarum
1285 1931 1414 2003 egerunt.

313 2029 346 2082 et
369 2017 410 2081 de
433 2017 717 2081 administratione
741 2037 780 2078 ao
804 2015 981 2100 disciplina
1005 2016 1227 2080 ecclesiactica
1250 2019 1354 2080 varios
1376 2039 1414 2079 ca·

312 2137 415 2179 nones
439 2123 630 2179 sanxerunt.
667 2113 706 2177 In
731 2135 771 2176 ea
784 2122 913 2176 tantum
930 2115 1075 2178 sessione
1095 2114 1199 2179 lectae
1214 2125 1291 2179 sunt
1304 2114 1413 2179 Nicolci

312 2213 457 2297 litterae,
492 2235 553 2277 nec
585 2214 733 2296 integrae
766 2233 804 2276 ac
828 2214 1010 2295 genuinae,
1045 2212 1102 2276 sed
1136 2215 1183 2276 uti
1217 2236 1273 2278 eas
1295 2213 1414 2277 Photins

313 2321 500 2376 mutaverat
523 2318 555 2374 et
579 2325 779 2394 corruperat.
829 2307 1106 2395 Quandoquidem,
1139 2309 1255 2374 scribit
1277 2309 1414 2375 Nicolaus

244 2455 262 2483 θ,
312 2410 476 2490 Pontifex,
502 2431 540 2472 ea
563 2407 699 2494 epistola
721 2429 785 2471 non
808 2407 907 2471 solum
926 2407 964 2470 de
984 2410 1084 2472 sacris
1106 2409 1306 2494 imapinibuc,
1329 2429 1413 2472 cern

312 2508 407 2570 ctiam
436 2508 474 2570 de
499 2505 658 2569 audiendo
679 2505 790 2590 fratre
820 2516 849 2568 et
877 2507 1060 2592 cotpiecopo
1082 2517 1188 2569 nostro
1211 2508 1335 2592 Ipnatio
1362 2527 1414 2570 scr·
1452 2513 1453 2570 l

313 2606 443 2668 tentiam
467 2603 668 2690 Apostolieoe
693 2603 785 2667 Sedis
818 2603 1014 2682 consumebat·
1046 2614 1075 2666 et
1102 2625 1156 2667 vos
1179 2627 1248 2667 eam
1278 2606 1311 2668 in
1336 2625 1414 2668 carm
1452 2605 1453 2684 i

312 2703 436 2788 quidem
459 2703 578 2788 iprcatii
600 2701 833 2764 comacerdotic
855 2703 957 2764 nostri
986 2725 1065 2787 quae
1085 2703 1179 2788 prius
1201 2703 1351 2766 imolae
1371 2711 1414 2763 est.
1452 2685 1453 2762 i

310 2801 464 2864 nescimus
487 2805 575 2888 rujam
603 2800 655 2862 usi
677 2797 824 2876 coneilio,
849 2798 974 2862 silentio
999 2801 1200 2878 coritae-iotis,¹
1233 2800 1333 2863 scirem
1352 2799 1414 2861 ianr

305 2907 434 2983 postea,
459 2897 586 2984 quando
605 2918 668 2982 pro
692 2897 892 2959 ueneratione
915 2917 1078 2960 samarcam
1101 2899 1273 2983 imapinum
1296 2895 1414 2982 maedus
1452 2927 1453 2958 ι

311 2995 440 3058 collecta
464 3006 525 3073 eet,
558 2994 807 3058 demonstrantes
814 3016 826 3073 ,·
858 2996 1000 3078 quemme
1023 2997 1056 3058 in
1080 2995 1122 3057 iia
1155 3017 1233 3078 quae
1255 2993 1364 3057 ibidem
1385 3013 1415 3053 er
1452 3025 1453 3060 r

312 3115 349 3154 ea
381 3092 461 3156 lecta
483 3103 572 3170 eunt,
606 3089 761 3155 nonnulla
785 3091 915 3172 additu,
948 3091 1050 3155 mrelta
1072 3102 1212 3170 mutata,
1239 3092 1339 3178 plura
1359 3089 1412 3154 scii·

313 3201 416 3254 tracta
438 3192 649 3276 reperiantur,
674 3201 703 3253 et
720 3191 912 3275 peremnia
936 3189 1012 3253 talu
1035 3213 1056 3252 a
1078 3189 1165 3253 uobis
1186 3188 1306 3275 effecta,
1329 3195 1414 3252 uiant
1452 3223 1453 3252 t

310 3286 392 3351 nibil
415 3299 471 3351 aut
487 3310 606 3374 parum
630 3289 753 3374 aliquid
775 3311 833 3352 nos
851 3309 913 3374 per
936 3308 1004 3350 eom
1026 3288 1065 3351 de
1088 3287 1194 3352 crebre
1219 3289 1298 3353 dieti
1313 3285 1414 3374 lffltatii
1452 3315 1453 3336 i

310 3387 504 3472 disposuisse
527 3409 624 3449 cauca
645 3384 849 3471 oideamurfl)
887 3385 978 3449 later
993 3385 1058 3449 alia
1075 3388 1196 3450 mirum
1214 3383 1412 3472 corruptionis
1452 3417 1453 3448 l

313 3483 467 3548 Nicolaus
500 3495 736 3548 commemorat
759 3483 965 3569 exemplum,
1000 3505 1041 3547 cx
1074 3507 1138 3570 quo
1162 3484 1272 3548 Photii
1302 3485 1412 3548 anicius
1452 3519 1453 3544 r

312 3583 508 3646 vaferrimus
547 3591 580 3645 et
618 3581 799 3645 ambitione
838 3581 981 3666 repletus
1020 3583 1194 3646 manifeste
1233 3581 1412 3667 agnoscitur.
1452 3633 1453 3642 ,

313 3679 490 3766 Siquidem,
521 3681 568 3743 ait
590 3680 762 3760 Pontifex,
794 3703 861 3743 cum
884 3702 941 3744 uos
963 3681 1048 3744 inter
1070 3679 1140 3744 alia
1168 3699 1411 3746 commemorarer·
1452 3707 1453 3762 p

310 3802 393 3858 mus,
426 3778 508 3863 quod
538 3776 695 3842 multoties
719 3787 884 3841 conueniat
905 3777 1019 3864 factae
1042 3778 1149 3864 ,fuerit
1170 3790 1342 3843 sonnerunt
1364 3775 1412 3837 lb·
1452 3799 1453 3848 l

311 3887 403 3954 aum,
428 3875 575 3962 aquibus
598 3886 627 3938 et
646 3875 853 3938 deliberatum
876 3899 913 3938 ac
927 3875 1122 3940 obseruatum
1142 3878 1272 3954 eaectitit,
1294 3871 1411 3962 qualiter
1452 3863 1453 3950 i

312 3975 426 4060 absque
450 3977 614 4038 Romanae
629 3971 722 4038 Sedis
746 3975 941 4060 Romanique
957 3975 1118 4060 Pontificio
1139 3997 1288 4039 cormerico
1310 3971 1411 4036 arellius
1452 3993 1453 4044 i

311 4073 502 4158 ineurpentia
516 4071 752 4136 deliberationis
770 4074 919 4136 terminus
943 4073 1090 4138 daretur:
1113 4095 1166 4137 vos
1183 4075 1321 4138 crucietis
1335 4069 1409 4150 ,air-

310 4207 522 4216 u*—

388 4279 406 4343 ¹)
428 4277 516 4332 Praei.
537 4275 570 4328 ad
590 4274 668 4328 Cone.
688 4274 762 4330 viil.
926 4279 946 4342 ²)
965 4275 1052 4343 Epist.
1072 4279 1095 4329 9.
