2952 4832
319 472 358 524 De
376 469 541 526 Pontificatu
561 473 586 526 S.
606 473 731 541 Gregorii
752 474 803 526 VH
1097 477 1148 530 271

52 609 90 672 rel
109 634 201 676 ansere
226 612 325 678 alieni
348 613 450 678 liceat.
476 615 542 702 (3⁰)
567 615 630 679 Sed
652 641 708 680 nec
730 617 784 681 itti·
805 620 859 703 qai
883 620 915 682 io
932 621 1061 683 erimine
1077 619 1149 704 for·

52 710 203 774 nicationis
228 717 340 800 jacent
368 714 481 776 nrissos
513 714 669 778 celebrare
704 727 760 779 aut
789 717 958 780 secandam
981 717 1150 803 inferiores

51 805 160 870 ordines
183 807 285 872 altari
307 811 487 874 ministrare
512 811 654 876 debeant.
689 812 755 900 (4⁰)
789 813 964 878 Statuimas
988 817 1093 895 etiam,
1118 828 1152 880 ut

50 905 73 964 si
86 906 142 988 ipsi
155 917 381 992 conoenqrtoree
384 907 514 992 fuerint
526 922 714 990 storicorum,
738 913 799 974 imo
824 923 1001 976 sanctorum
1021 926 1153 999 potrum

50 1004 299 1082 ‹rinstitntioaam
328 1007 467 1092 populas
489 1008 577 1071 stallo
608 1009 697 1072 modo
731 1032 835 1072 eoram
868 1009 975 1094 officia
1006 1013 1151 1097 recipiat,

52 1109 77 1160 a
106 1102 156 1184 qni
177 1125 240 1186 pro
273 1127 377 1166 amore
405 1107 469 1168 Dei
501 1117 530 1169 et
554 1106 653 1192 officii
677 1107 830 1191 dignitate
854 1131 916 1170 nort
941 1111 1151 1193 corrigantur,

52 1199 220 1262 ruecandio
244 1200 363 1265 saccali
386 1215 415 1265 ct
431 1203 646 1290 objurgatio-nc
661 1205 775 1290 populi
789 1207 987 1290 resipiscant.
1019 1205 1154 1271 Sordent

51 1317 109 1378 opo
122 1296 322 1379 fraternitas
347 1311 402 1363 tna
416 1305 461 1364 sic
477 1325 508 1362 so
526 1305 560 1364 in
575 1303 623 1366 leis
637 1304 728 1366 nobis
743 1305 985 1387 cooperatricem
999 1305 1152 1383 celtibera,

51 1393 86 1454 sic
106 1397 236 1458 crimina
262 1399 325 1461 ista
348 1397 387 1461 de
410 1400 548 1463 ecclesiis
573 1403 635 1464 tuis
657 1403 812 1464 radicitus
836 1401 974 1479 euellere,
999 1413 1154 1488 quatenns

51 1489 111 1552 toni
133 1497 278 1578 pastoris
311 1499 453 1560 circuitum
485 1499 574 1582 opnd
597 1500 764 1561 Dominam
796 1499 921 1562 coleos.
938 1500 1085 1578 obtinere,
1118 1512 1154 1564 ut

52 1587 181 1654 lismona
205 1593 335 1657 ecclesia
363 1595 401 1657 de
426 1606 454 1658 to
478 1599 557 1659 siccet
579 1597 617 1658 de
642 1599 804 1660 carissimo
820 1596 931 1680 fratre
959 1610 988 1660 et
1012 1599 1153 1662 studioso

51 1702 235 1772 cooperatore
260 1691 371 1754 debeat
392 1694 528 1779 pondere
542 1697 575 1776 ¹).

126 1823 176 1886 62.
202 1824 382 1906 Gregorius
406 1827 473 1891 VII
498 1829 531 1892 in
556 1827 646 1892 hisce
671 1827 811 1891 decretis
835 1828 1033 1913 sequebatur
1057 1831 1259 1895 vesti-naon
1277 1855 1328 1886 οπο·

50 1919 93 1998 giu
116 1921 240 1986 Nicolai
265 1924 298 1988 ΙΙ
323 1937 355 1988 ct
377 1923 560 1990 Alexandri
584 1925 619 1990 ΙΙ
650 1926 949 2011 praedeeessorum,
982 1928 1038 2010 qui
1063 1949 1151 2011 prae
1212 1915 1280 1956 ‘²²¹⁰'

50 2017 134 2100 cipue
160 2021 194 2084 in
225 2044 325 2086 causa
355 2023 513 2087 ecclesiae
537 2024 792 2088 llediolanensis
822 2024 918 2109 plane
948 2023 1068 2087 similia
1092 2035 1152 2088 sta-

49 2128 175 2197 tuerent,
200 2130 299 2204 atque
324 2124 422 2184 etiam
448 2121 606 2208 populum
626 2123 697 2208 jam
722 2132 835 2185 contra
857 2121 992 2184 clericos
1017 2123 1153 2184 inconti-

48 2223 150 2276 nentes
173 2230 404 2283 evocaverant.
438 2220 503 2284 Sed
527 2220 696 2283 efficacius
719 2218 909 2304 Gregorius,
935 2242 994 2282 sue
1019 2220 1156 2283 decreta

50 2320 78 2371 ut
100 2315 283 2380 executioni
308 2315 430 2402 ubique
455 2317 701 2399 mandarentur,
735 2319 826 2382 nisus
850 2327 914 2398 est3
949 2319 1039 2380 misit
1062 2318 1154 2381 vide·

49 2403 114 2470 licet
136 2411 168 2473 in
192 2433 306 2478 omnes
331 2417 480 2498 regiones
503 2416 627 2496 legatos
660 2425 693 2478 et
716 2415 880 2500 epistolas,
918 2415 1156 2501 praesulesque

49 2510 176 2591 monuit,
208 2519 245 2573 ut
278 2512 413 2595 synodis
446 2513 568 2577 habitis
599 2514 763 2598 intrepide
793 2511 1040 2598 promulgarent
1072 2512 1156 2576 haee

49 2615 165 2688 statuta,
190 2630 229 2670 ac
254 2609 401 2674 districte
427 2634 465 2674 ea
489 2612 657 2675 observari
677 2611 844 2696 juberent.
879 2611 943 2675 Ubi
968 2632 1046 2674 vero
1072 2612 1154 2695 epis·

50 2723 136 2784 copes
166 2705 296 2770 invenit
323 2708 526 2793 negligentes
559 2719 592 2772 et
624 2712 829 2773 resistentem
863 2708 996 2790 clerum,
1030 2707 1157 2771 litteras

49 2819 164 2884 quoque
189 2803 281 2870 dedit
304 2807 346 2870 ad
372 2807 485 2872 fideles
509 2808 629 2892 quibus
653 2830 708 2871 eos
734 2809 870 2888 monuit,
895 2828 937 2869 ne
961 2805 1154 2870 ecclesiasti-

50 2917 148 2962 corum
179 2903 456 2968 incontinentium
487 2908 588 2969 saeris
620 2908 815 2969 interessent
846 2905 888 2968 ab
922 2905 1025 2988 iisque
1050 2925 1155 2966 sacra-

51 3005 147 3060 menta
170 3002 383 3085 susciperent.
417 3042 462 3051 —
495 3003 648 3068 Pontifex
673 3005 773 3066 etiam
803 3025 878 3066 cum
903 3001 1042 3065 decretis
1067 3003 1157 3064 misit

49 3090 83 3152 ad
108 3093 285 3162 Henricurn
309 3101 358 3164 IV
389 3102 522 3182 legatos,
556 3101 676 3187 quibus
705 3125 739 3164 se
764 3101 888 3185 junxit,
919 3109 1051 3186 petente
1076 3097 1155 3162 Gre-

49 3193 136 3269 gorio,
164 3195 281 3276 ¹Agnes
308 3202 394 3282 regis
426 3209 538 3280 mater,
570 3221 634 3285 quo
668 3199 798 3263 facilius
831 3201 942 3262 omnis
966 3219 1041 3260 eum
1066 3197 1149 3260 Hen-

50 3288 106 3352 rico
136 3295 182 3357 IV
219 3307 295 3380 apte
329 3309 613 3382 componerentur.
670 3297 834 3360 Hearicns
866 3296 914 3360 IV
952 3317 1063 3358 mense
1095 3295 1155 3357 Fe-

49 3378 169 3455 bruario
187 3393 275 3458 illius
291 3398 370 3459 anni
387 3396 496 3460 denuo
512 3419 571 3482 per
583 3394 754 3459 Saxonum
771 3395 966 3458 seditionem
981 3395 1016 3456 in
1033 3413 1154 3474 aragne

50 3477 228 3558 discrimina
262 3493 440 3576 inciderat,
476 3517 515 3558 ae
551 3516 663 3556 mense
693 3491 801 3576 Aprili
829 3490 1047 3572 Nurembergi
1073 3488 1154 3553 Gre-

49 3595 119 3671 gorii
142 3593 259 3678 legatis
283 3591 478 3678 obsequium
503 3591 658 3656 exhibuit
681 3592 760 3654 satis
792 3599 991 3675 promptum.
1040 3585 1152 3650 Consi-

49 3685 146 3754 liarios
168 3692 316 3776 quinque
336 3691 407 3774 jam
431 3690 474 3753 ab
500 3689 691 3754 Alexandro
716 3689 750 3752 ll
779 3687 1082 3750 excommunicatos
1107 3684 1153 3747 di-

50 3789 134 3870 misit,
158 3811 257 3875 seque
285 3787 370 3851 bona
393 3787 563 3852 Ecclesiae
588 3797 746 3871 usurpate
771 3786 978 3849 redditurum
996 3803 1065 3844 esse
1082 3803 1153 3866 spo-

49 3886 160 3964 pondit.
207 3885 238 3950 A
264 3886 381 3968 legatis
405 3885 482 3949 dein
506 3886 858 3967 excommunicatione,
895 3903 994 3968 quam
1025 3879 1066 3942 ob
1092 3879 1153 3943 ire·

49 4029 246 4042 ''h—-

112 4093 130 4159 ¹)
148 4093 226 4156 istie,
252 4093 367 4146 Menum.
388 4090 470 4158 Greg.
491 4105 549 4157 epp.
576 4089 632 4142 coll.
659 4090 683 4141 3.
722 4087 826 4141 Similes
851 4087 906 4141 tere
932 4081 1063 4152 epistolae
1088 4091 1152 4135 sunt

49 4183 107 4232 quae
124 4173 212 4226 eodem
232 4181 357 4239 tempore,
377 4169 576 4225 menseltartio
600 4185 623 4222 a.
646 4169 721 4232 1074,
742 4167 837 4221 missae
855 4171 920 4221 snut
938 4163 1153 4218 edWezelinum

49 4247 294 4321 llegdeburgensem
313 4259 341 4306 et
360 4251 519 4320 sigifridum
537 4249 729 4318 Mogontinum
749 4247 894 4316 episcopos.
934 4247 965 4300 L.
985 4261 1007 4298 c.
1027 4245 1051 4299 3.
1071 4247 1097 4296 4.
