2922 4832
506 1603 870 1730 Dissertatio
909 1607 1239 1754 vigesima.

321 1831 385 1915 Ite
412 1836 535 1916 statu
561 1835 787 1922 Ecclesiae
812 1837 960 1920 medlo
988 1837 1166 1922 saeculo
1192 1839 1419 1922 undecimo.

414 2261 443 2324 l·
490 2260 666 2342 Saeculum
699 2276 913 2343 undecimum
944 2279 978 2343 in
1010 2301 1070 2343 sua
1103 2278 1252 2343 Historia
1284 2279 1420 2344 litterario
1450 2295 1451 2364 l

320 2372 507 2438 Gulielmus
533 2372 624 2439 Cave
653 2377 945 2442 Hildebraudiaum
974 2376 1132 2440 auctarium
1162 2377 1324 2463 appellat,
1353 2399 1421 2440 ennn·
1450 2419 1451 2454 3

213 2493 271 2523 eeu
322 2494 387 2559 que
410 2473 514 2536 secuti
539 2484 616 2538 sunt
638 2473 694 2538 alii
718 2473 828 2560 plures
853 2475 1028 2560 scriptores
1051 2473 1258 2539 heterodoxi·
1305 2475 1348 2540 Hi
1369 2475 1421 2560 qni·

322 2570 398 2634 dem
429 2571 465 2634 in
496 2570 658 2635 invidiam
690 2568 841 2657 Gregorii
866 2571 932 2638 VII
955 2572 1127 2637 Pontificis
1158 2595 1196 2636 ea
1220 2573 1422 2659 appellatione
1450 2617 1451 2628 2

320 2669 372 2732 uei
396 2677 488 2752 sunt3
514 2667 572 2732 aed
596 2667 676 2734 dum
696 2668 988 2735 Hildehraadr'aum
1011 2668 1093 2734 illud
1116 2669 1288 2736 saeculum
1311 2679 1421 2734 vocant.

321 2764 603 2851 quemadmodum
627 2767 790 2832 Arianum
821 2767 938 2832 dicunt
968 2777 1133 2855 quartum,
1157 2767 1356 2834 Photiauum
1382 2788 1423 2832 nc

321 2885 412 2944 num,
438 2863 525 2928 illiue
548 2887 629 2930 sane
643 2865 815 2932 Pontifiois
839 2868 982 2932 insuam
998 2875 1141 2932 aetatem
1161 2865 1328 2932 influxum
1341 2867 1423 2930 fuisse

321 2963 506 3026 maximum
529 2962 734 3049 profitentur.
775 2962 939 3029 Catholici
954 2985 1033 3029 vero
1057 2975 1209 3029 auctores
1233 2967 1334 3030 etiam
1356 2961 1423 3026 ultro

320 3059 542 3145 proclamant,
572 3061 716 3126 indolem
741 3084 834 3127 suam
859 3074 891 3127 et
914 3061 1138 3128 characterem
1162 3061 1340 3148 specialem
1362 3061 1422 3124 hnic

320 3158 452 3223 saeculo
476 3181 593 3224 revera
616 3161 795 3247 praecipue
818 3160 963 3226 inditum
986 3182 1057 3225 esse
1080 3183 1101 3226 a
1117 3159 1278 3246 Gregorio
1302 3159 1365 3224 Vll
1385 3159 1422 3221 iis.

322 3277 407 3342 quae
429 3267 576 3344 tempore
599 3257 811 3344 pontificatus
835 3259 902 3341 sui,
935 3261 1002 3324 imo
1031 3268 1064 3323 et
1094 3267 1171 3324 ante
1200 3257 1422 3344 pontificatum

321 3375 380 3439 pro
404 3354 574 3420 Ecclesiae
604 3378 643 3419 ae
667 3356 833 3422 societatis
857 3355 1057 3420 christianae
1088 3355 1202 3438 salute,
1233 3354 1369 3420 consilio
1389 3373 1423 3413 aa·

320 3453 426 3537 pienti
450 3463 483 3517 et
506 3475 607 3516 manu
629 3452 706 3518 forti
730 3463 883 3539 operatus
906 3465 965 3520 est.
993 3451 1078 3541 Ipse,
1102 3455 1261 3539 repressis
1284 3449 1422 3517 abusibus

322 3551 357 3614 in
381 3551 536 3616 societate
553 3551 733 3616 christiana
756 3551 974 3638 serpentibus,
998 3552 1183 3617 Ecclesiam
1206 3551 1344 3616 summis
1359 3548 1423 3636 pen‘·

322 3646 405 3713 culis
429 3650 559 3736 eripuit,
584 3658 684 3736 atque
708 3651 822 3734 vigore
846 3651 972 3735 ingenti
989 3651 1179 3737 invictaque
1195 3649 1376 3714 constantia
1396 3664 1422 3704 ut

321 3749 547 3832 propugnavit
569 3757 603 3812 et
624 3747 771 3812 firmavit
793 3750 959 3835 principia
976 3748 1121 3835 juraque
1136 3770 1241 3830 sacra,
1267 3743 1423 3832 exquibus

320 3853 392 3908 tum
418 3843 586 3910 Ecclesiae
609 3855 679 3910 tum
697 3847 861 3910 societatis
884 3846 972 3912 salus
988 3848 1134 3910 maxime
1157 3845 1314 3932 pendent
1345 3838 1423 3906 unde

320 3943 422 4006 etiam
446 3941 489 4006 ab
513 3944 617 4030 ipsius
640 3952 747 4008 aetate
771 3965 829 4029 per
852 3943 948 4030 plura
971 3943 1112 4024 saecula,
1143 3945 1249 4028 magis
1273 3941 1423 4026 magisqut

321 4061 356 4104 se
380 4041 506 4107 evolvit
533 4052 566 4107 et
594 4040 799 4127 resplenduit
821 4041 990 4106 Ecclesiae
1020 4042 1199 4105 auotoritas
1228 4040 1375 4105 salutauis
1397 4035 1422 4094 iu

322 4140 512 4204 universam
536 4142 726 4206 societatem
755 4137 970 4204 christianam
994 4140 1131 4226 ejusque
1155 4160 1262 4203 mores
1283 4159 1323 4202 ac
1338 4139 1423 4199 ritant

322 4259 454 4323 quoque
478 4237 609 4302 civilem
636 4249 668 4302 et
691 4237 869 4325 politicam.
