2904 4834
305 525 428 580 Eventus
445 535 508 593 post
526 525 674 581 Concilium
693 541 747 580 osc.
766 525 843 580 VIII.
1080 527 1134 581 41⁷
1239 561 1243 566 -

36 689 98 730 senc
119 667 304 752 patriarcha
328 669 462 732 omnino
485 667 736 733 reconciliatum
759 669 869 750 scrisse,
893 689 933 732 ac
950 671 1049 732 venia
1066 689 1133 732 mu-

36 777 79 826 tua
100 763 173 828 data
195 766 378 828 amicitiam
394 766 546 830 intimam
563 765 712 831 coluisse.
740 765 884 830 Basilius
900 775 1010 829 autem
1031 787 1133 852 quum

35 862 152 941 rideret,
176 885 210 926 se
235 883 300 926 non
326 861 507 927 obtinuisse
523 863 612 949 quod
627 873 825 949 speraverat,
847 862 1004 928 videlicet
1017 885 1132 948 pacem

34 960 210 1045 completam
243 959 403 1024 ecclesiae
435 959 606 1043 CPtanae,
646 961 704 1024 sed
733 959 844 1025 Photii
876 983 1033 1048 sequaces
1064 983 1133 1025 esse

32 1057 210 1140 permultos,
241 1079 410 1145 quumque
442 1058 496 1122 bic
526 1059 674 1123 favorem
705 1059 809 1143 ipsius
831 1060 903 1145 jam
928 1059 1132 1140 obtinuisset,

31 1177 61 1218 co
82 1157 225 1220 animum
250 1159 364 1238 vertit,
396 1166 433 1220 ut
457 1165 690 1242 postmortem
714 1156 836 1241 Ignatii
860 1155 998 1221 Photius
1022 1158 1133 1221 sedem

30 1253 175 1336 perditam
200 1264 419 1338 recuperaret.

106 1369 178 1434 108.
202 1369 308 1432 Morte
341 1378 456 1433 sancta
486 1371 613 1455 quievit
639 1369 789 1454 Ignatius
820 1369 873 1433 die
907 1371 948 1434 23
980 1369 1303 1436 Octobrisnooumn·

29 1469 93 1530 anni
118 1465 225 1552 8773)
249 1488 350 1552 quum
375 1467 417 1530 ad
441 1478 583 1532 aetatem
608 1469 774 1551 octoginta
798 1467 865 1531 fere
886 1489 1049 1532 annornm
1064 1492 1132 1554 per·
1184 1440 1262 1482 ’Μ’

29 1567 167 1628 venisset.
214 1562 353 1628 Photius
378 1564 486 1628 triduo
515 1575 589 1650 post
616 1563 872 1650 patriarchicam
896 1564 1007 1628 sedem
1033 1563 1134 1630 CPta·

28 1685 110 1741 nam‚
142 1662 277 1726 favente
305 1661 427 1726 Basilio
460 1662 679 1748 Imperatore,
713 1684 825 1726 rursus
858 1665 1044 1749 occupavit.
1091 1663 1133 1730 Se

27 1771 164 1824 coactum
188 1759 290 1822 fuisse
314 1781 492 1845 omnesque
516 1759 586 1845 ejus
605 1761 845 1824 restitutionem
862 1761 1054 1846 postulasse,
1079 1785 1133 1848 po·

27 1870 84 1922 stca
106 1857 263 1923 mentitus
287 1867 352 1938 est,
378 1857 412 1921 id
436 1879 516 1921 sane
540 1854 712 1942 probabile
736 1879 917 1939 censemus,
943 1879 1017 1922 eum
1034 1861 1133 1922 etiam

25 1955 76 2020 hac
99 1957 183 2034 vice,
208 1963 246 2017 ut
261 1963 368 2038 antea,
393 1955 598 2019 comoediam
614 1954 793 2040 quamdam
810 1957 916 2039 egisse
936 1967 968 2019 et
984 1957 1134 2022 resisten-

25 2058 92 2118 tiam
118 2065 150 2116 et
173 2055 378 2117 coactionem
401 2053 546 2117 finxisse.
577 2051 742 2116 Omnibus
766 2053 884 2115 iterum
904 2052 1040 2136 fraudis,
1065 2075 1133 2118 mu·

25 2173 145 2226 nerum,
176 2148 353 2214 violentiae
377 2149 495 2214 mediis
518 2172 597 2212 usus
621 2158 683 2230 est,
715 2157 752 2212 ut
774 2171 829 2213 eos
856 2151 913 2236 qui
938 2150 1134 2215 resistebant

23 2253 184 2335 episcopos
197 2246 251 2311 vel
267 2246 459 2330 lucraretur,
485 2245 571 2311 vele
588 2248 655 2310 suis
670 2246 804 2312 sedibus
819 2248 962 2332 pelleret,
980 2258 1078 2336 atque
1098 2251 1132 2314 in

22 2347 221 2411 adversarios
245 2355 431 2410 constantes
456 2345 526 2410 dire
550 2346 678 2410 saeviit.
713 2344 807 2410 Illieo
828 2367 906 2410 vero
931 2347 1030 2409 etiam
1048 2357 1133 2411 artes

23 2465 126 2510 omnes
141 2442 305 2524 adhibuit,
323 2452 361 2507 nt
371 2466 391 2505 a
404 2441 488 2508 Sede
501 2441 650 2506 Romana
661 2444 944 2508 confirmationem
958 2449 1134 2531 conseque·⁴

22 2555 111 2607 retur.
136 2543 243 2606 Movit
255 2543 356 2626 igitur
366 2541 613 2626 Imperatorem,
628 2549 665 2604 ut
676 2539 731 2604 hio
742 2539 881 2604 Romam
894 2543 1039 2605 mitteret
1049 2541 1132 2606 litte-

22 2663 73 2722 ras,
85 2641 120 2728 (a
127 2639 246 2704 Photio
257 2659 424 2702 censerem
436 2639 625 2720 confectas),
636 2637 768 2724 quibus,
779 2637 869 2702 haud
878 2649 1133 2702 commemorata
1151 2688 1160 2724 ,

20 2737 134 2822 Ignatii
159 2745 272 2818 morte,
296 2734 482 2816 nuntiabat,
507 2737 701 2799 scissionem
715 2733 997 2822 Constantinopoli
1021 2735 1132 2801 adhuc

20 2835 192 2917 perdurare
208 2834 345 2920 ejusque
361 2835 533 2897 occasione
549 2831 684 2897 clericos
703 2843 735 2897 et
751 2833 929 2897 monachos
945 2832 1031 2896 male
1051 2845 1132 2897 trac-

20 2935 87 3016 tari3
119 2931 274 2996 hisvero
298 2929 395 2994 malis
423 2929 595 2994 medendis
623 2929 757 3016 petebat
780 2928 903 3015 legatos
927 2933 989 3016 ipsi
1018 2954 1132 3018 accep-

19 3045 70 3096 tos.
100 3029 299 3095 Zachariam
314 3028 540 3093 Aueniensem
561 3039 593 3091 ct
606 3027 822 3092 Anastasium
836 3025 1131 3093 Bibliothecarium

18 3128 193 3212 postulatos
208 3127 319 3210 fuisse,
337 3127 501 3212 conjicere
516 3147 700 3212 possumus.
732 3125 893 3210 Sperabat
905 3125 1052 3208 Photius,
1067 3124 1131 3189 hac

18 3228 138 3290 ratione
163 3233 320 3289 venturos
343 3223 482 3308 legatos,
508 3243 591 3308 quos
614 3224 649 3286 in
673 3245 749 3286 suas
773 3231 883 3308 partes
906 3222 1035 3287 trahere
1058 3245 1131 3310 pos·

17 3335 68 3406 set,
93 3344 216 3410 cosque
240 3343 324 3408 quae
349 3320 539 3385 acciderant
560 3319 829 3406 comprobaturos
848 3342 927 3402 esse,
952 3330 1131 3406 antequam

17 3419 169 3486 Pontifex
191 3418 337 3505 aliquam
362 3417 403 3482 de
427 3418 467 3482 iis
491 3419 689 3482 sententiam
713 3417 848 3481 tulisset.

102 3519 178 3584 109.
201 3519 324 3582 Romae
348 3515 519 3580 Hadriano
544 3515 699 3579 defuncto
723 3517 758 3578 in
773 3514 893 3580 Sedem
916 3514 1129 3600 apostolicam
1141 3517 1299 3624 tmpupvnr

16 3615 63 3680 die
81 3619 136 3682 14·
152 3614 348 3679 Decembris
371 3615 450 3677 anni
466 3613 530 3677 872
554 3623 756 3676 successerat
769 3613 914 3677 Jooanes
932 3611 1018 3676 VHI.
1058 3611 1130 3676 Vir·
1248 3605 1255 3620 ’

16 3715 147 3792 tutibus,
173 3710 351 3799 apostolico
375 3713 498 3797 vigore,
523 3709 699 3796 prudentia
722 3731 852 3795 quoquc
877 3732 952 3774 eum
976 3707 1131 3773 difficilli-

17 3815 73 3876 mis
98 3811 164 3876 illis
187 3808 392 3896 temporibus
418 3830 483 3873 non
518 3810 680 3890 caruisse,
716 3807 775 3872 sed
807 3807 897 3872 hisce
925 3806 1129 3892 excelluisse,

10 3909 76 3992 jam
102 3909 259 3974 vidimus.
294 3907 348 3972 Ad
366 3927 442 3970 eum
453 3905 569 3970 Basilii
593 3904 750 3990 epistolae
773 3914 995 3991 pervenerunt
1018 3925 1130 3968 mense

85 4133 108 4190 ¹)
125 4130 196 4185 Huic
219 4145 290 4183 anno
314 4133 427 4183 mortem
445 4125 551 4195 Ignatii
576 4141 635 4180 oum
658 4125 690 4180 cl.
709 4122 914 4196 Hergenrtther
938 4123 1130 4194 assignandum

15 4227 156 4266 canemus
193 4210 287 4263 Plures
306 4213 429 4262 auctores
447 4221 507 4261 eam
526 4205 653 4261 accidisse
671 4221 694 4262 a.
710 4205 764 4261 878
781 4204 948 4268 existimant,
967 4205 1013 4259 sed
1032 4203 1130 4272 prioris

15 4290 162 4346 ⁴entcutisc
181 4289 260 4344 firma
272 4291 436 4356 arguments
447 4285 509 4340 vide
522 4300 566 4353 ap.
577 4283 789 4355 Hergenrothsa
807 4283 922 4339 Plotius
933 4283 965 4339 Τ.
977 4283 1013 4338 Π.
1031 4299 1056 4351 p.
1066 4284 1128 4340 286.

71 4389 200 4438 tarmus.
216 4385 392 4427 assecutiones.
423 4381 482 4423 Tou.
498 4380 535 4423 111·
987 4373 1020 4426 27
