2922 4832
154 3334 255 3388 Bplncopi
265 3335 299 3377 ln-

158 3406 302 3448 continentes.

319 491 371 544 lta
549 489 610 546 XX.
630 490 669 544 De
687 495 763 544 statu
782 491 852 544 Eccl.
871 489 958 544 medio
977 505 1045 547 saec.
1065 490 1216 546 undecimo.

312 645 445 721 peceato
470 645 551 712 aaut,
576 634 695 698 dicente
713 636 891 723 propbeta:
914 634 1019 698 Filias
1040 655 1105 698 ooo
1121 633 1270 720 portabit
1290 636 1415 720 iniquitu-

319 743 379 796 tcm
395 735 523 820 patris,·
558 742 588 796 et
615 735 650 795 t'a
678 754 768 797 sacro
800 733 988 820 baptismate
1018 733 1125 796 omnio
1147 733 1343 796 dimittuntur
1359 755 1414 818 per·

318 829 433 915 cata.¹)
479 829 622 894 Videtur
652 841 763 894 autem
792 831 869 895 dein
900 851 959 916 per
988 829 1124 916 aliquod
1155 831 1310 915 temporis
1338 831 1416 894 inter·

317 926 444 992 vallum
468 930 502 993 in
527 925 708 993 Germania
739 938 772 992 et
794 927 905 993 Gallia
934 930 1116 1014 generatim
1141 927 1316 1015 disciplina
1338 927 1416 992 eccle

318 1026 451 1090 siastica
484 1036 535 1089 sat
565 1026 650 1091 bene
683 1027 858 1092 observata
891 1028 1000 1092 fuisse.
1049 1025 1184 1091 Etenim
1218 1049 1261 1091 ex
1292 1027 1417 1092 Ratherii
1453 1019 1454 1056 ³

319 1121 520 1189 Veronensis
544 1126 675 1211 scriptis
692 1124 866 1210 colligitur,
891 1125 1031 1189 abusum
1049 1126 1319 1209 incontinentiae,
1341 1147 1419 1212 quem
1453 1127 1454 1216 l

320 1225 355 1286 iu
379 1225 447 1286 suis
479 1223 607 1287 clericis
632 1224 825 1309 castigabat,
850 1225 885 1288 in
909 1223 1019 1289 Gallia
1049 1245 1088 1286 ac
1113 1221 1295 1288 Germania
1326 1224 1421 1288 mtem
1453 1230 1454 1280 l

318 1319 425 1404 gradu
449 1319 548 1386 valde
571 1321 711 1386 notabili
734 1345 800 1388 non
826 1323 1000 1386 exstitisse.
1047 1321 1206 1386 Attamen
1230 1321 1355 1386 saeculo
1375 1344 1421 1383 nu·

319 1419 447 1484 decimo
472 1421 506 1484 in
531 1422 633 1484 variis
657 1419 857 1485 Germaniae
881 1419 1088 1485 dioecesibus
1111 1419 1306 1484 clericorum
1330 1421 1421 1504 conju·

318 1519 374 1601 gia
398 1518 578 1582 admodum
601 1529 783 1604 propagata
817 1527 910 1600 sunt,
948 1519 1082 1583 atsere
1115 1519 1308 1582 communie
1340 1517 1421 1584 facts

320 1617 366 1680 ita
397 1624 574 1680 utcontra
600 1613 752 1701 Gregorii
777 1615 844 1681 Vll
876 1617 1049 1680 decreta'
1041 1637 1076 1679 1n
1109 1615 1347 1679 archidioeccsi
1367 1613 1454 1728 Mo,

318 1715 459 1798 gentina
482 1713 773 1780 vehementissima
797 1716 936 1779 oriretur
960 1715 1142 1800 oppositio,
1176 1715 1232 1776 cui
1256 1687 1454 1798 Sigelridus

319 1812 588 1897 archiepiscopus
612 1815 719 1877 cessit.
767 1812 844 1879 Otto
877 1835 955 1878 vero
981 1811 1245 1877 Constantiensis
1269 1813 1423 1924 episcopus

319 1932 356 1974 eo
381 1933 572 1995 progressus
596 1919 653 1989 est,
679 1920 716 1974 ut
739 1909 867 1974 clericis
891 1913 958 1974 suis
983 1909 1145 1997 ejusmodi
1170 1909 1422 1994 conjugisplans

319 2010 536 2094 permitteret,
569 2031 689 2095 eosque
723 2010 884 2073 excitaret
913 2009 955 2073 ad
980 2007 1167 2094 spernenda
1200 2007 1330 2071 decreta
1359 2005 1424 2070 Gre-

319 2107 401 2189 gorii
426 2105 503 2172 VIl.
527 2143 571 2153 -
594 2107 704 2170 Etiam
739 2109 773 2170 in
797 2106 992 2192 Burgundia
1025 2129 1064 2170 ac
1092 2106 1299 2170 Normannia
1329 2125 1426 2168 versus

320 2205 420 2268 finem
444 2203 567 2268 sacculi
593 2205 713 2269 decimi
738 2205 933 2269 clericorum
958 2206 1168 2268 matrimonia
1185 2205 1309 2290 passim
1332 2225 1425 2268 occur·

318 2301 438 2388 runt.¹)
484 2303 524 2367 In
548 2303 767 2387 Lotharingia
791 2305 1066 2368 incontinentiam
1091 2301 1301 2366 sacerdotum
1322 2303 1428 2386 pariter

320 2400 510 2485 invaluisse,
536 2399 645 2484 colligi
663 2411 770 2486 potest
793 2423 835 2464 ex
849 2401 929 2465 Vita
952 2399 1129 2464 Alberonis
1152 2399 1425 2487 11(984-1005l.

319 2521 419 2585 quam
445 2500 576 2584 scripsit
600 2497 838 2563 Constantinus
861 2497 997 2580 Abbas3
1031 2497 1145 2562 laudat
1177 2500 1206 2562 is
1229 2496 1425 2563 Albcronem.

320 2599 409 2683 quod
432 2597 517 2661 filios
542 2598 749 2662 sacerdotum
774 2597 815 2662 ab
841 2596 1013 2661 ordinibus
1037 2619 1104 2661 non
1128 2595 1317 2660 excluserit.
1348 2595 1427 2680 Epis-

319 2696 390 2781 copi
413 2697 463 2759 sai
487 2697 643 2781 temporis,
669 2695 792 2776 scribit,
818 2694 920 2780 aliqui
934 2695 1032 2780 fosta
1047 2695 1224 2782 superbiae,
1250 2693 1351 2780 aliqrre'
1371 2695 1428 2754 sim·

312 2793 463 2879 plicitote
487 2795 601 2871 cordis,
624 2794 715 2877 filice
739 2794 949 2858 saeculariam
973 2793 1170 2856 sacerdotum
1199 2793 1243 2856 cd
1268 2815 1372 2856 sacrm
1392 2813 1428 2852 or·

319 2891 409 2954 diues
434 2891 600 2954 admittere
624 2893 895 2977 dedignabantur,
931 2915 987 2956 acc
1011 2892 1056 2954 ad
1086 2892 1270 2954 clericatum
1293 2911 1344 2953 eos
1367 2889 1428 2950 reri·

313 3010 391 3074 pere
414 2989 568 3069 colentes;
598 2991 740 3054 biccaro
765 2991 874 3054 beatos
903 2992 1055 3053 neminem
1080 2989 1267 3075 despiciens,
1290 2989 1428 3050 neminem

318 3107 477 3172 spernaces,
504 3089 629 3173 possim
652 3099 777 3152 coactos
799 3088 985 3176 recipiebat,
1018 3109 1115 3171 cepere
1141 3107 1315 3172 personam
1347 3105 1429 3169 arpeo

317 3207 414 3268 penas
437 3184 554 3270 clipeos
578 3195 635 3248 out
650 3184 924 3275 praejudicans.³)

408 3319 461 3383 22.
492 3319 583 3382 Inter
599 3321 770 3404 episcopos
787 3341 918 3405 quoque
942 3319 1099 3383 videntur
1114 3319 1214 3382 fuisse
1240 3318 1298 3403 qui
1322 3337 1428 3381 uxores

318 3413 514 3498 habuerint,
549 3419 690 3502 pessimo
724 3439 803 3482 sanc
838 3417 988 3503 exemplo
1022 3427 1054 3482 et
1084 3415 1211 3480 nefasta
1243 3415 1427 3502 disciplinae

318 3512 508 3578 violatione.
535 3513 647 3594 Quum
670 3524 781 3580 tamen
806 3517 906 3579 etiam
930 3514 1020 3600 apud
1044 3512 1230 3580 Orientales
1255 3513 1427 3578 inauditum

319 3621 404 3676 esset
428 3614 600 3697 episcopos
625 3614 780 3699 conjugia
804 3615 903 3694 inire,
943 3612 1079 3677 difficile
1112 3611 1300 3694 crederem,
1335 3610 1428 3676 matri·

319 3711 433 3773 monio
466 3709 564 3796 plane
601 3710 735 3796 publico
769 3711 840 3775 illas
879 3710 1032 3775 mulieres
1066 3709 1278 3796 praesulibus
1308 3710 1428 3796 junctas

319 3807 429 3872 fuisse.
483 3808 522 3872 In
547 3808 705 3874 Gulielmi
742 3807 950 3874 Gemetensis
985 3809 1135 3874 Historia
1172 3807 1427 3873 Narmanncrun

317 3905 455 3989 legitur:
492 3905 657 3987 liebertus,
677 3909 771 3992 filice
789 3907 891 3993 prinei
918 3907 1074 3972 Richardc'
1096 3907 1184 3970 ducis
1210 3905 1429 3970 Nema-neus.

318 4059 532 4070 ——.

394 4118 412 4181 ¹)
432 4117 530 4186 Lebbe,
550 4117 579 4172 O.
598 4119 677 4175 Cone.
698 4118 747 4174 IX.
768 4121 828 4175 698.

392 4195 415 4266 ²)
436 4197 489 4254 Otr.
510 4199 623 4253 Girbrer
642 4199 724 4269 Greg.
745 4199 807 4255 VII.
826 4201 858 4254 B.
878 4199 926 4255 VI.
947 4199 1011 4267 Cap.
1033 4199 1073 4253 13.

393 4277 414 4348 ¹³)
434 4279 517 4332 Perta
535 4280 572 4335 Μ.
592 4279 624 4336 G.
644 4279 696 4334 Ser.
716 4281 765 4336 IV.
785 4282 845 4334 667.
882 4280 950 4334 Vita
968 4279 1109 4334 Alberonis
1127 4277 1164 4332 11.
1184 4293 1212 4333 n.
1231 4281 1278 4334 24.
