2926 4840
319 483 360 538 De
378 500 459 538 eausa
477 485 616 542 Hmcmari
633 488 830 544 Laudunensis.
1086 495 1138 547 set

49 633 97 686 tua
116 627 280 712 superioris
303 648 397 712 mcum
419 631 514 693 οιιάπι
537 631 704 717 inferioris
726 633 867 711 ordinis,
897 657 976 720 qaue
999 635 1141 700 Nicaeai

47 737 70 786 et
85 727 189 790 curari
208 751 369 796 mmm
391 723 603 794 Consiliorum
625 753 772 809 maana,
795 742 826 796 et
848 733 1026 798 Innocentia‘
1048 744 1140 820 atque

46 821 157 888 αἰίωι
197 839 327 893 aarum
365 827 529 890 Rotoaooa
569 824 662 892 Sedis
701 829 886 912 Pontificum
924 830 1066 910 ἄπνοια,
1105 832 1140 895 in

45 923 152 1004 prodis
174 923 428 1010 prooiaeiclsdaa
460 948 481 987 a
512 923 766 1011 mespolitcot'a
800 929 1006 1014 prosapiam
1038 930 1140 994 termi-

45 1021 110 1098 ann',
130 1021 172 1085 ad
183 1035 318 1088 suanm
331 1045 485 1086 maumam
497 1023 716 1088 auctoritatem
728 1023 934 1111 futiyoadam
948 1025 1140 1112 demumst)

45 1115 112 1182 ltein
131 1120 170 1183 2⁰
192 1121 366 1202 convenit,
398 1119 443 1184 ad
466 1129 616 1184 sanctam
639 1119 759 1186 Sedem
784 1123 1023 1188 recurrendum
1046 1125 1080 1189 in
1105 1146 1140 1188 re

44 1213 137 1298 dubia,
169 1217 222 1282 vel
255 1220 283 1283 si
315 1220 491 1304 episcopus
523 1240 590 1283 non
622 1222 855 1304 provocaverit
886 1219 930 1286 ad
961 1221 1140 1289 electorum

39 1311 165 1394 judicum
190 1317 399 1398 sententiam,
424 1316 482 1382 sed
505 1315 725 1402 appellaverit
746 1340 913 1383 summum
931 1319 1139 1406 Pontificem,

42 1414 309 1480 mormandum
337 1415 516 1500 septimum
541 1436 701 1480 canonem
726 1415 957 1483 sardicensem
987 1418 1029 1483 ad
1057 1420 1140 1486 Pon-

42 1509 116 1576 titicis
138 1512 389 1598 dispositionem
413 1521 572 1597 spectare,
597 1523 633 1576 ut
655 1524 834 1578 renovetur
848 1536 1000 1581 examen.
1041 1516 1141 1583 Vide-

40 1621 80 1671 tur
97 1621 203 1674 autem
226 1613 375 1690 innuero,
399 1609 596 1675 Pontificem
617 1631 684 1676 non
704 1611 824 1678 debere
841 1613 979 1678 Romam
1000 1637 1140 1680 evocare

40 1702 193 1790 litigantes,
217 1709 276 1774 sed
299 1710 409 1794 potins
427 1707 560 1794 judices
583 1710 618 1772 in
641 1711 815 1794 provincia
838 1709 1019 1794 destinare,
1044 1710 1097 1778 vel
1122 1735 1140 1777 e

39 1801 119 1868 latere
140 1828 198 1872 sno
213 1809 354 1871 mittere.
393 1806 438 1870 Et
456 1805 567 1892 quoad
583 1806 785 1872 Rothadium
807 1808 1039 1892 contendebat,
1064 1832 1140 1875 eum

38 1899 70 1964 ad
94 1903 201 1971 clectos
222 1905 350 1994 judices
381 1902 605 1990 appellasse.²)
650 1906 797 1970 Demum
827 1907 865 1971 3⁰
890 1909 938 1972 De
962 1909 1140 1995 metropoli-

39 2011 105 2075 tcao,
127 2004 183 2084 ait,
201 2025 265 2090 per
288 2025 397 2068 somna
419 2003 546 2088 reputas
570 2005 752 2082 emetiarto,
775 2006 830 2090 qai
852 2027 893 2068 aa
915 2007 1048 2091 acopon
1071 2027 1141 2070 coo-

37 2099 180 2164 modias
204 2100 244 2164 ab
267 2099 456 2187 Apostolica
479 2098 560 2165 Sede
577 2099 719 2187 palliam
742 2103 875 2188 accipit,
908 2103 988 2168 ciart
1010 2103 1073 2167 Leo
1097 2103 1142 2168 ad

37 2195 240 2277 claumos,
264 2199 349 2284 pnod
372 2209 402 2263 et
425 2199 604 2263 Nicaeum
630 2196 804 2264 Concilium
825 2201 948 2278 innuit,
972 2209 1002 2264 et
1025 2203 1142 2266 coewri

36 2291 178 2360 Romaene
211 2295 305 2361 Sedis
328 2297 493 2380 Pontaficca
523 2297 559 2360 io
588 2295 722 2362 ἅισνειίε
751 2299 817 2363 auia
847 2321 888 2362 σω
918 2298 1017 2362 raeti
1048 2322 1139 2364 coao-

35 2391 109 2457 otlms
128 2405 321 2474 meant,
344 2393 439 2459 Sedis
461 2396 564 2481 ipsius
586 2395 749 2479 Pooaflcie
772 2397 868 2460 edam
891 2405 964 2459 ante
980 2396 1140 2483 jardicinm

35 2499 69 2549 ert
86 2494 239 2558 ardentio
259 2492 537 2579 premendas)
582 2493 621 2556 4⁰
646 2493 717 2558 Nos
739 2491 991 2579 metropolitani,
1021 2495 1138 2582 inquit,

33 2592 243 2656 cmtrwarrios
265 2591 444 2656 carnalium
466 2592 502 2654 ia
525 2590 655 2678 synodis
680 2590 935 2677 prouincialibus
958 2589 1141 2658 laborantes

33 2683 209 2767 stammas,
243 2699 273 2752 et
295 2689 335 2754 da
357 2688 532 2779 majoribus
564 2711 603 2752 oc
624 2693 780 2779 niujornm
802 2690 908 2754 canas
940 2689 985 2754 od
1008 2712 1140 2755 mamas

33 2803 149 2848 umas
182 2783 278 2850 Sedis
310 2786 472 2872 Pontaflcis
503 2797 580 2873 post
609 2785 769 2876 jiidioicm
799 2786 920 2872 resena
952 2785 1139 2872 urrumnaf)

32 2877 84 2944 Sed
111 2881 183 2947 illas
205 2885 430 2949 restrictiones
452 2883 610 2950 Nicolans
634 2905 701 2948 non
724 2883 876 2966 admisit,
909 2885 1138 2950 auctoritatem

33 2997 95 3042 vero
117 3003 211 3045 snam
235 2991 368 3048 strenue
388 2981 585 3065 vindicavit,
609 2983 663 3047 cui
687 2983 788 3047 etiam
803 2981 1007 3047 Hinomarus
1031 2983 1137 3047 cessit.

32 3075 74 3139 An
95 3100 171 3144 voro
195 3081 231 3144 in
255 3078 308 3145 his
332 3081 566 3146 controversiis
587 3079 852 3146 Pseudo-Isidori
875 3078 1067 3144 Decretales
1091 3081 1138 3144 in·

31 3171 143 3240 fluxum
166 3175 354 3259 habuerint,
377 3177 517 3243 inferius
540 3177 741 3244 videbimus.

103 3275 155 3340 38.
185 3275 301 3340 Restat
323 3285 520 3362 etagamus
542 3276 583 3340 de
605 3299 704 3342 cocao
723 3276 893 3342 Hiooman'
916 3274 1138 3340 manumisit
1167 3289 1293 3334 mm

29 3373 177 3459 episcopi,
213 3397 256 3438 ex
288 3396 355 3460 qna
377 3375 545 3439 maximae
568 3372 752 3439 simultates
785 3385 918 3439 exortae
942 3382 1020 3439 sunt
1051 3375 1138 3439 inter
1154 3350 1308 3396 “dmm

30 3465 224 3536 Hadrianum
239 3472 376 3559 Papam,
402 3470 557 3539 Carolum
575 3469 716 3538 Calvum
732 3493 843 3558 regem
867 3481 901 3537 et
915 3472 1137 3537 Hincmarum

30 3562 236 3636 Rhemansem
259 3569 394 3635 alterins
408 3571 583 3635 Hincmari
607 3569 823 3635 avunculum.
846 3607 889 3618 --
913 3570 1043 3635 Mortuo
1060 3568 1137 3633 Par·

30 3661 95 3728 dolo
116 3667 334 3734 Landunensi
358 3669 512 3755 episcopo
536 3690 651 3734 vorsus
674 3689 703 3734 a.
728 3668 804 3750 856,
828 3668 1032 3732 Hinemarus
1052 3666 1137 3732 Rhe·

31 3766 139 3830 uensis
156 3765 426 3852 archiepiscopus
445 3765 534 3832 hunc
552 3767 781 3854 episcopatum
797 3765 980 3831 Hincmaro
999 3765 1136 3852 juniori,

30 3876 188 3928 exserere
210 3866 343 3951 nepoti,
374 3867 462 3950 regis
484 3864 598 3930 favore
621 3865 823 3950 impetravit.
869 3861 936 3929 Sed
959 3885 1046 3928 anno
1071 3862 1136 3928 868

29 3955 63 4018 ob
89 3959 221 4047 aliquod
250 3961 451 4028 beneficium
481 3961 743 4028 ecclesiasticum
773 3983 894 4047 magna
924 3971 996 4026 orta
1019 3972 1069 4028 est
1097 3961 1137 4028 lis

50 4091 223 4105 ·“-ι-.-

91 4170 111 4235 ¹)
128 4171 163 4228 V.
179 4171 318 4229 Hmcmari
337 4188 378 4242 ep.
397 4173 494 4241 xvn;
513 4173 554 4229 ed.
573 4172 707 4230 Sirmoudi
726 4178 746 4226 t.
766 4171 803 4230 IL
823 4177 859 4242 (ι).
878 4174 952 4242 att.)
970 4189 995 4242 p.
1015 4173 1076 4232 att.

90 4248 235 4320 putten,
346 4250 489 4320 ⁸)1bldern
507 4267 533 4322 p.
553 4253 614 4308 248.
724 4252 749 4321 ⁴)
767 4249 877 4308 ibidem.
