2932 4836
471 489 558 547 Initia
575 488 720 548 scissionis.
1104 491 1155 547 sel

58 639 145 712 sabat,
160 637 245 726 quod
263 645 377 701 saneto
390 634 558 699 Methodio
577 633 785 701 detractaret.
823 631 1033 700 Videbantur
1045 644 1157 700 autem

60 736 123 800 huie
144 738 210 800 viro
244 737 353 799 inesse
377 755 416 797 ea
439 733 568 814 omnia,
601 731 722 818 quibus
746 733 867 818 Ignatii
899 753 1067 798 successor
1089 733 1157 796 exi·

59 836 129 898 mins
148 841 336 920 apparerem
368 829 564 916 faciliusque
588 829 767 894 videbatur
793 851 889 916 posse
912 830 1042 917 palliari
1066 851 1156 895 usur·

56 933 139 1016 patio,
162 931 240 996 dum
264 931 319 994 vir
341 939 433 993 tanta
455 928 545 992 lame
568 929 708 1013 insignis
725 927 879 993 thronum
903 927 1157 1014 patriarchalem

55 1028 237 1094 ascenderet.
275 1027 489 1113 Imperatoris
513 1025 668 1090 mandato
690 1027 829 1091 accessit
851 1027 977 1112 speeies
992 1025 1156 1112 quaedam

54 1125 221 1208 electionis,
258 1123 374 1190 saltem
406 1146 427 1187 a
458 1124 602 1187 faotione
626 1121 777 1208 Gregorii
810 1133 972 1210 peractae.
1019 1121 1157 1188 Photius

55 1223 136 1287 inxit
156 1223 311 1309 quidem,
337 1243 372 1286 se
395 1221 527 1288 nonnisi
551 1222 695 1285 invitum
719 1220 863 1287 oblatam
886 1221 1081 1306 dignitatem
1105 1243 1156 1284 ao·

53 1331 185 1406 captare,
221 1343 262 1384 ac
294 1320 336 1384 de
369 1322 431 1384 ista
459 1314 523 1383 'sua
549 1317 746 1384 reluctantia
778 1329 890 1406 postea
923 1341 1020 1406 saepe
1053 1318 1157 1384 verba

53 1419 126 1483 iecit.
173 1417 241 1483 Sed
265 1439 344 1482 mox
367 1419 553 1504 acquievit,
589 1426 622 1481 et
653 1439 696 1480 ex
718 1416 803 1482 laico
827 1418 914 1482 intra
937 1439 996 1482 sex
1019 1417 1089 1482 dies
1112 1417 1155 1482 ad

52 1516 183 1581 ordinem
207 1515 430 1603 episcopalem
456 1525 590 1580 evectus
622 1515 700 1597 init,
734 1526 1011 1601 consecratusque
1034 1536 1053 1578 a
1077 1513 1155 1580 Gre·

50 1616 127 1695 gorio
148 1613 359 1699 Syracusano
387 1636 417 1678 a.
442 1613 506 1678 857
532 1612 586 1677 die
609 1611 803 1678 Nativi'tatis
826 1613 980 1695 Domini,
1013 1634 1076 1699 quo
1102 1612 1155 1677 die

49 1710 212 1798 aliquando
244 1713 345 1776 etiam
368 1712 524 1776 Tarasius
554 1710 726 1776 ordinatus
755 1721 835 1776 erat.
865 1749 908 1759 —
938 1709 1073 1775 Nullum
1098 1710 1156 1774 dn·
1185 1710 1308 1822 ,mx

51 1807 127 1873 bium
150 1823 214 1892 est,
250 1809 337 1875 hanc
361 1809 579 1874 elevationem
602 1808 712 1874 Photii
743 1811 877 1874 omnino
901 1808 1031 1894 legibus
1054 1808 1156 1873 eecle-

49 1907 174 1974 siastieis
198 1909 386 1994 oppositam
418 1907 531 1971 fuisse.
576 1906 710 1972 Etenim
734 1906 828 1972 sedes
852 1903 986 1972 CPtana
1019 1906 1060 1971 de
1078 1907 1155 1993 jure

50 2025 104 2070 non
124 2005 286 2088 vacabat3
320 2006 452 2069 nonnisi
478 2005 638 2070 canonica
660 2004 866 2091 depositione
889 2003 942 2068 vel
966 2003 1077 2070 valida
1100 2003 1156 2068 ab·

48 2101 198 2169 ditatione
234 2104 381 2190 episcopi
414 2101 525 2167 adhue
558 2104 704 2167 viventis
734 2102 869 2186 Ignatii,
904 2100 991 2167 sedis
1025 2103 1155 2166 vacatio

48 2203 166 2266 evenire
188 2195 370 2288 potuisset.
416 2201 591 2265 Praeterea
613 2200 751 2265 Photius
783 2222 827 2265 ex
856 2200 939 2266 laico
970 2201 1081 2265 statim
1112 2199 1155 2266 ad

47 2297 209 2365 sublimem
244 2297 394 2364 ordinem
428 2297 648 2384 episcopalem
678 2297 826 2364 elevatus
850 2308 914 2380 est,
947 2297 1035 2384 quod
1059 2319 1155 2362 cano·

46 2395 130 2462 nibus
152 2397 399 2483 antiquioribus
423 2396 636 2462 interdictum
661 2406 746 2479 erat3
778 2419 839 2462 neo
862 2397 1037 2461 interstitia
1061 2405 1155 2460 erant

45 2493 217 2576 observata,
242 2518 262 2559 a
278 2493 428 2581 patribus
451 2516 581 2580 semper
599 2501 727 2576 exacta,
752 2497 778 2558 si
802 2493 906 2560 laicus
928 2493 1154 2576 ordinabatur,

44 2613 116 2676 quae
148 2593 328 2670 interstitia
363 2613 406 2656 ex
442 2591 647 2677 legislatione
682 2593 864 2658 Justiniani
904 2591 1020 2656 saltem
1054 2592 1155 2656 trium

46 2691 193 2754 mensium
237 2711 308 2754 esse
347 2688 555 2776 debebant.¹)
607 2687 782 2755 Ordinatio
822 2700 985 2776 postremo
1020 2701 1155 2776 peracta

44 2797 103 2850 erat
131 2809 192 2874 per
226 2788 418 2874 episcopum
448 2786 694 2853 schismaticum
727 2786 771 2852 ab
794 2787 924 2873 Ignatio
957 2788 1154 2874 depositum,

45 2895 70 2946 et
89 2907 127 2949 ex
146 2887 314 2951 sententia
329 2885 425 2950 Sedis
440 2884 652 2972 Apostolieae
675 2883 867 2951 habendum
891 2896 928 2949 ut
946 2907 1154 2971 suspensum.
1171 2913 1174 2920 ·

43 2981 95 3047 Jns
125 2983 345 3049 ordinationis
378 2983 548 3048 habuisset
580 2985 755 3070 episeopus
778 2983 1024 3064 Heracleensis;
1058 3005 1155 3070 quae·

45 3101 172 3168 eumque
197 3092 310 3145 autem
334 3081 434 3146 fuerit
458 3103 574 3164 causa,
608 3080 697 3168 quod
721 3080 900 3168 Gregorius
924 3077 1154 3166 Syracusanus

44 3199 105 3243 enm
132 3181 313 3266 peregerit,
347 3181 488 3244 incerte
521 3200 623 3266 quum
647 3179 779 3266 publice
802 3179 924 3266 Ignatii
957 3189 990 3244 et
1012 3179 1152 3244 Romani

43 3275 204 3342 Pontifieis
235 3288 460 3343 contemneret
483 3299 657 3360 censuras,
688 3288 721 3343 et
744 3277 923 3342 solemnem
946 3277 1154 3364 patriarchae

44 3371 158 3442 CPtani
193 3377 474 3441 consecrationem
508 3378 706 3462 susciperet,
744 3377 884 3462 impium
916 3375 1012 3440 simul
1045 3396 1153 3461 repor-

43 3471 123 3538 tabat
157 3473 383 3560 triumphnm,
419 3483 451 3537 et
487 3474 583 3539 foeda
621 3473 750 3539 macula
786 3474 896 3539 Photii
933 3473 1152 3538 elevationem

42 3571 212 3638 afficiebat.

43 3707 242 3720 1-3——11

107 3787 129 3856 ¹)
145 3787 215 3842 Nos.
236 3787 296 3842 123.
315 3801 337 3840 c.
357 3785 381 3839 1.
401 3783 425 3855 ἕ.
444 3785 469 3840 2.
499 3783 544 3851 ,Si
571 3783 655 3840 laicus
678 3783 728 3839 hoc
745 3785 822 3840 modo
846 3785 881 3839 ad
900 3783 1081 3854 episcopatum
1106 3783 1153 3838 eli·

43 3871 130 3932 ratur,
154 3883 209 3922 non
227 3869 339 3936 repente
358 3862 497 3932 episeopus
516 3863 668 3928 ordinetur,
696 3864 742 3920 sed
761 3865 846 3934 primo
871 3863 974 3920 clericis
992 3881 1046 3920 non
1064 3865 1153 3920 minus

43 3943 120 4000 trihus
144 3945 280 4002 mensibus
298 3949 519 4008 connumeretur,
547 3943 635 4000 etita
659 3952 768 4000 sanctas
787 3944 896 4014 regulas
920 3951 949 3999 et
966 3943 1153 4013 quotidianum

43 4025 160 4080 adaiae
178 4024 360 4082 ministerium
378 4025 488 4080 edoctus
507 4025 645 4093 episcopus
659 4023 823 4080 ordinetur.“
856 4023 942 4093 Leges
955 4023 1153 4080 ecclesiastieae

43 4103 117 4160 etiam
134 4106 282 4162 severiores
300 4109 392 4170 erant,
418 4109 447 4159 et
465 4104 614 4172 exigebant
632 4105 776 4160 secuudum
795 4101 859 4158 Oen,
879 4107 971 4172 Apost.
991 4104 1027 4159 80
1045 4111 1073 4158 et
1092 4103 1153 4158 Sar·

43 4181 87 4236 dic
106 4187 138 4240 10
162 4201 244 4241 unum
263 4201 363 4240 annum
381 4184 527 4239 interstitii
551 4185 624 4240 inter
641 4183 763 4253 singulos
786 4183 900 4240 ordines.
937 4183 1043 4239 Passim
1060 4188 1153 4240 mmen

42 4260 101 4317 brec
117 4265 188 4334 apud
206 4264 359 4320 Orientales
378 4262 559 4319 violabantur.
