3002 4836
296 429 331 480 48
647 426 686 479 De
704 424 807 478 haeresi
827 425 1052 480 iconoclastarum

297 572 518 634 sacrationum
539 570 619 634 serie
646 566 841 634 Unioersulis
864 569 1070 646 describatur,
1094 573 1170 655 quia
1192 581 1302 634 coretm
1324 595 1405 636 susu-

297 681 397 732 rorum
421 690 574 732 canonum
598 669 755 746 instituto,
780 689 834 730 seu
857 677 1035 730 sauctorum
1052 667 1182 732 Petrum
1206 669 1407 733 traditionum

296 768 422 831 decreto
445 787 510 830 esso
534 765 664 828 statur.
691 801 733 812 -
757 765 823 830 Sed
847 764 882 829 id
905 765 1030 830 factum
1054 775 1124 828 erat
1142 767 1242 852 juxta
1265 765 1406 832 Orienta-

296 864 377 928 lium
408 862 696 944 consuetudinem,
722 861 763 926 de
788 884 853 948 qua
875 862 939 927 alio
970 863 1041 927 loco
1065 885 1218 946 agemus3
1257 865 1409 930 Tarasius

296 964 366 1047 ipse
391 960 498 1025 abfuit
529 983 549 1024 a
573 982 660 1024 vana
691 959 776 1023 tituli
802 959 889 1024 illius
912 961 1103 1042 ambitione,
1137 963 1185 1024 uti
1209 985 1268 1026 sua
1291 963 1408 1046 agendi

295 1061 422 1124 ratione
446 1060 525 1122 satis
548 1057 700 1122 ostendit.
722 1097 764 1104 -
779 1059 924 1122 Densum
948 1059 1139 1124 Hadrianus
1162 1059 1328 1143 significat
1351 1062 1409 1124 lm·

296 1157 510 1242 peratoribus,
535 1155 598 1220 sibi
623 1153 836 1220 vehementer
865 1156 1054 1241 displicere,
1079 1157 1168 1243 quod
1191 1158 1347 1222 Tar-usius
1371 1183 1411 1223 ex

295 1255 378 1320 laico
402 1255 446 1319 ad
469 1255 693 1339 episcopatum
718 1253 817 1317 fuerit
843 1253 950 1318 subito
981 1265 1159 1340 promotus.
1213 1255 1310 1320 Unde
1344 1259 1412 1342 ejus
1460 1260 1463 1322 l

295 1353 488 1418 electionem
520 1362 555 1414 ut
585 1373 755 1436 perperam
781 1361 813 1414 et
836 1363 950 1417 contra
984 1375 1126 1418 canones
1148 1353 1270 1418 factam
1295 1356 1412 1439 impro-

295 1451 361 1526 bat,
387 1471 459 1514 eam
483 1459 595 1512 tamen
618 1469 684 1512 non
709 1448 879 1531 rescindit,
905 1450 964 1514 sed
983 1471 1147 1514 canonum
1171 1452 1205 1516 in
1230 1473 1269 1514 eu
1294 1452 1413 1516 infrac·
1465 1482 1466 1538 p

294 1558 401 1612 torum
426 1547 483 1612 dat
506 1548 639 1610 veniam
664 1569 703 1610 ea
726 1546 925 1628 conditione,
951 1561 987 1612 ut
1010 1571 1068 1633 pro
1092 1550 1194 1612 sacris
1211 1549 1414 1633 imaginibus
1466 1557 1467 1598 l

295 1645 506 1710 restituendis
536 1642 648 1707 sedulo
678 1643 813 1709 laboret.
861 1647 902 1708 Et
931 1647 996 1710 uisi
1013 1670 1075 1732 pes·
1105 1650 1171 1734 ejus
1191 1646 1314 1724 fidelem
1343 1670 1413 1711 con·

295 1767 431 1822 cursum,
456 1743 577 1828 inquit,
605 1764 667 1829 pro
698 1753 878 1808 sumturum
900 1745 1071 1829 imapiuum
1103 1746 1263 1823 erectione,
1287 1746 1323 1808 in
1347 1750 1414 1834 ejus
1469 1780 1470 1794 ι

295 1843 525 1905 consecratione
559 1863 720 1904 assecutum
758 1843 842 1905 omni
876 1843 966 1906 modo
1001 1843 1135 1906 tribuere
1171 1843 1413 1929 nequiciarum).

296 1977 337 1986 -
353 1938 536 2024 Epistolam
561 1937 658 2002 valde
683 1937 823 2002 similem
841 1939 1032 2004 Hadrianus
1056 1942 1155 2005 etiam
1179 1939 1221 2003 ad
1237 1939 1415 2004 Tarasium

296 2037 397 2102 dedit.

141 2149 269 2220 assumus
383 2135 436 2198 55.
461 2135 500 2198 In
525 2131 615 2196 hisce
638 2133 755 2198 litteris
768 2134 962 2199 Hadrianus
985 2134 1158 2200 manifeste
1181 2136 1415 2199 auctoritatem

160 2209 249 2250 ΝΟΜ·
295 2253 482 2317 supremam
506 2231 601 2295 Sedis
624 2230 834 2316 Apostolicae
865 2235 986 2298 eximie
1017 2233 1177 2314 vindicat,
1201 2255 1263 2296 nec
1286 2245 1415 2297 contro·

294 2332 437 2394 versiam
462 2329 504 2393 de
519 2330 719 2413 imaginibus
734 2332 835 2393 sacris
850 2330 983 2414 Synodo
998 2330 1155 2416 relinquit
1178 2329 1416 2410 dirimendam,

296 2427 348 2492 vel
378 2428 449 2514 ejus
480 2426 733 2492 celebrationem
766 2429 809 2492 ad
833 2431 1006 2494 veritatem
1031 2427 1238 2493 statuendam
1267 2450 1418 2493 necessa·

295 2529 377 2590 riam
402 2525 512 2589 habet
538 2525 655 2588 Fidem
670 2526 839 2590 Romanae
862 2526 1031 2591 Ecclesiae
1055 2525 1318 2611 amplectendam
1345 2547 1419 2590 esse

295 2625 416 2688 diserte
441 2623 536 2705 dicit3
577 2625 741 2688 consentit
767 2635 878 2688 autem
902 2625 1028 2708 Synodi
1053 2623 1277 2704 celebrationi,
1303 2635 1420 2709 quate-

295 2746 357 2787 nus
388 2721 534 2786 medium
566 2731 786 2807 opportunum
824 2745 894 2786 esse
924 2725 1042 2808 possit,
1081 2733 1117 2785 ut
1151 2721 1267 2807 majori
1300 2722 1422 2804 vigore

294 2821 465 2906 frangatur
489 2819 666 2884 obstinatio
691 2818 941 2886 haereticorum.
988 2822 1110 2884 Mirum
1140 2829 1198 2898 est,
1223 2816 1423 2882 Gallicanos

294 2919 394 2982 etiam
418 2917 462 2982 ad
486 2918 757 2982 convocationem
782 2916 882 3004 hujus
905 2918 1032 3002 Synodi
1060 2918 1254 3001 confugere,
1279 2927 1317 2980 ut
1339 2939 1425 2980 surus

296 3017 427 3079 firment
450 3016 635 3101 opiniones,
660 3037 699 3078 ac
722 3037 830 3100 nuper
858 3013 991 3080 lllmdm
1015 3016 1121 3080 Maret
1149 3015 1228 3078 inde
1251 3014 1425 3081 studuisse

152 3139 261 3180 citriam.
296 3135 388 3178 suam
413 3112 627 3198 comprobare
652 3114 848 3178 sententiam
881 3113 922 3178 de
952 3115 1146 3178 auctoritate
1170 3123 1202 3176 et
1225 3113 1424 3196 magisterio

297 3233 449 3297 supremo
473 3213 559 3275 inter
572 3210 767 3276 Pontificem
791 3222 824 3275 et
847 3213 1018 3298 episcopos
1042 3211 1160 3276 diviso.
1185 3209 1309 3274 Scribit
1332 3211 1427 3275 inter

296 3309 378 3374 alia:
428 3310 542 3390 „Maia
568 3311 594 3373 si
618 3308 881 3395 l'emportement
908 3319 940 3374 et
970 3307 1190 3373 l’incredulitsi
1214 3307 1272 3372 des
1295 3306 1426 3372 hereti-

296 3429 376 3493 ques
407 3431 448 3470 ne
478 3417 675 3493 permettent
704 3430 764 3492 pas
797 3407 838 3472 de
867 3417 1031 3472 restauror
1060 3407 1107 3471 lcs
1137 3408 1259 3470 saintes
1292 3408 1427 3490 images

297 3528 372 3569 sans
395 3504 560 3570 l'autorite
576 3505 656 3569 d’un
672 3505 798 3569 concile
814 3504 962 3589 general,
978 3503 1007 3568 le
1026 3525 1111 3589 pape
1127 3503 1290 3568 demands
1315 3503 1426 3589 qu'on

297 3625 486 3666 commence
510 3624 569 3687 par
593 3603 696 3666 iletrir
718 3603 748 3667 le
772 3603 853 3667 faux
882 3602 1007 3668 concile
1031 3604 1087 3688 qui
1111 3601 1158 3666 les
1181 3624 1201 3666 a
1225 3600 1425 3687 prohibeas,

296 3739 506 3746 -..—--·---·--

373 3809 388 3868 ¹)
408 3805 531 3874 Epistola
549 3805 681 3862 Hadriani
706 3805 741 3860 ad
765 3807 947 3876 Imperatores
971 3822 1004 3861 ex
1028 3810 1107 3874 parte
1125 3806 1228 3860 inserta
1246 3813 1289 3860 est
1306 3805 1428 3860 Actioni

297 3885 429 3940 secundae
447 3885 558 3941 Concilfi
576 3885 689 3942 Nicaeni
707 3885 747 3952 11,
773 3887 820 3942 sed
844 3901 912 3954 quse
937 3884 1117 3954 respiciebant
1133 3883 1240 3938 Tarasii
1258 3883 1428 3940 electionem

297 3965 460 4033 titulumque
478 3965 646 4020 Universalis
665 3965 716 4035 ipsi
736 3967 769 4020 ab
785 3965 999 4034 Imperatoribns
1018 3964 1158 4028 tributum,
1177 3962 1275 4019 omissa
1293 3971 1358 4019 sunt
1381 3973 1429 4019 at·

296 4059 348 4112 que
366 4045 399 4098 ob
418 4045 598 4100 reverentiam
628 4047 657 4101 in
675 4045 818 4101 Tarasium
836 4047 865 4101 in
885 4045 1003 4101 Concilio
1030 4061 1083 4099 non
1102 4045 1227 4100 recitata.
1263 4043 1323 4111 Qua
1341 4045 1372 4100 in
1395 4061 1430 4100 re

297 4125 433 4194 probabile
452 4133 493 4181 est
512 4125 632 4181 adfuisse
651 4141 789 4182 assensum
808 4127 960 4196 legatorum
980 4125 1127 4180 Pontificis.
1147 4124 1428 4180 AnastasinsBiblio·

298 4205 433 4262 thocarius
452 4207 587 4275 integram
607 4207 748 4277 epistolam
766 4207 849 4262 dedit.
887 4207 920 4263 V.
939 4206 1037 4271 Lethe,
1057 4205 1116 4260 VII.
1135 4207 1178 4260 99.
