2932 4836
337 495 378 550 De
396 494 583 550 Decretatibns
601 493 884 552 Pseudo-Isidorisnis.
1116 495 1169 550 289

69 639 170 702 simtu.
206 637 270 702 Vel
294 635 408 722 regula
432 638 494 701 ista
517 638 563 702 ita
586 636 792 721 intelligitur,
817 644 853 699 ut
876 645 1081 720 supponatur
1104 637 1169 722 epi·

67 757 165 819 scopos
182 755 249 800 non
265 735 411 821 possein
432 734 620 816 concilium,
642 735 742 800 etiam
757 732 971 820 provinciale,
996 735 1169 813 moeniae,

66 835 116 898 sisi
146 833 271 898 obtema
311 842 407 896 abac
439 832 568 899 licentia
602 831 697 898 Sedis
729 831 950 917 Apostolicae.
996 829 1064 896 Sed
1096 829 1169 915 hoc,

66 932 146 994 sicuti
167 940 245 994 ante
269 927 495 1014 vulgationem
519 928 731 996 collectionis
748 927 879 1010 Isidori,
904 929 950 993 ita
974 930 1074 994 etiam
1097 938 1172 1015 post

66 1025 385 1092 Pseudo-Decretales
409 1026 571 1112 vulgatas,
596 1049 662 1092 non
686 1026 899 1093 observatum
923 1036 981 1092 est.
998 1065 1042 1074 -
1065 1026 1171 1092 Vides

65 1125 185 1210 proinde
217 1125 321 1190 asseri
345 1146 412 1190 non
444 1146 556 1210 posse,
591 1124 652 1189 suh
685 1123 748 1188 hoe
775 1133 927 1210 respectu
960 1124 1170 1190 essentialem

64 1221 227 1309 quamdam
244 1221 442 1307 disciplinae
456 1221 700 1288 ecclesiasticae
716 1223 979 1288 immutationem
999 1244 1058 1308 per
1071 1222 1170 1288 Pseu-

64 1319 297 1386 doDeoretales
319 1319 542 1386 introductam
564 1320 678 1386 fuisse.

139 1421 189 1483 ta.
223 1418 302 1484 Jam
325 1420 480 1482 venimus
501 1418 545 1482 ad
564 1407 738 1483 wadium
762 1417 949 1484 Sardic'eaae
972 1418 1109 1504 ejusque
1131 1417 1171 1482 da
1195 1419 1319 1525 effla:

63 1515 320 1604 appellationibus
335 1537 489 1582 oenones.
526 1517 674 1580 Maxime
688 1514 930 1581 advertendum
946 1525 1004 1598 est,
1027 1536 1171 1581 canones
1318 1511 1325 1525 '

63 1619 128 1680 istos
148 1637 217 1681 non
240 1635 336 1700 posse
352 1615 494 1702 supponi
510 1612 686 1696 confectos,
712 1623 749 1678 ut
763 1615 1015 1697 restringeretur
1029 1614 1170 1678 Romani

64 1713 220 1778 Pontifieis
253 1712 449 1794 auctoritas,
482 1712 534 1776 vel
568 1723 604 1776 ut
628 1722 801 1778 caveretur
833 1733 875 1776 ne
898 1710 1072 1776 arbitrario
1100 1713 1171 1797 ipse

62 1823 159 1895 ageret
172 1809 285 1875 modo.
323 1807 390 1874 Sed
404 1811 514 1894 potius
530 1810 609 1874 editi
625 1818 711 1892 sunt,
727 1819 764 1875 ut
777 1808 1005 1874 vindicaretur
1020 1819 1053 1873 et
1067 1809 1171 1874 sanci·

64 1924 138 1973 renrr
154 1910 213 1995 jus
233 1929 386 1972 recursus
407 1917 439 1972 et
460 1905 699 1993 appellationis,
724 1906 813 1993 quod
827 1929 871 1972 ex
887 1904 996 1972 indole
1011 1908 1172 1991 primatus

61 2029 160 2071 sacrae
174 2004 257 2072 Sodi
273 2005 492 2092 competebat,
511 2015 612 2091 utque
629 2007 814 2070 constitutis
829 2006 926 2070 certis
940 2004 1062 2090 regulis
1077 2025 1171 2070 cave-

62 2117 147 2188 retur,
162 2127 205 2170 ne
222 2102 462 2190 appellationes
474 2105 703 2189 episcoporum
716 2103 758 2169 ab
771 2125 884 2168 eorum
897 2103 1096 2169 adversariis
1111 2125 1171 2188 pro

61 2203 151 2268 nihilo
174 2199 379 2267 haberentur
411 2211 443 2266 ot
466 2210 715 2287 spernerentur,
749 2211 786 2265 ut
813 2203 848 2266 in
872 2223 972 2266 causa
995 2201 1170 2266 Athanasii

61 2300 227 2364 acciderat.
274 2298 498 2364 Recolendum
522 2309 588 2381 est,
622 2298 807 2364 Concilium
832 2299 1027 2364 Sardicense
1051 2322 1081 2364 a.
1105 2299 1171 2364 343

61 2400 246 2478 conspuisse
270 2397 313 2462 ad
336 2397 501 2462 sedandas
524 2398 638 2464 turbas
662 2419 704 2462 ex
728 2398 916 2463 Arianismo
941 2407 1043 2478 ortas,
1069 2419 1170 2483 quum

61 2481 159 2562 tulin
178 2497 218 2562 P.
243 2519 318 2560 cum
342 2495 601 2582 Imperatorihus
626 2494 805 2560 Constante
829 2505 861 2560 et
886 2493 1077 2560 Constantio
1101 2517 1170 2560 rem

62 2595 277 2681 disposuisset.
330 2591 396 2658 Sed
428 2604 632 2659 recesserunt
668 2593 710 2658 ab
745 2594 839 2657 initio
872 2595 1039 2680 octoginta
1071 2593 1171 2658 Euse-

62 2692 140 2757 biani
172 2692 319 2779 episcopi
350 2691 524 2756 orientales
547 2691 823 2778 Philippopolim,
856 2691 1031 2756 orthodoxi
1060 2700 1171 2756 autem

62 2794 232 2878 nonagmta
261 2789 429 2876 praesules
460 2790 625 2876 synodum
650 2789 875 2871 celebrarunt,
906 2787 1172 2875 praesidentibus

63 2889 154 2956 Hosio
171 2887 390 2970 Cordubensi,
416 2889 469 2952 cui
493 2885 556 2952 hoe
577 2887 814 2954 demandatum
838 2911 858 2952 a
874 2911 899 2952 s.
915 2887 1000 2954 Sede
1024 2885 1171 2972 plerique

63 2990 167 3052 merito
190 2994 342 3066 censent,
375 2994 408 3049 et
437 2983 567 3050 duobus
591 2985 792 3072 presbyteris
822 2984 979 3050 ecclesiae
1003 2984 1172 3048 Romanae

64 3085 255 3150 Archidamo
280 3093 313 3147 et
329 3081 522 3148 Philoxene.
560 3083 742 3148 Eusebiani
766 3105 832 3149 non
857 3091 1054 3148 curaverant
1070 3080 1172 3146 Atha·

64 3185 136 3248 nasii
160 3183 344 3248 aliorumve
369 3183 598 3268 episcoporum
622 3181 869 3267 appellationes,
895 3189 927 3243 et
943 3179 983 3243 iis
1003 3179 1171 3265 depositis,

63 3284 182 3365 negotio
220 3280 343 3344 Romae
380 3278 562 3365 pendente,
598 3279 680 3344 alios
717 3281 888 3365 episcopos
925 3277 1171 3342 ordinaverant.

63 3377 191 3464 Propter
220 3375 381 3464 ejusmodi
405 3379 627 3462 arrogantiam
658 3388 690 3442 et
713 3377 961 3442 irreverentiam
993 3377 1027 3439 in
1051 3374 1171 3440 Sedem

65 3477 295 3561 Apostolicam,
328 3485 360 3540 et
382 3474 517 3539 modum
542 3496 656 3540 eorum
686 3474 806 3560 agendi
830 3473 979 3538 fallacem
1010 3482 1043 3536 et
1073 3471 1171 3558 plane

64 3574 284 3658 arbitrarium,
319 3575 443 3638 motiva
474 3575 591 3657 gravia
621 3585 729 3656 erant,
763 3583 799 3636 ut
821 3572 936 3637 Patres
960 3569 1172 3635 Sardicenses

66 3669 100 3734 tle
121 3671 395 3760 appellationibus
419 3669 462 3734 ad
485 3671 671 3734 Romanum
695 3669 890 3735 Pontificem
913 3678 1064 3752 agerent,
1090 3666 1171 3731 illud

64 3769 241 3854 appellandi
272 3769 327 3856 jus
358 3767 541 3833 canonibus
569 3767 794 3850 vindicarent,
829 3766 1030 3851 modumque
1062 3786 1171 3851 proce-

66 3867 157 3932 dendi
182 3869 365 3934 accuratius
389 3865 657 3932 determinarent.
703 3866 821 3930 Merito
851 3886 1038 3951 supponere
1062 3884 1191 3949 possu,

67 3985 141 4044 mus,
166 3966 198 4030 id
216 3967 319 4032 Hosio
343 3987 363 4028 a
382 3964 472 4030 Julio
496 3964 533 4028 R.
558 3964 596 4029 P.
621 3964 814 4029 mandatnm
837 3964 955 4045 fnis103
979 3970 1078 4047 atque
1102 3962 1172 4046 ipse

67 4059 181 4127 Hosius
210 4063 387 4150 praecipue
421 4083 563 4127 canones
595 4059 658 4126 hae
692 4061 731 4126 de
763 4083 798 4124 re
829 4059 1016 4148 proposuit,
1053 4058 1173 4145 quibus

68 4159 176 4224 modus
195 4159 394 4246 procedendi
419 4157 697 4246 determinatur.¹)

73 4260 155 4362 “b-¹)
172 4293 222 4350 cs.
240 4295 387 4349 Dissertst.
406 4293 480 4347 'Pom
498 4292 536 4348 II.
556 4307 573 4360 p
601 4293 636 4347 15
654 4307 709 4358 sqq.

110 4399 231 4451 tunsum.
244 4400 419 4445 murrona.
435 4399 494 4440 rom.
508 4397 544 4440 nr.
1032 4377 1066 4430 tc
