2898 4836
323 479 514 536 Controversia
532 478 566 534 de
584 477 837 534 reordinationibus.
1087 481 1141 536 115

41 624 195 690 culmum
227 623 343 690 Italiae
379 632 413 690 ot
447 621 575 688 Gallico
608 623 837 708 episcoporum
875 624 969 688 varia
1004 624 1136 690 decreta

39 731 106 788 sunt.
148 720 273 787 Scribit
294 729 410 786 auctor
432 720 530 784 Vitae
554 717 713 804 Stephani
737 718 789 784 ΠΙ
811 719 901 805 apud
923 719 1140 788 Anastasium

40 819 330 885 Bibliothecarium:
370 819 443 902 „De
466 817 631 904 episcopis
654 837 732 883 voro
755 825 855 904 atque
884 817 1085 904 presbyteris
1108 830 1140 886 et

38 916 231 995 diaconibus,
266 937 348 1003 quos
371 917 443 1001 ipse
467 913 706 980 Constantinus
730 925 997 1001 consecraverat,
1034 919 1080 984 ita
1104 920 1139 984 in

37 1015 133 1080 edem
147 1013 289 1080 concilio
314 1012 557 1100 promulgatum
582 1021 648 1076 est:
677 1021 714 1076 ut
728 1014 875 1099 episcopi
896 1013 953 1094 illi,
978 1017 1005 1078 si
1020 1015 1140 1103 aliquis

38 1133 131 1177 eorum
154 1111 328 1198 presbyter
350 1119 408 1176 aut
431 1109 592 1176 diaconus
614 1109 724 1190 luerit,
749 1111 784 1174 in
807 1113 984 1196 pristinum
1007 1111 1141 1178 honoris

36 1212 76 1274 sui
95 1209 235 1294 gradum
258 1217 512 1274 reverterentur.
550 1206 644 1272 Etsi
668 1206 840 1292 placibiles
867 1209 1006 1276 fuissent
1029 1232 1140 1278 coram

37 1307 139 1393 populo
163 1308 310 1371 civitatis
333 1327 430 1388 suae,
459 1305 569 1370 denuo
592 1303 679 1370 facto
704 1303 834 1370 decreto
858 1305 1027 1374 electionis
1051 1329 1141 1374 more

35 1404 113 1470 sclito
130 1425 207 1468 cum
218 1402 305 1469 clero
318 1413 351 1468 et
364 1402 470 1490 plebe,
487 1402 532 1468 ad
541 1400 766 1489 Apostolioam
780 1403 994 1470 advenissent
1009 1405 1140 1488 Sedem,

36 1514 61 1564 ct
78 1501 116 1567 ab
140 1500 258 1566 eodem
281 1501 487 1566 sanctissimo
512 1499 679 1586 Stephano
703 1500 795 1586 Papa
818 1501 1059 1570 benedictionis
1074 1527 1141 1570 sus·

34 1602 183 1684 cepissent
205 1599 496 1664 consecrationem.
542 1594 730 1681 Presbyteri
756 1619 833 1663 vero
857 1597 904 1664 illi
928 1611 985 1664 sut
1008 1601 1140 1668 diaconi

34 1697 68 1760 ab
100 1697 216 1763 eodem
251 1693 465 1762 Constantino
497 1697 698 1778 consecrati,
731 1696 830 1762 simili
862 1699 978 1782 modo,
1011 1701 1046 1766 in
1075 1721 1140 1789 quo

35 1797 110 1878 prius
133 1793 322 1860 existebant
353 1793 471 1860 habitu
500 1803 754 1860 reverterentur.
799 1795 844 1860 Et
875 1798 1084 1883 postmodum
1113 1801 1139 1864 si

33 1896 80 1977 qni
88 1915 201 1959 eorum
215 1891 387 1980 placibiles
398 1893 610 1976 exstitissent,
628 1892 794 1957 antefatus
808 1892 1017 1960 beatissimus
1029 1895 1140 1960 Ponti·

33 1991 78 2054 lex
96 1990 308 2078 presbyteros
331 2011 386 2054 eos
403 1999 460 2054 aut
474 1987 631 2054 diaconos
655 1999 877 2073 consecraret3
902 2001 1082 2058 statuentes
1105 2004 1142 2058 ut

33 2089 60 2168 ii,
81 2092 134 2174 qni
148 2111 191 2154 ex
204 2091 252 2154 eis
267 2086 483 2152 consecrandi
499 2095 602 2170 erant,
619 2109 828 2173 nequaquam
848 2088 891 2153 ad
905 2089 1073 2156 fortiorem
1086 2091 1140 2157 ho·

32 2208 134 2252 norem
147 2186 375 2268 ascenderent,
391 2185 518 2250 scilicet
531 2206 573 2250 ne
585 2184 628 2249 ad
641 2185 853 2270 pontificatus
869 2200 1142 2272 promoverentur

31 2283 163 2368 culmen,
187 2305 230 2348 nc
245 2282 321 2348 talis
335 2283 457 2368 impius
474 2283 631 2346 novitatis
655 2303 745 2346 error
767 2283 802 2346 in
818 2283 969 2350 Ecclesia
983 2287 1047 2350 Dei
1070 2287 1141 2374 pul·

31 2380 139 2448 lularet
156 2432 165 2447 .
182 2432 214 2449 ..
244 2381 297 2446 De
319 2379 414 2446 laicis
437 2401 516 2446 vero
540 2381 597 2467 qui
620 2378 664 2443 ab
689 2379 804 2446 eodem
822 2379 1038 2449 Constantino
1054 2407 1141 2470 pres·

32 2477 126 2562 byteri
152 2490 211 2544 ant
242 2478 375 2543 diaconi
400 2479 581 2543 consecrati
606 2487 699 2560 sunt,
729 2480 776 2544 ita
807 2479 1050 2566 promulgatum
1082 2493 1141 2566 est,

29 2581 112 2644 utin
136 2577 290 2663 religioso
317 2578 445 2642 cunctis
470 2575 588 2641 dicbus
612 2597 724 2640 eorum
746 2578 835 2642 vitae
859 2577 986 2662 habitu,
1011 2581 1081 2644 sive
1106 2583 1141 2645 in

29 2678 163 2761 propriis
206 2673 376 2758 domibus,
422 2673 476 2738 vol
523 2673 580 2738 ubi
626 2673 820 2756 voluisseut,
868 2679 1141 2764 permanerent.¹)

29 2771 222 2858 Hujusmodi
247 2793 325 2836 vero
357 2771 573 2858 promulgatis
605 2773 786 2852 sententiis,
812 2771 899 2836 illico
924 2776 1068 2862 episcopi
1093 2774 1139 2839 illi

28 2872 77 2952 qui
99 2871 143 2935 ab
167 2871 286 2936 eodem
303 2867 519 2935 Constantino
544 2869 686 2935 ordinati
711 2880 796 2954 sunt,
821 2881 1024 2937 revertentes
1041 2874 1141 2958 juxta

28 2967 171 3050 ejusdem
187 2967 321 3034 concilii
333 2969 529 3032 sententiam
542 2969 577 3032 in
590 2969 766 3055 pristinum
780 2967 913 3034 honoris
924 2971 975 3034 sui
988 2971 1140 3054 gradum,

27 3063 113 3130 electi
138 3067 250 3132 denno
274 3089 295 3132 a
318 3065 404 3130 clero
428 3074 461 3129 et
484 3063 599 3151 plebe,
631 3065 783 3151 factoque
807 3066 900 3130 solito
932 3067 1073 3149 decreto,
1098 3069 1141 3134 ad

26 3161 138 3229 Sedem
155 3163 383 3250 Apostolicam
398 3173 613 3250 properantes
636 3161 810 3232 abeodem
827 3167 1032 3231 sanctissimo
1049 3166 1142 3254 Papa

26 3263 204 3326 consecrati
227 3269 314 3326 sunt.
359 3261 445 3324 Nam
469 3259 653 3346 presbyteri
677 3269 709 3324 et
733 3259 864 3326 diaconi
892 3261 938 3326 illi
963 3286 1067 3350 usque
1098 3264 1143 3330 ad

27 3369 159 3423 mortem
180 3359 285 3444 ipsius
304 3357 475 3422 Pontificis
499 3358 547 3422 sic
570 3368 787 3440 remanentes,
812 3381 1020 3446 nequaquam
1043 3362 1141 3450 abeo

25 3465 96 3520 sunt
130 3457 327 3522 consecrati.
380 3455 431 3520 Ita
468 3457 558 3522 enim
591 3458 624 3520 in
660 3455 776 3522 eodem
812 3457 951 3522 concilio
982 3468 1141 3526 statutum

25 3563 83 3617 est:
106 3564 146 3619 ut
170 3555 283 3618 omnia
297 3575 383 3640 quac
406 3553 512 3618 isdem
530 3551 766 3619 Constantinus
789 3556 823 3619 in
848 3555 1078 3622 ecclesiasticis
1095 3580 1143 3622 sa-

26 3654 200 3716 cramentis
222 3673 263 3716 ac
293 3651 409 3717 divino
437 3650 528 3717 cultu
560 3653 645 3736 egit,
679 3651 829 3717 iteranda
859 3663 982 3736 essent,
1013 3665 1145 3741 praeter

24 3771 152 3814 sacrum
183 3749 349 3836 baptisma
371 3755 643 3837 castanetum
674 3749 882 3838 chrisma.“²)
914 3790 957 3799 —
992 3753 1142 3819 Formosi

24 3845 205 3914 adversarfi
238 3847 282 3912 ad
305 3847 388 3912 hacc
411 3847 640 3934 appellabant,
676 3857 712 3913 ut
744 3870 837 3914 suam
870 3852 1067 3916 sententiam
1091 3851 1143 3915 tir-

94 4094 113 4161 ι)
132 4093 303 4164 Beligiosum
334 4094 457 4151 habitum
487 4063 643 4166 sipnifimre
673 4095 797 4152 habitum
827 4097 1011 4166 poenitentiae
1043 4097 1143 4154 eruditi

26 4179 139 4228 censent.
159 4173 195 4228 V.
213 4175 425 4244 Hergsnrttber,
444 4175 566 4242 Photios,
584 4175 614 4229 Τ.
634 4177 669 4230 11.
690 4193 714 4244 p
734 4177 795 4230 352.
814 4181 880 4231 nota
897 4179 923 4232 4.

92 4254 115 4320 ’i
133 4253 204 4309 Vita
222 4255 354 4324 Stephani
372 4255 416 4311 111
434 4255 498 4327 (IV)
516 4271 565 4312 nn.
583 4255 659 4313 XXI.
677 4255 764 4312 xxti.

999 4347 1036 4400 8*
