2932 4836
388 499 504 554 Photius
522 498 788 567 pseudopatriarcha.
1098 497 1151 553 367

56 646 291 730 imprudentiae
314 643 447 708 oroliria
455 640 480 728 ¹)
525 641 587 706 Vir
601 653 711 707 autem
727 642 902 728 hypocrita
916 641 1055 707 Photius
1071 639 1150 706 dum

55 744 87 804 ita
107 742 250 822 saeviret,
274 739 423 825 fingebat
441 763 476 805 se
492 739 666 804 ecclesiam
684 739 854 804 CPtanum
870 749 985 804 contra
999 739 1151 803 homines

55 843 212 903 insensatos
234 848 334 924 atque
357 859 530 924 perversos
555 837 742 903 defendere.

121 937 173 1002 46.
195 934 275 1001 Sese
289 937 439 1000 accinxit
452 957 548 1021 porro
563 935 887 1021 pseudopatriarcha,
911 945 949 998 ut
961 935 1149 1000 Romanum
1160 936 1322 1040 w

54 1035 225 1098 l'ontilicem
240 1033 415 1098 Nicolaum
440 1034 576 1119 ejusque
593 1033 773 1118 primatum
789 1043 821 1096 et
837 1033 1067 1097 auctoritatem
1077 1031 1150 1118 jam

52 1143 142 1218 aperta
171 1133 393 1218 impugnaret.
440 1131 600 1195 Animum
632 1131 662 1194 ei
695 1130 895 1195 addiderant
928 1129 1149 1210 difficultates,

51 1253 117 1314 ‹puae
147 1251 184 1294 eo
213 1239 361 1315 tempore
385 1231 420 1294 in
444 1227 626 1294 Occidente
651 1238 766 1293 contra
788 1226 964 1293 Nicolaum
987 1229 1151 1292 excitatae

51 1341 117 1392 sunt
150 1328 225 1392 Non
251 1326 355 1392 solum
380 1328 469 1391 enim
492 1337 572 1391 tunc
596 1328 630 1390 in
654 1347 756 1410 regno
771 1325 975 1390 Francorum
996 1347 1038 1389 ex
1058 1335 1151 1411 parte

51 1424 204 1490 Hincmari
220 1424 417 1489 Rhomensis
440 1423 647 1510 aliorumque
667 1423 855 1510 praesulum
877 1424 1039 1510 oppositio
1055 1445 1151 1509 quae·

50 1522 110 1586 dam
133 1533 247 1586 contra
270 1521 445 1608 privilegia
469 1520 564 1587 Sedis
579 1520 789 1607 Apostolicae
812 1543 883 1586 sese
907 1519 1151 1602 manifestabat,

49 1620 93 1684 sed
116 1623 150 1685 in
171 1642 274 1685 causa
298 1618 433 1683 divortii
450 1619 599 1684 Lotharii
616 1620 712 1702 regis,
737 1619 929 1704 Teutgadus
944 1617 1152 1683 Trevirensis

48 1731 73 1780 et
90 1717 293 1784 (lautharius
317 1715 522 1782 Coloniensis
554 1717 795 1804 archiepiscopi
819 1717 853 1780 in
878 1724 1025 1802 apertam
1049 1715 1152 1780 rebel·

47 1815 153 1881 lionam
175 1825 408 1902 proruperunt.
443 1815 681 1900 Imperatorem
704 1814 916 1879 Ludovicum
939 1812 974 1878 11
997 1815 1032 1878 in
1055 1813 1152 1879 Nieb-

48 1913 123 1978 laum
145 1916 291 1979 excitare
315 1915 423 1978 conati
448 1921 534 1997 sunt,
559 1912 637 1977 dein
661 1934 740 1976 vero
765 1934 866 1999 quum
889 1912 1029 1998 depositi
1044 1921 1154 1976 essent

47 2027 71 2075 et
97 2012 391 2090 exeommunicati,
424 2009 604 2075 violentam
634 2012 903 2096 protestationem
933 2019 1048 2074 contra
1068 2010 1152 2074 Pon·

47 2111 155 2174 tilioem
186 2107 247 2174 sub
278 2108 373 2172 titulo
404 2107 558 2196 epistolae
588 2108 752 2196 synodalia
780 2107 1031 2195 promulgarunt
1052 2117 1087 2172 et
1109 2108 1152 2172 ad

51 2207 158 2272 nultos
180 2205 348 2293 praesules
367 2207 629 2271 transmiserunt.
667 2205 858 2272 Rebellibus
878 2209 978 2272 etism
994 2208 1154 2294 sejunxit

46 2304 203 2368 lohannes
216 2304 481 2369 Ravennatensis
505 2305 679 2389 episcopus
703 2325 778 2368 cum
793 2305 893 2369 fratre
907 2327 966 2370 suo
981 2303 1151 2390 Gregorio,

47 2419 72 2464 st
94 2403 229 2488 Hagano
254 2401 485 2486 Bergamensis
516 2403 704 2488 episcopus,
738 2404 784 2466 ita
815 2413 852 2466 ut
873 2403 974 2468 factio
997 2404 1153 2468 seditiosa

46 2502 73 2562 in
94 2500 275 2564 Occidente
305 2500 402 2564 aunis
425 2499 490 2564 863
514 2510 547 2563 et
570 2499 635 2564 864
659 2510 774 2564 contra
796 2499 972 2566 Nicolaum
996 2523 1067 2566 sese
1089 2503 1152 2566 for-

45 2609 147 2663 maret.
191 2597 348 2663 Pontifex
372 2608 482 2662 tammr
507 2597 684 2684 prudentia
707 2607 739 2661 et
763 2599 948 2663 constantia
964 2621 1041 2664 mox
1056 2621 1151 2664 cona-

45 2711 88 2757 urs
110 2695 237 2760 illorum
261 2693 407 2758 reddidit
429 2695 548 2759 irritos.
580 2694 646 2760 Sed
669 2698 861 2780 protestatio
885 2696 941 2760 illa
964 2719 984 2761 a
1006 2697 1152 2762 factiosis

44 2795 132 2857 ctiam
155 2793 347 2857 transmissa
364 2802 413 2884 est
427 2792 471 2856 ad
484 2791 649 2873 Photium,
673 2814 694 2857 a
708 2813 773 2878 quo
789 2804 821 2856 ot
835 2793 961 2860 auxilia
975 2797 1151 2881 petierunt.

44 2887 87 2953 lta
109 2893 166 2954 iste
189 2892 225 2954 iu
248 2888 385 2954 ausibus
407 2891 475 2953 suis
498 2889 636 2954 funestis
660 2890 872 2955 confirmatus
896 2891 986 2975 est.²)

121 2997 173 3062 47.
202 2995 301 3060 Anno
326 2995 401 3076 865,
425 3005 559 3060 auctore
583 2995 711 3077 Photio,
736 2995 880 3061 lliehael
895 2999 1080 3084 Imperator
1101 2998 1150 3063 lit·
1171 3001 1307 3054 lmtfflfl·

44 3107 119 3156 teras
146 3093 239 3158 dedit
267 3093 311 3157 ad
334 3091 508 3158 Nicolaum
532 3092 727 3158 Pontificem
758 3092 800 3158 ab
831 3095 903 3180 ipso
927 3094 1045 3160 Photio
1076 3117 1150 3160 con·
1192 3062 1291 3115 'lm

44 3191 179 3275 scriptas,
204 3213 287 3276 quae
303 3189 447 3255 Michael
467 3191 749 3277 protospatharius
770 3213 882 3256 mense
894 3191 1045 3278 Augusto
1064 3193 1151 3259 illius

43 3291 113 3352 anni
136 3289 273 3353 Romam
298 3287 425 3354 detulit.
472 3289 655 3374 Deperdita
678 3300 727 3353 est
750 3291 813 3354 ista
836 3290 991 3376 epistola3
1022 3313 1152 3356 summa

43 3383 121 3450 illius
149 3388 258 3473 capita
287 3395 400 3451 tamen
423 3385 623 3470 colliguntur
646 3409 688 3450 ex
711 3387 858 3474 epistolis
880 3388 1009 3454 Nicolai
1033 3398 1152 3454 octava

44 3493 73 3544 et
93 3505 173 3548 nona
197 3484 241 3548 ad
264 3484 501 3570 Imperatorem
525 3483 723 3549 Michaelem
750 3485 892 3568 directis,
925 3485 1045 3572 quibus
1067 3486 1151 3552 Pon·

44 3579 117 3644 tifex
138 3581 216 3647 huic
240 3580 426 3666 respondet.
462 3580 635 3646 Michaelis
651 3581 790 3668 epistola
802 3583 923 3648 referta
938 3594 1008 3648 erat
1021 3585 1152 3670 injuriis

42 3691 74 3738 ct
97 3678 317 3764 contumeliis,
348 3690 381 3742 et
403 3679 519 3744 eadem
539 3680 610 3765 jam
636 3681 706 3766 ipse
729 3681 869 3746 Romani
894 3682 1065 3746 Pontificis
1087 3685 1151 3769 pri·

45 3789 139 3840 matus
167 3777 398 3864 impetebatur.
445 3777 618 3862 Arguebat
648 3777 844 3844 Pontificem
869 3777 1028 3860 llichael,
1060 3783 1150 3845 acsi

44 3871 106 3955 ipse
127 3877 154 3938 ei
179 3877 331 3962 superior
353 3885 438 3940 esset
460 3876 557 3962 cujus
580 3875 746 3940 mandatis
770 3874 1086 3963 obtemperandum,
1120 3887 1153 3942 et

45 3970 227 4054 postulabat,
252 3984 289 4037 ut
312 3973 515 4038 voluntatem
539 3997 579 4038 ac
602 3977 798 4039 sententiam
815 3975 971 4040 Pontifex
999 3985 1151 4058 mutaret,

47 4119 246 4136 —-„—‚

110 4193 128 4258 ¹)
144 4193 231 4261 Epist.
253 4193 318 4258 11²3
338 4191 428 4247 Labbe
447 4191 521 4248 vm„
540 4195 599 4248 371.

109 4272 129 4340 ²)
146 4271 200 4326 Cir.
219 4271 425 4342 Hergenrtther
443 4275 459 4328 l.
479 4289 501 4328 c
520 4291 546 4342 p.
565 4277 626 4330 547.
