3002 4836
284 495 302 547 2
633 493 673 546 De
691 491 796 548 mereri
813 493 1047 548 Iconoelsstamm.

286 635 412 700 dicavit
434 645 532 721 atque
555 637 731 721 promovit.
777 635 865 700 Eum
884 638 988 700 secuti
1012 638 1146 700 suntin
1172 637 1322 703 doctrina
1346 642 1406 704 im-

285 735 341 820 pia
364 731 579 819 propaganda
609 732 718 818 plures
751 734 785 797 in
808 733 951 818 Imperio
982 756 1195 802 successores.
1241 737 1406 821 Lugenda

285 843 396 896 autem
420 832 546 895 ratione
569 852 639 894 sese
663 831 888 896 manifestavit
912 833 946 895 in
976 831 1134 896 diuturna
1158 831 1213 896 illa
1238 834 1278 898 de
1303 838 1407 899 sacris

286 927 487 1013 imaginibus
510 927 577 1008 lite,
602 929 757 992 intestina
790 927 953 1012 quaedam
984 929 1151 995 orientalis
1176 931 1333 996 eeclesiae
1359 935 1406 997 in·

286 1027 434 1091 firmitas.
480 1025 614 1090 Etenim
638 1047 738 1111 quam
761 1024 895 1110 plurimi
918 1025 1092 1091 Praesules
1116 1028 1291 1093 orientales
1315 1029 1408 1094 haud

287 1147 345 1211 pro
370 1125 420 1186 sui
445 1125 590 1187 muneris
613 1123 722 1186 cilicio
748 1143 861 1186 veram
886 1122 1071 1188 doctrinam
1094 1125 1221 1190 sortiter
1253 1127 1408 1192 defende-

287 1230 381 1302 runt,
407 1218 464 1284 sed
488 1221 679 1305 turpissima
711 1221 847 1304 ignavia
877 1242 994 1284 manus
1018 1220 1181 1287 dederunt
1203 1226 1319 1306 victas,
1343 1225 1409 1290 Irn-

287 1327 474 1404 peratorum
498 1320 609 1404 impiis
642 1318 807 1382 mandatis
839 1318 986 1384 obsecuti
1011 1329 1104 1402 sunt,
1130 1323 1196 1385 imo
1220 1333 1253 1386 et
1275 1322 1409 1388 fallacia

289 1418 536 1502 conquisierunt
559 1437 601 1479 ex
624 1414 770 1479 fontibus
794 1415 872 1480 fidei
900 1427 1113 1500 argumenta,
1138 1419 1259 1504 quibus
1282 1441 1410 1484 errores

288 1514 451 1579 fulcirent.
489 1551 532 1560 —-
570 1513 682 1594 Quum
716 1535 794 1578 vero
819 1513 964 1580 Orientis
987 1513 1208 1600 Imperatores
1241 1518 1410 1582 mandatis

289 1615 356 1676 suis
380 1614 480 1676 etiam
495 1613 676 1696 provinciis
691 1609 951 1676 occidentalibus
968 1613 1047 1696 ipsis
1062 1611 1239 1698 subjectis,
1263 1617 1410 1679 maxime

288 1710 398 1793 Italis,
430 1711 567 1796 impiam
601 1709 785 1774 doctrinam
814 1711 992 1795 imponere,
1018 1709 1208 1798 cultumque
1241 1734 1412 1776 sacrarum

290 1810 473 1892 imaginum
505 1806 630 1871 ibidem
664 1806 830 1871 destruere
862 1817 1044 1890 tentarent,
1075 1807 1274 1890 reluctantes
1298 1821 1412 1875 autem

290 1905 414 1970 incolas
438 1903 568 1969 illarum
596 1906 769 1988 regionum
794 1906 1025 1991 opprimerent,
1057 1915 1090 1970 et
1119 1917 1233 1971 contra
1256 1907 1413 1972 barbaro-

290 2025 363 2067 rum
387 2004 629 2087 aggressionem
654 2001 790 2066 tutelam
822 2003 862 2066 iis
883 2002 1085 2086 denegarent
1107 2014 1140 2067 et
1162 2006 1412 2090 protectionem,

290 2099 450 2188 paulatim
483 2099 573 2165 haud
606 2099 781 2164 mediocris
818 2099 896 2164 inde
934 2103 1088 2186 provenit
1118 2123 1228 2166 rerum
1260 2105 1413 2168 mutatio.

292 2199 392 2264 Suam
416 2197 573 2262 videlicet
604 2200 639 2263 in
668 2197 769 2262 Italos
803 2197 1065 2263 dominationem
1088 2199 1308 2284 Imperatores
1333 2223 1415 2264 mox

291 2299 423 2384 penitus
453 2297 607 2378 amisere,
639 2296 823 2361 dominium
856 2297 1037 2382 temporale
1069 2299 1209 2362 Romani
1240 2297 1414 2362 Pontificis

292 2397 413 2460 sensim
435 2393 614 2458 formatum
637 2403 703 2475 est,
729 2393 862 2458 demum
884 2415 962 2459 vero
993 2417 1052 2480 per
1079 2397 1325 2460 coronationem
1351 2393 1414 2459 Oa-

292 2491 352 2557 roli
376 2491 490 2574 Magni
514 2490 684 2555 conditum
708 2500 757 2555 est
779 2501 1025 2556 sacrosanctum
1049 2491 1131 2556 illud
1153 2493 1334 2578 Imperium
1351 2492 1415 2556 Ro-

294 2611 429 2654 manum
454 2587 655 2654 Occidentis.

383 2687 414 2751 3.
438 2685 540 2750 Haud
564 2687 685 2750 mirum
705 2696 771 2768 est,
795 2686 965 2751 Ecclesiae
979 2685 1187 2750 adversarios
1211 2689 1257 2750 uti
1281 2686 1355 2751 aliis
1380 2689 1418 2752 in

295 2784 560 2872 quaestionibus,
593 2786 639 2850 ita
669 2786 768 2848 etiam
802 2785 909 2869 quoad
943 2785 1112 2849 historiam
1136 2783 1279 2849 haeresis
1301 2786 1418 2849 Icono·

295 2882 471 2948 clastarum
507 2881 618 2946 stilum
648 2904 745 2946 suum
778 2884 813 2946 in
836 2881 1020 2947 Ecclesiam
1053 2881 1251 2947 catholicam
1275 2885 1417 2966 acuisse,

295 2993 469 3067 partesque
505 2979 636 3044 illorum
676 2979 915 3044 haereticorum
955 2981 1147 3066 suscepisse.
1202 2981 1278 3062 Qua
1309 2981 1350 3045 de
1380 3004 1420 3045 re

296 3080 440 3144 sufficiat
471 3101 509 3142 ea
542 3079 643 3141 citare
675 3099 759 3162 quae
784 3077 824 3141 cl.
847 3076 963 3142 Palma
993 3076 1101 3142 habet.
1139 3079 1219 3162 ,Est
1242 3078 1305 3143 hoc
1330 3101 1420 3144 com-

298 3178 441 3240 muniter
463 3186 651 3259 receptum,
675 3176 802 3260 inquit,
828 3176 915 3239 inter
946 3174 1096 3240 homines
1120 3176 1163 3240 ab
1188 3175 1341 3242 Ecclesia
1365 3199 1421 3241 ca-

297 3272 419 3338 tholica
443 3272 585 3356 alienos,
619 3283 656 3336 ut
688 3271 741 3336 vel
774 3274 933 3337 excitatas
955 3275 1168 3358 gravissimas
1193 3274 1234 3338 de
1257 3273 1422 3359 religione

299 3372 539 3438 controversias
565 3370 710 3434 levitatis
741 3379 916 3450 accusent,
941 3371 994 3435 vel
1024 3371 1162 3436 dissidia
1190 3393 1275 3458 quae
1299 3371 1340 3435 ob
1365 3393 1423 3436 ne-

298 3471 389 3555 gotia
422 3470 533 3554 magni
567 3470 724 3532 momenti
758 3470 791 3534 in
815 3467 967 3533 Ecclesia
991 3480 1068 3534 sunt
1091 3479 1272 3550 commota,
1298 3469 1424 3553 impru-

194 3609 196 3616 ·
301 3567 433 3632 dentiae
456 3589 495 3630 ao
519 3565 713 3631 dominandi
744 3565 919 3652 cupiditati
952 3568 1131 3652 praecipue
1163 3565 1328 3648 tribuant,
1353 3587 1426 3652 qua

300 3665 369 3730 RR.
393 3665 573 3729 Pontifices
603 3663 637 3726 in
670 3663 710 3727 iis
739 3664 838 3729 rebus
869 3665 1111 3750 pertractandis
1134 3667 1296 3729 animatos
1318 3664 1425 3730 fuisse

302 3761 518 3826 contendunt.
565 3761 781 3846 Perspicuum
805 3761 904 3848 hujus
923 3763 969 3826 rei
994 3764 1164 3828 continent
1186 3763 1425 3842 testimonium,

303 3882 387 3947 quae
417 3861 640 3924 Protestantes
671 3860 795 3944 passim
828 3860 1036 3924 affirmarunt
1069 3859 1110 3924 de
1142 3860 1258 3925 oborta
1290 3857 1426 3925 saeculo

303 3967 421 4022 octavo
456 3958 680 4023 controversia
714 3959 800 4021 inter
831 3979 998 4022 sacrarum
1033 3959 1216 4042 imaginum
1250 3957 1360 4021 hostes
1391 3967 1429 4022 et

304 4055 500 4138 catholicos,
532 4056 589 4141 qui
621 4057 881 4120 vetustissimum
910 4057 1068 4142 piumque
1099 4057 1281 4140 imaginum
1317 4075 1429 4118 sacra-

303 4173 377 4216 rum
402 4151 526 4217 cultum
548 4151 813 4238 propugnabant.
860 4151 1092 4238 superstitioni
1108 4155 1196 4218 enim
1220 4151 1333 4217 deberi
1358 4151 1430 4216 cul-

304 4261 375 4314 tum
407 4250 496 4314 hunc
524 4249 699 4315 acatholici
732 4251 918 4334 affirmant,
949 4249 991 4316 de
1023 4251 1255 4337 superstitione
1278 4248 1430 4315 tollenda
