2952 4832
289 517 341 568 294
539 515 613 570 ΧΧΙ.
635 515 711 569 DeS
740 513 872 585 Gregorio
893 517 943 570 Vll
963 515 1037 570 Rom
1060 517 1199 570 Pontifice.

290 662 405 749 captio,
429 662 536 733 honor,
563 661 657 743 signa
681 673 771 725 certa
786 683 856 724 esee
873 660 1013 724 hominii
1031 661 1157 747 quoda
1175 659 1298 724 casallo
1322 683 1406 744 prae-

290 771 395 823 statur
425 760 550 823 seniori.
590 796 633 805 -
673 760 717 822 At
750 759 870 823 similia
900 759 1000 822 etiam
1026 761 1238 823 continentur
1272 761 1303 822 in
1323 760 1406 844 jura-

291 859 410 922 mentis
434 877 518 944 quae
543 861 599 925 alii
624 879 717 943 reges
741 859 1014 943 Imperatoresve‚
1040 879 1068 921 e.
1092 879 1123 941 g.
1150 857 1229 921 Otto
1254 857 1279 934 Ι,
1303 858 1406 923 Ponti-

290 955 408 1022 ficibus
439 961 689 1044 praestiterunt,
725 957 805 1041 quin
835 967 946 1018 tamen
981 954 1058 1018 inde
1088 976 1122 1018 se
1155 953 1298 1018 vasallos
1320 953 1412 1018 Sedis

291 1054 501 1142 Apostolieae
533 1055 719 1120 redderent.
775 1054 912 1138 Legitur
946 1054 979 1116 in
1008 1053 1199 1135 juramento
1236 1053 1368 1117 Ottonis
1396 1053 1410 1114 1

291 1152 376 1215 iuter
399 1151 480 1217 alia:
514 1155 664 1218 Sanctam
689 1154 867 1215 Hemonam
892 1151 1052 1214 molosiam
1083 1161 1113 1213 et
1136 1161 1164 1213 te
1188 1163 1339 1214 rectorem
1367 1153 1410 1236 ip·

289 1253 356 1313 siua
380 1251 528 1314 ercalinde
553 1250 720 1314 secandum
742 1273 833 1336 posse
859 1273 966 1327 meam,
991 1260 1021 1312 et
1044 1271 1204 1332 rrursquam
1228 1250 1335 1328 aram,
1360 1261 1412 1311 cut

290 1348 437 1428 ¹incuriam,
474 1360 503 1411 ct
526 1353 630 1436 ipsum
653 1350 798 1411 honorem
823 1371 912 1433 quoru
934 1346 1038 1424 habes,
1073 1369 1140 1410 meo
1166 1346 1336 1424 voluntate,
1361 1359 1414 1412 ast

292 1469 356 1508 meo
380 1448 523 1524 corratio,
555 1458 611 1510 cart
636 1471 700 1510 meo
726 1465 887 1522 consensa,
922 1455 979 1508 cut
1002 1467 1070 1507 mec
1103 1445 1324 1508 salmariano
1341 1471 1414 1532 per·

291 1545 346 1607 des
357 1545 393 1626 ¹).
450 1545 559 1610 Valde
593 1545 730 1608 obvium
764 1557 844 1624 erat,
882 1555 918 1606 ut
950 1542 1030 1607 dum
1065 1544 1283 1606 reverentiam
1319 1541 1418 1608 Sedis

291 1641 502 1726 Apostolicae
540 1643 590 1706 vel
628 1643 699 1728 ejus
734 1643 973 1728 protectionem
1006 1642 1254 1726 promitterent,
1291 1641 1419 1706 talibus

292 1749 463 1803 uterentur
493 1741 605 1804 verbis
637 1761 723 1827 quae
757 1742 789 1803 in
816 1762 877 1804 usu
901 1750 997 1803 erant
1019 1740 1054 1803 in
1077 1739 1228 1803 formulis
1251 1738 1342 1803 illins
1366 1763 1417 1804 ae·

292 1838 385 1918 tatis;
423 1861 465 1900 cx
489 1838 707 1903 similitudine
739 1847 850 1902 autem
875 1837 987 1923 aliqua
1012 1837 1176 1901 immerito
1205 1837 1422 1902 concluditur

291 1935 476 1999 hominium
501 1937 632 2022 proprie
659 1935 784 2000 dictum
810 1937 1004 2021 praestitum
1028 1933 1138 2002 luisse.

382 2033 435 2098 90.
468 2033 627 2098 Referunt
656 2055 786 2120 quoque
818 2034 994 2120 scriptores
1018 2032 1107 2096 illius
1130 2035 1256 2115 aetatis,
1288 2031 1422 2118 Grego-

293 2132 379 2194 rium
407 2130 602 2218 Pontificem
635 2145 709 2218 post
733 2132 870 2196 Henrici
901 2133 990 2215 regis
1019 2130 1269 2210 absolutionem,
1301 2153 1421 2196 coram

292 2231 363 2313 ipso
387 2239 486 2315 atque
511 2231 674 2315 episcopis
700 2229 929 2313 praesentibus
953 2230 1072 2294 missae
1096 2228 1293 2293 sacrificium
1324 2230 1422 2294 obtu-

291 2325 381 2406 lisse,
424 2328 488 2390 imo
529 2331 627 2392 etiam
671 2329 739 2411 regi
776 2349 904 2391 sacram
935 2326 1169 2391 eucharistiam
1218 2330 1425 2413 porrexisse.

292 2423 490 2488 Lambertus
515 2423 759 2489 llersfeldensis
782 2433 893 2489 autem
922 2435 1045 2506 narrat,
1076 2424 1269 2489 Pontificem
1291 2425 1425 2490 allocu-

293 2524 381 2586 tione
406 2521 520 2586 habita
543 2525 612 2607 regi
624 2521 783 2586 obtulisse
809 2524 1087 2604 communionem,
1114 2534 1149 2586 ut
1172 2526 1343 2588 sumtione
1371 2547 1425 2588 eu-

292 2620 468 2684 charistiae
504 2621 546 2684 ad
583 2623 686 2684 instar
721 2621 838 2686 ordalii
870 2643 903 2684 se
927 2619 970 2685 ab
1000 2621 1139 2706 objectis
1162 2624 1193 2686 ei
1216 2623 1427 2688 criminibus

291 2729 456 2804 purgaret.
504 2719 626 2804 Regem
660 2741 748 2797 vero,
784 2717 920 2783 consilio
954 2717 1067 2784 habito
1099 2742 1174 2783 cum
1203 2721 1279 2800 suis,
1319 2719 1428 2786 decli-

205 2862 212 2874 .
292 2837 387 2879 nasse
419 2816 481 2879 hoc
507 2819 750 2881 communionis
774 2816 938 2882 ordalium
963 2838 1000 2880 eo
1028 2827 1200 2902 praetextu
1224 2817 1330 2903 quod,
1370 2821 1427 2883 sl»-

293 2913 441 2977 sentibus
465 2915 673 3001 principibus
698 2917 753 3001 qui
779 2937 855 2978 enm
880 2913 1093 2996 accusabant,
1117 2915 1309 2979 irritaforet
1337 2919 1424 3004 ejus-

292 3012 381 3075 modi
407 3015 569 3097 purgatio.
616 3012 816 3079 Bertlroldus
841 3013 882 3077 de
906 3013 1074 3099 proposito
1099 3013 1260 3100 ejusmodi
1284 3015 1428 3080 ordalio

292 3107 375 3172 nihil
400 3110 510 3192 habet,
536 3109 593 3174 sed
609 3113 724 3196 paucis
751 3111 880 3174 verbis:
910 3111 1005 3197 „Ipse
1021 3111 1123 3197 Papa,
1148 3111 1271 3191 scribit,
1297 3115 1429 3180 missas

291 3207 369 3270 lecit
402 3217 435 3272 et
467 3209 500 3272 in
526 3209 596 3274 loco
622 3209 866 3272 communionis
895 3211 965 3292 regi
998 3209 1041 3273 ad
1066 3231 1099 3272 se
1124 3221 1239 3274 vocato
1264 3211 1428 3276 euchari-

292 3306 388 3368 stiam
414 3309 571 3392 porrexit,
609 3329 708 3392 quam
733 3317 830 3370 antea
855 3308 917 3392 ipsi
942 3307 1169 3372 interdixerat.
1213 3305 1322 3392 Cujus
1349 3331 1426 3395 par-

291 3404 484 3488 ticipatione
514 3427 573 3469 rex
603 3427 636 3468 se
661 3403 836 3490 indignum
868 3405 937 3469 fore
962 3417 1159 3488 contestanS,
1196 3409 1425 3472 incommuni-

290 3501 662 3586 catusdigreditu1·.“²)
710 3503 873 3568 Auctores
896 3525 974 3568 vero
1000 3503 1085 3587 Itali,
1121 3505 1248 3568 Donizo
1272 3506 1307 3568 in
1346 3507 1424 3570 l'ita

292 3597 507 3685 sanctiatis-³),
544 3625 584 3666 ac
607 3602 733 3665 Bonizo
766 3603 799 3664 in
830 3624 888 3664 suo
920 3623 1017 3688 opere
1043 3603 1114 3688 jam
1148 3604 1269 3688 passim
1298 3605 1423 3670 citato.

375 3709 474 3718 .-—......

366 3743 387 3808 ¹)
406 3741 476 3795 Vide
495 3743 608 3796 Dissert
630 3743 749 3808 praeced.
770 3760 795 3796 n.
817 3743 877 3797 139.

363 3821 384 3878 ‘²1
404 3821 544 3877 Bertlroldi
564 3823 682 3876 Annales
711 3823 744 3876 sd
770 3839 794 3876 a.
815 3823 884 3878 1077
910 3839 952 3891 sp.
973 3823 1126 3879 Wsttericlt
1152 3824 1169 3879 l.
1193 3843 1215 3878 c
1241 3823 1263 3878 l.
1288 3825 1358 3881 llll.
1392 3859 1420 3864 —

292 3902 458 3982 Bertlroldus
487 3901 631 3956 monachus
657 3903 814 3956 monasterii
834 3903 989 3973 augiensis,
1017 3904 1165 3959 Hermanni
1191 3905 1337 3960 Contucci
1366 3909 1422 3962 tuit

290 3981 597 4051 discipulus,·hujosqne
616 3984 736 4037 Annales
755 3983 935 4040 continuarit.
973 3983 1025 4038 Vir
1043 3991 1103 4038 erat
1121 3985 1181 4053 pius
1201 3993 1229 4040 et
1247 3983 1422 4040 onhodoxm

291 4079 322 4115 ac
341 4063 473 4130 Gregorio
492 4062 545 4116 VII
566 4064 697 4118 addictus.

365 4145 387 4210 ³)
406 4143 509 4198 Donizo
534 4144 674 4211 presbyter
698 4152 727 4198 ct
746 4145 890 4199 monachus
910 4145 964 4200 fuit
982 4147 1010 4202 in
1030 4149 1193 4202 monasterio
1212 4149 1281 4214 quot
1300 4148 1420 4204 cuum

291 4222 431 4277 alathildis
459 4223 630 4278 fundaverat..
668 4223 789 4280 Coaevus
821 4232 881 4279 erat
905 4227 990 4294 ipsius
1015 4225 1156 4281 mathildis
1184 4227 1294 4296 eju-que
1322 4229 1419 4285 Vitas

290 4302 409 4355 carmine
427 4303 543 4371 scripsit.
572 4305 603 4358 V.
625 4307 659 4360 ll.
680 4308 713 4356 tl.
733 4305 796 4360 ΧΠ.
815 4306 876 4361 348.
