3002 4836
304 491 338 542 ta
661 489 701 544 De
718 491 823 546 haeresi
841 493 1076 550 Ieouaolastarum.

303 633 398 717 signa
422 645 538 720 sponte
562 635 725 721 deposuit,
750 645 782 700 et
806 657 881 700 oum
894 637 1055 724 Procopia
1080 639 1220 724 conjuge
1244 641 1424 728 liberisque
1497 649 1498 708 l

303 733 521 796 monasticum
545 730 697 796 habitum
720 732 839 798 induit.
1497 811 1498 824 .

146 868 228 911 w„
242 869 277 913 „„
391 829 444 897 88.
473 830 532 894 Leo
554 829 750 894 VArmeaas
774 832 893 895 iterum
917 830 1040 896 bellum
1064 843 1158 897 atrox
1182 848 1295 900 contra
1311 857 1425 900 sacras
1497 827 1498 840 .

152 931 269 974 ΜΝ·
302 928 464 1012 imagines
495 931 656 1015 suscepit,
690 937 788 1015 atque
818 931 889 1015 ipso
922 931 1105 1015 imperante
1129 931 1243 998 lideles
1266 935 1421 1000 catholici

302 1047 342 1089 ea
364 1025 433 1090 fere
457 1027 568 1090 omnia
591 1025 782 1109 tolerarunt,
807 1047 892 1113 quae
920 1027 981 1091 sub
1004 1027 1118 1093 Leone
1141 1029 1257 1096 Isauro
1281 1044 1314 1096 et
1339 1032 1424 1099 Con·
1497 1087 1498 1096 ,

302 1123 446 1188 stantino
471 1123 682 1210 Oopronymo
706 1124 874 1211 quondam
899 1127 986 1211 paesi
1011 1141 1097 1191 sunt.
1145 1128 1248 1193 Leoni
1274 1129 1424 1194 Armeno
1497 1139 1498 1168 l

301 1241 388 1286 anno
414 1221 479 1286 820
501 1222 674 1287 interiecto
698 1224 856 1287 suecessit
870 1223 1008 1288 Mialtail
1030 1225 1070 1288 II
1078 1225 1209 1306 Baitia
1234 1229 1290 1313 qui
1315 1229 1423 1311 initio,
1497 1223 1498 1286 i

302 1341 404 1405 quum
419 1319 564 1384 Thomas
587 1320 730 1385 militum
755 1320 824 1384 dux
848 1330 962 1386 contra
985 1343 1060 1386 eum
1084 1323 1298 1389 rebellionem
1321 1327 1424 1390 susci·
1497 1335 1498 1368 ³

301 1426 411 1500 maaet,
436 1439 470 1482 se
486 1416 684 1483 benevolum
710 1420 745 1483 in
760 1417 938 1486 catholicos
953 1420 1136 1504 simulavit3
1161 1423 1218 1487 sed
1242 1422 1424 1489 rebellione

301 1514 416 1580 sedata
439 1516 606 1580 infensum
636 1537 705 1581 sese
729 1516 873 1582 ostendit
904 1539 1072 1582 sacrarum
1097 1521 1280 1605 imaginum
1305 1520 1424 1586 adver·

301 1615 435 1696 sarium,
460 1623 492 1678 et
515 1614 625 1697 exilio,
649 1614 843 1700 spoliatione
865 1614 1037 1698 bonorum,
1063 1618 1128 1680 imo
1152 1625 1185 1680 et
1208 1616 1323 1682 ultimo
1348 1641 1425 1704 sup·

301 1710 401 1796 plinio
424 1713 458 1776 in
482 1711 596 1777 fideles
619 1713 864 1778 animadvertit.
1497 1719 1498 1728 ³

391 1810 444 1876 89.
493 1808 639 1876 Oonatus
662 1819 772 1874 autem
797 1821 846 1875 est
869 1809 988 1876 callide
1010 1811 1223 1876 Ladovioum
1236 1812 1334 1877 Pium
1358 1813 1425 1878 Im·

301 1919 495 1993 peratorem,
520 1917 552 1972 et
561 1907 750 1992 Eugenium
773 1908 808 1973 II
827 1908 1022 1974 Pontificem
1045 1909 1232 1974 Romanum
1256 1912 1314 1996 qui
1339 1921 1425 1976 tune
1497 1925 1498 1966 t

300 2006 472 2070 Ecclesiae
487 2015 646 2092 praeerat,
664 2004 827 2093 decipere.
851 2007 984 2070 Etenim
1008 2027 1084 2071 cum
1108 2018 1237 2094 optaret
1250 2008 1314 2073 sibi
1329 2032 1425 2096 prae·
1497 2029 1498 2070 1

300 2104 423 2170 sidium
445 2103 612 2169 Ludovici
636 2105 687 2168 Pii
712 2113 745 2167 et
767 2104 908 2170 Romani
928 2105 1098 2170 Pontificio
1124 2106 1264 2190 Eugenii
1290 2128 1425 2194 compa·
1497 2135 1498 2154 .

300 2225 383 2284 rare,
408 2211 630 2288 opportunum
653 2203 858 2267 existimavit
876 2202 1074 2288 legationem
1098 2203 1141 2268 ad
1164 2226 1220 2270 eos
1244 2204 1425 2288 destinare,

302 2311 380 2364 vota
412 2323 472 2364 sua
505 2301 545 2364 iis
567 2299 778 2385 significandi
811 2302 927 2386 gratia,
953 2311 990 2364 ut
1012 2303 1098 2366 inter
1122 2311 1297 2388 utrumque
1320 2305 1427 2390 impe·
1497 2317 1498 2320 ’

301 2400 388 2462 rium
413 2397 589 2463 concordia
612 2407 860 2480 restauraretur,
893 2409 992 2484 atque
1017 2400 1132 2486 ,omnis
1155 2420 1288 2485 prorsus
1312 2401 1354 2466 de
1381 2425 1429 2466 re-

143 2498 232 2550 ΒΜ)
253 2497 280 2540 ¹⁴¹
303 2495 426 2582 ligione
450 2497 674 2561 controversia
688 2497 963 2580 exstingueretur.
1009 2497 1126 2582 Itaque
1149 2495 1274 2562 litteras
1298 2499 1343 2563 ad
1358 2499 1429 2564 Lu·

143 2559 274 2663 stuppam
305 2595 464 2660 doricum
486 2593 722 2680 Imperatorem
746 2603 845 2680 atque
869 2593 912 2659 ad
935 2594 1124 2679 Eugenium
1148 2594 1274 2680 Papam
1297 2618 1360 2682 per
1385 2597 1430 2662 le-

303 2700 397 2776 gatos
426 2713 501 2756 suos
533 2693 731 2770 transmisit,
757 2690 878 2778 quibus
906 2692 1016 2778 quoad
1044 2692 1171 2779 reliqua
1204 2693 1430 2760 orthodoxam

303 2789 373 2855 edit
395 2789 642 2876 professionem,
665 2811 808 2854 errorem
823 2811 903 2855 vero
919 2812 1016 2855 suum
1032 2789 1303 2856 iconoclasticum
1327 2805 1431 2857 caute

301 2889 393 2974 tegit,
418 2897 450 2952 et
473 2889 605 2952 nonnisi
629 2887 753 2952 abusus
776 2887 936 2973 quosdam
960 2887 1003 2952 ab
1027 2890 1098 2974 ipso
1122 2889 1260 2976 rejectos
1284 2911 1430 2956 comme·

302 2995 417 3051 morat
465 2984 529 3050 Sed
552 2997 582 3050 et
603 2987 674 3064 boc,
698 2986 814 3050 scribit
836 2985 879 3050 ad
902 2986 1129 3070 Ludovicum,
1153 3000 1274 3053 aeonae
1301 2985 1431 3056 blas-isto

303 3084 436 3149 amabili
458 3083 622 3149 dilectioni
651 3084 904 3170 manifestamus,
932 3087 1007 3170 qnia
1030 3085 1122 3151 malti
1143 3087 1182 3150 de
1206 3087 1433 3153 manusueti

302 3207 356 3248 aaa
379 3193 408 3247 et
431 3181 524 3247 laicis
546 3183 624 3246 airis
648 3181 749 3246 alieni
764 3181 802 3246 de
828 3183 1013 3268 apostolicis
1032 3184 1259 3249 traditionibus
1272 3185 1374 3270 facti,
1401 3199 1433 3250 et

301 3303 400 3367 neque
427 3291 584 3366 paternae
616 3282 764 3345 terminos
796 3280 1021 3362 custodientes,
1037 3280 1127 3368 faeti
1153 3293 1226 3346 sunt
1247 3283 1433 3349 inventores

301 3375 461 3442 malarum
482 3399 595 3442 reram
643 3379 782 3442 l'timwm
795 3377 920 3465 paidom
934 3379 1121 3463 boaonfioas
1143 3390 1173 3443 at
1194 3379 1336 3464 aiotfleaa
1360 3406 1430 3446 ora·

302 3499 353 3540 cea
377 3475 415 3540 dc
439 3477 541 3540 raons
564 3475 689 3562 templis
712 3474 921 3562 sepeliebant,
937 3475 1026 3540 etad
1049 3478 1157 3542 eadem
1180 3477 1250 3541 loca
1271 3479 1432 3566 inopinos

303 3574 495 3654 statuebant,
523 3573 744 3660 ponebantque
768 3573 913 3638 laceratas
945 3596 1050 3638 coram
1073 3577 1129 3654 eia,
1153 3574 1248 3639 amal
1270 3586 1300 3639 et
1322 3579 1429 3642 incen-

303 3697 372 3737 sam
395 3671 575 3750 adolebant,
600 3683 692 3758 atque
721 3695 775 3736 aaa
801 3673 837 3736 ia
861 3672 922 3736 tali
943 3671 1058 3735 bonore
1080 3671 1245 3751 habebant,
1269 3675 1353 3739 nont
1375 3677 1428 3740 lto·

302 3770 466 3854 aanfloam
497 3781 527 3834 at
558 3770 711 3853 vivificam
744 3767 880 3856 liyauat,
904 3771 940 3833 ia
972 3791 1030 3854 qao
1058 3767 1202 3834 Clas-istas
1224 3794 1315 3836 aeras
1338 3773 1433 3838 Deua

302 3879 411 3932 noster
433 3867 573 3953 aucifiyi
595 3868 746 3952 dipaatae
769 3879 815 3932 eat
832 3879 967 3954 propter
980 3877 1122 3932 areanum
1146 3867 1288 3933 salutem.
1336 3871 1431 3935 Psal-

303 3963 412 4030 lebaat
444 3975 474 4029 et
504 3965 694 4044 adorabant,
729 3976 821 4052 atque
846 3965 886 4029 ab
918 3965 1032 4030 iisdem
1054 3965 1245 4050 imayinibas
1268 3967 1434 4032 ancilium

299 4063 470 4149 petebaat;
487 4064 633 4150 plerique
657 4074 761 4128 uatem
784 4061 1022 4128 linteaminibus
1044 4063 1169 4128 eaodem
1191 4065 1344 4150 imapinea
1368 4067 1433 4129 cir·

305 4161 508 4240 oamdabant,
542 4172 572 4224 et
585 4160 731 4243 filiorum
753 4183 878 4226 motum
907 4161 945 4225 de
970 4161 1170 4248 baptismatis
1184 4161 1280 4248 sonte
1304 4185 1432 4250 marep-

305 4260 398 4324 trt'oea
421 4257 599 4345 faciebant.
646 4257 717 4323 Alii
747 4281 819 4322 vero
850 4259 1030 4344 aalipioaam
1059 4258 1198 4323 babilinus
1221 4262 1433 4326 morsasticnm
