3002 4836
305 525 341 578 52
655 523 696 576 Da
713 521 818 578 haeresi
836 511 1071 580 Imnootaatarum.

304 668 378 746 Dei,
403 689 528 732 sueram
559 676 588 730 et
620 665 826 730 orthodoxam
849 666 993 752 foratam
1023 668 1203 754 imonupte
1231 681 1262 734 at
1284 669 1431 736 inconta-

308 766 422 826 minote
455 787 495 828 aa
521 763 687 850 profando
716 763 820 826 cordia
853 773 883 827 et
914 764 1094 828 unanime
1126 769 1247 831 meretis
1270 768 1432 834 natodire

305 861 442 939 studeat,
474 872 509 926 at
538 885 649 926 reuera
671 861 849 926 orttodoaea
880 870 909 924 et
931 861 995 926 Dei
1024 861 1142 926 cultrice
1164 865 1347 942 cannetum,
1371 866 1434 929 boc

300 962 441 1046 primam
474 961 680 1045 omnipotenti
702 960 771 1024 Deo
803 957 916 1044 offerat
937 958 1134 1042 sacrificinm,
1168 971 1203 1024 nt
1225 982 1265 1026 em
1281 985 1431 1048 perrona

305 1069 417 1124 nostra
448 1059 675 1144 Imperatorum
701 1055 850 1122 sublimia
880 1057 1014 1141 1oorti9ia
1035 1057 1178 1136 obsecret,
1202 1069 1238 1122 nt
1265 1081 1375 1124 morae
1399 1072 1433 1124 et

306 1154 499 1222 venerabiies
527 1157 680 1240 imopinea
703 1155 738 1218 in
761 1155 923 1240 eampum
954 1164 1071 1218 atatam
1092 1157 1254 1222 restituere
1278 1168 1307 1222 et
1329 1158 1431 1224 etati·

307 1255 365 1318 tire
380 1255 526 1343 prebeant,
559 1264 776 1318 conservantes
800 1252 1004 1316 traditionem
1035 1253 1127 1340 bnjtta
1149 1275 1260 1320 samoe
1278 1267 1314 1322 >at
1334 1277 1428 1321 eone·

307 1354 445 1416 tisaimae
469 1354 632 1416 Romanae
663 1349 821 1416 oooieaioe.
854 1398 862 1413 .
889 1399 896 1414 .
921 1397 928 1414 .
960 1347 998 1414 Si
1020 1361 1124 1416 antem
1147 1369 1256 1416 aaaron
1279 1375 1316 1416 aa
1338 1375 1433 1417 nene-

306 1449 422 1514 rabiiee
446 1451 599 1536 imopines
622 1472 686 1512 aon
707 1449 912 1524 restinoerint,
934 1450 1197 1514 ooneeorationem
1220 1460 1356 1514 uestram
1379 1475 1430 1514 re-

306 1551 408 1636 m'pere
440 1571 503 1612 non
534 1547 694 1622 audemus,
728 1556 757 1610 et
779 1547 915 1610 noaino
947 1547 976 1610 ai
1003 1556 1142 1610 sectatus
1164 1547 1266 1630 simma
1297 1571 1349 1612 eos
1373 1552 1435 1634 qui

308 1669 369 1712 non
392 1645 523 1712 madunt
548 1646 682 1710 ueritati.
707 1683 750 1690 —
774 1643 867 1708 Haec
891 1644 992 1727 igitur
1015 1645 1226 1730 praeceptive
1250 1645 1435 1711 intimabat

307 1744 498 1809 Hadrianus
521 1741 729 1827 patriarchae
745 1741 880 1806 Tarasio
897 1743 985 1804 circa
999 1740 1100 1806 fidem
1117 1741 1159 1806 ab
1184 1763 1222 1808 eo
1246 1743 1430 1808 mnendam

306 1852 338 1905 et
361 1839 631 1927 promovendam,
666 1838 726 1903 sub
750 1860 858 1924 poena
886 1840 1102 1925 separationis
1134 1863 1153 1907 a
1177 1839 1263 1906 Sede
1285 1841 1433 1926 Aposto-

306 1939 369 2006 lica
401 1949 433 2004 et
469 1937 632 2004 nullitatis
662 1938 733 2023 ejus
761 1938 987 2022 promotionis.
1043 1937 1282 2002 Recitabantur
1313 1951 1431 2002 eutem

305 2037 438 2126 publice
462 2057 573 2102 coram
596 2034 750 2100 Patribus
775 2033 915 2100 Consilii
947 2037 1151 2100 oecumenici
1176 2033 1301 2122 absque
1325 2038 1434 2100 unius

305 2147 364 2204 aut
386 2136 520 2201 alterius
544 2132 786 2198 reclamatione.

395 2234 448 2300 60.
474 2233 586 2313 Quum
610 2231 770 2318 ejusmodi
800 2230 951 2296 doctrina
979 2230 1096 2294 litteris
1119 2229 1284 2296 Hadriani
1307 2251 1429 2316 propo-

306 2331 637 2410 sita'essetTarasio,
661 2339 694 2394 et
716 2329 879 2416 quaedam
894 2327 936 2394 ab
962 2331 1031 2414 ipso
1055 2325 1229 2413 postulata,
1254 2327 1433 2413 publicam

306 2431 545 2496 confessionem
573 2429 809 2513 acceptationis
833 2438 865 2492 et
888 2425 1037 2513 obsequii
1061 2427 1228 2512 petierunt
1251 2426 1293 2492 ab
1318 2448 1357 2491 eo
1383 2427 1429 2492 le-

304 2529 383 2614 gati.
432 2527 641 2614 Quapropter
664 2528 774 2592 statim
798 2535 872 2610 post
889 2525 1064 2590 lectionem
1080 2522 1167 2590 illius
1191 2523 1349 2610 epistolae
1376 2527 1425 2590 in-

306 2635 556 2711 terrogaverunt
579 2624 742 2689 dicentes:
773 2624 871 2688 Dicat
892 2622 982 2687 nobis
1006 2623 1221 2688 somniarimus
1234 2624 1431 2709 patriarcba

311 2725 464 2790 Tarnaias
478 2725 583 2809 rapine
607 2723 755 2801 ciuitatis,
780 2722 998 2786 eieonsentiat
1021 2719 1136 2784 litteris
1158 2721 1352 2784 eanodmimi
1364 2721 1429 2785 Pa-

300 2846 366 2910 pae
389 2823 523 2886 senioris
537 2823 657 2886 Itomae
673 2819 848 2899 Hadriani,
874 2819 1005 2884 annoni
1028 2818 1082 2882 Ex
1106 2818 1203 2883 dictis
1226 2827 1318 2903 patet
1333 2817 1424 2884 banc

307 2921 595 3006 interrogationem
611 2939 688 2982 eum
700 2919 895 2982 auctoritate
909 2917 1031 2982 factam
1044 2916 1161 2994 fuisse,
1172 2924 1335 3001 quatenus
1348 2937 1429 2980 eon·

306 3041 437 3084 sensum
461 3029 497 3082 ut
521 3017 670 3083 debitum
694 3017 827 3080 nomine
850 3014 1020 3080 Pontificis
1042 3013 1141 3098 legati
1167 3013 1357 3097 exigebant

144 3142 224 3186 mam
246 3155 295 3186 aa·
395 3119 447 3182 61.
473 3115 677 3180 Consensum
717 3134 813 3177 suum
849 3113 925 3176 dein
958 3111 1114 3175 Tarasius
1152 3110 1297 3176 declarat
1333 3110 1428 3176 hisce

178 3215 261 3248 amm.
306 3215 436 3279 verbis:
483 3212 723 3279 Sacratiaaimns
747 3211 868 3276 Paulas
890 3207 1075 3297 Apostolus,
1099 3211 1154 3295 qni
1176 3209 1357 3274 iliustratus
1375 3219 1431 3272 'est

306 3315 421 3378 iumine
448 3311 566 3377 Coma
588 3323 618 3375 et
639 3312 745 3396 pennit
777 3333 834 3374 noa
854 3334 914 3396 per
937 3307 1152 3393 homeliam,
1179 3330 1247 3372 enm
1271 3308 1431 3370 Romanis

306 3413 468 3488 scriberet,
500 3409 684 3497 approbans
706 3411 844 3476 studium
868 3409 1008 3472 airuemme
1022 3406 1105 3490 fidei
1137 3427 1251 3482 eoram,
1274 3427 1370 3489 quam
1393 3407 1429 3466 in

311 3509 469 3574 Christum
500 3529 606 3571 eornm
628 3510 730 3572 Deum
760 3507 930 3583 habebant,
954 3507 999 3568 sio
1023 3506 1087 3568 ait:
1123 3503 1218 3568 maes
1241 3512 1346 3566 vestm
1371 3495 1459 3566 ren-⁸

308 3609 472 3672 rurantiotur
495 3607 529 3669 in
552 3608 695 3670 uniuerso
719 3606 844 3670 mondo.
894 3605 961 3666 Hoc
982 3602 1191 3666 testimoninm
1214 3601 1302 3686 requi
1324 3623 1429 3664 necea

306 3707 426 3768 auritum
441 3715 495 3782 eat,
511 3715 540 3766 et
552 3703 724 3767 inconsulte
748 3705 824 3786 opit,
842 3703 895 3787 qui
918 3701 987 3763 toto
1002 3710 1133 3763 conatur
1147 3700 1301 3762 resistere.
1336 3697 1429 3760 binde

307 3803 497 3866 Hadrianus
505 3801 641 3888 promul
663 3803 797 3866 aeniorie
811 3803 941 3878 Itomae,
957 3823 1024 3862 enm
1047 3806 1125 3861 esset
1138 3797 1304 3882 particeps
1322 3817 1430 3858 aornar.

307 3903 362 3986 qni
379 3901 547 3986 proedicto
573 3900 746 3964 testimonio
770 3899 888 3962 muniri
919 3906 1107 3974 maritarunt,
1131 3895 1258 3980 aoripait
1281 3915 1429 3980 exprome

306 4023 344 4062 no
368 4001 519 4062 ueraciter
546 3999 614 4084 piis
647 3995 893 4082 imperatoribus
926 3996 1052 4074 nostrie,
1086 4004 1177 4078 atque
1202 3990 1247 4056 od
1268 3990 1429 4054 bumilita-

308 4108 367 4160 tem
398 4108 550 4173 nostram,
574 4093 750 4180 affirmans,
776 4093 849 4158 bene
873 4117 910 4158 ac
925 4093 1047 4178 ‘optime
1071 4114 1102 4156 ee
1126 4089 1238 4154 babere
1262 4091 1428 4174 antiquom

307 4195 511 4258 traditionem
525 4193 684 4256 Ecetram
709 4190 888 4256 catholicae.
938 4191 1025 4254 Nam
1047 4201 1077 4254 et
1099 4190 1165 4275 ipai
1182 4208 1240 4250 nos
1254 4189 1428 4252 enatando

308 4291 488 4378 Scripturas
513 4301 543 4354 et
556 4288 745 4376 spitopiatioe
762 4289 971 4376 approbando
987 4289 1096 4350 rimati
1119 4307 1222 4350 samm
1232 4308 1244 4366 ‚·
1280 4287 1325 4350 sio
1344 4285 1429 4372 qnod
