3054 4834
489 453 526 504 lte
545 453 621 506 exitu
640 454 848 506 cornroversiue.
1177 455 1230 506 389

109 598 317 658 corrrmittens
348 616 431 680 equo
463 605 578 658 vectus
604 607 705 660 ,tama
742 596 917 659 velocitate
942 595 1086 660 Rhemos
1117 619 1230 682 prope·

111 694 204 772 ravit,
229 702 265 755 ut
289 694 407 776 viginti
433 692 535 756 leucis
560 696 741 777 peragratis
765 695 881 758 eadem
907 694 960 757 die
976 696 1111 758 Missam
1136 716 1176 758 ea
1197 697 1230 758 in

111 790 189 853 urbo
214 790 430 854 celebraverit
454 815 492 854 ac
518 791 734 856 Leodiensem
760 794 952 878 episcopum
976 795 1229 857 eonsecraverit.

111 889 205 950 Faria
230 888 376 954 secunda
402 889 549 973 patribus
574 894 782 973 congregatis
806 913 925 954 causae
960 890 1000 953 (le
1025 913 1089 977 qua
1114 891 1230 975 ageba·

109 997 161 1048 tur
184 997 305 1050 statum
329 999 362 1050 et
377 987 590 1072 Imperatoris
606 989 738 1052 fraudes
760 1009 819 1072 per
833 987 998 1052 Joannenr
1018 989 1230 1053 Cremeusem

110 1083 319 1148 Cardinalem
337 1088 459 1169 exponi
472 1086 567 1166 fecit3
593 1086 699 1150 adfuit
716 1103 825 1150 tamen
851 1089 930 1170 ipse,
956 1090 1110 1171 quamvis
1134 1109 1231 1168 aegre

110 1195 142 1244 et
166 1184 261 1246 valde
286 1184 494 1267 defatigatus,
520 1185 637 1268 synodi
664 1186 811 1248 sessioni.
843 1185 1034 1248 lufirmatus
1055 1185 1097 1248 ad
1115 1186 1231 1249 feriam

110 1302 212 1364 usqne
237 1293 387 1366 quartam
412 1285 549 1368 quievit,
582 1296 614 1346 et
644 1283 721 1347 dein
754 1305 793 1346 ea
827 1283 909 1346 feria
942 1307 980 1346 ac
1006 1286 1155 1370 sequenti
1181 1307 1230 1346 ca·

111 1399 211 1441 nones
243 1382 390 1465 quinque
421 1391 534 1446 eontra
568 1383 743 1446 simoniam
774 1391 807 1444 et
829 1382 1057 1445 investituram
1090 1383 1230 1444 confecti

109 1489 143 1538 et
166 1477 363 1560 promulgati
388 1489 530 1544 sunt—
545 1479 610 1559 Qui
636 1481 851 1543 simoniacam
877 1478 1038 1542 haeresim
1063 1481 1230 1564 petebant,

109 1597 237 1638 summo
262 1599 424 1640 consensu
449 1588 525 1640 sunt
550 1577 765 1662 comprobati.
815 1576 912 1640 Circa
937 1577 1028 1640 illum
1055 1599 1132 1641 vero
1167 1599 1231 1664 quo

110 1676 325 1737 investiturae
350 1675 443 1738 laicis
468 1675 761 1751 interdicebantur,
787 1697 853 1739 non
870 1674 953 1738 levis
978 1679 1144 1740 contentio
1162 1687 1235 1744 ortu

110 1782 167 1836 est,
203 1771 263 1835 His
277 1795 395 1858 nempe
413 1773 523 1838 verbis
538 1783 717 1859 conceptus
742 1783 825 1838 erat:
851 1776 1074 1837 Incestituram
1097 1775 1233 1837 omrrirnn

107 1869 310 1934 ecclesiaram
334 1883 362 1934 et
387 1872 668 1936 ecclesiasticarum
689 1874 921 1958 possessionum
938 1895 1001 1957 per
1027 1895 1150 1932 arcarum
1174 1872 1232 1934 lui-

107 1969 279 2048 cam-fisri,
305 1971 405 2032 modis
430 1971 571 2034 onrisibns
590 1970 801 2056 prohibemns.
843 1969 939 2034 Multi
964 1969 1040 2032 laici
1066 1981 1099 2030 et
1122 1968 1232 2032 clerici

110 2063 345 2153 reclamarunt,
386 2091 423 2132 oo
453 2069 541 2154 quod
576 2071 655 2154 ipsis
684 2068 852 2132 videretur
884 2068 946 2132 hoc
980 2087 1106 2130 canone
1134 2069 1232 2130 etiam

111 2163 290 2247 prohiberi,
316 2169 493 2251 quominus
516 2168 592 2232 laici
617 2189 655 2231 ea
681 2169 808 2230 minora
833 2165 996 2230 beneficia
1020 2177 1052 2228 et
1076 2165 1233 2244 decimas,

108 2283 196 2344 quae
229 2285 272 2326 ex
296 2264 452 2329 diuturno
489 2278 635 2350 tempore
668 2268 700 2328 in
726 2267 872 2350 ipsorum
907 2263 1061 2327 manibus
1086 2275 1179 2326 erant
1202 2273 1234 2324 et

110 2359 154 2420 ab
168 2361 248 2443 ipsis
265 2372 301 2424 nt
313 2366 459 2448 patronis
470 2364 523 2427 vel
536 2363 599 2427 alio
619 2363 712 2426 titulo
727 2363 990 2442 conferebantur,
1011 2362 1082 2446 jam
1099 2361 1235 2424 ulterius

110 2459 319 2541 possiderent
351 2473 383 2524 et
407 2463 604 2526 conferrent.
654 2462 804 2525 Calixtus
829 2461 861 2525 Il
887 2461 1075 2544 increpavit
1098 2459 1234 2545 quidem

113 2556 326 2622 vehementer
342 2559 566 2646 obloquentes,
585 2571 730 2623 attamen
747 2559 901 2645 prudenti
916 2556 1051 2621 consilio
1066 2558 1235 2621 decretum

108 2657 320 2738 temperavit,
346 2667 377 2719 et
402 2661 435 2721 in
460 2658 546 2722 hanc
571 2660 710 2722 sormam
727 2658 899 2722 redactum
916 2678 1076 2719 canonem
1094 2656 1234 2718 concilio

109 2751 175 2834 legi
206 2754 324 2837 jussit:
361 2759 609 2841 Episccpanmm
639 2767 668 2819 et
701 2757 899 2820 (abbatim-nm
934 2757 1151 2818 investituram
1177 2779 1236 2839 per

109 2873 238 2913 insenum
270 2853 383 2916 laicum
412 2855 484 2935 tisri
514 2858 642 2940 penitas
661 2855 873 2941 prohibemns.
925 2853 1114 2937 Quicumque
1137 2855 1235 2938 cipitur

108 2947 265 3012 laicorum
283 2952 429 3038 deinceps
447 2955 593 3016 investire
601 2956 862 3039 praesumpserit,
887 2952 1098 3014 anathematis
1120 2950 1236 3012 ultioni

106 3047 281 3133 subjacent.
331 3051 428 3113 Porro
452 3053 507 3135 qni
530 3053 694 3114 investitus
709 3052 825 3136 fisemt,
849 3053 963 3112 honore
987 3071 1046 3133 qno
1071 3050 1236 3111 investitus

107 3154 158 3205 est
186 3147 300 3230 ubsque
330 3148 396 3210 nlla
425 3151 673 3234 reersperntionis
708 3173 762 3234 spe
796 3149 982 3212 omnimodis
1020 3156 1136 3207 cursat.
1185 3145 1235 3206 lta

107 3257 293 3328 conceptus
318 3268 424 3311 canon
449 3249 603 3311 omnibus
628 3247 761 3331 placuit,
787 3257 819 3308 et
843 3269 918 3309 crim
944 3246 1083 3308 caeteris
1108 3265 1235 3305 sunnno

106 3363 274 3405 consensu
306 3345 534 3428 promulgatus
567 3357 624 3410 cst.
664 3383 703 3392 -
745 3346 912 3408 Postremo
944 3341 1165 3406 HenricusV
1205 3355 1237 3402 et

107 3438 281 3503 Burdinus
305 3444 464 3529 antipapa
488 3443 677 3507 solemniter
691 3457 767 3506 sunt
782 3441 1073 3522 excommunicati,
1099 3451 1131 3501 ct
1145 3440 1234 3523 jura·

108 3547 222 3601 alento
255 3539 422 3604 fidelitatis
455 3530 596 3605 absoluti
626 3544 827 3626 quicumque
857 3541 1049 3625 imperatori
1087 3536 1235 3600 obstricti

105 3647 216 3712 crant,
250 3640 311 3700 nisi
345 3641 427 3703 forte
451 3642 659 3725 resipisceret
683 3651 715 3702 et
738 3639 909 3702 Ecclesiae
934 3637 997 3700 Dei
1023 3637 1236 3698 satisfaceret.

105 3733 223 3816 Atque
249 3737 294 3798 ita
319 3739 494 3802 concilium
521 3739 714 3802 dissolutum
740 3741 829 3818 est¹),
855 3738 1046 3800 continuata
1070 3755 1148 3796 vero
1173 3732 1237 3795 dis-

103 3831 225 3894 cordia
251 3835 335 3896 inter
359 3835 539 3921 Imperium
565 3852 596 3900 ct
621 3836 858 3900 Sacerulotinm.

187 4083 207 4150 ¹)
232 4083 263 4134 V,
294 4084 375 4138 Natat
409 4085 484 4139 Alex.
510 4086 526 4139 l.
553 4101 573 4138 c.
600 4093 652 4139 art.
677 4083 749 4136 Xl'l.
781 4115 811 4120 -
838 4081 992 4135 Discutitur
1019 4097 1049 4134 eo
1075 4080 1131 4132 loco
1154 4079 1237 4132 etiarn

104 4166 244 4235 qrreestio,
264 4183 311 4220 cur
331 4165 404 4219 nullo
423 4165 499 4218 modo
518 4165 659 4232 impetitus
678 4163 716 4217 ibi
735 4163 820 4217 faerit
832 4161 984 4214 liudevitus
997 4161 1036 4212 vl
1056 4159 1161 4213 Galliac
1181 4175 1236 4213 rex.

102 4252 273 4318 Supponunt
292 4247 400 4314 quntum
420 4252 551 4305 auctores,
571 4246 612 4298 uti
628 4246 724 4298 Petrus
744 4245 776 4297 ‹le
796 4245 887 4296 Marce
907 4249 934 4296 et
954 4241 1010 4308 ipse
1022 4241 1134 4305 Natalis,
1155 4239 1238 4292 etiam
