3002 4836
462 523 628 580 Oonrooatm
646 523 769 580 Canalil.
1138 525 1175 579 4⁹

74 679 102 730 et
120 665 169 752 qu'
184 687 247 730 une
272 666 437 752 complete
468 667 587 732 liberte'
616 669 679 734 soit
708 668 827 732 laissde
849 686 891 732 au
916 666 1075 732 veriteble
1100 689 1174 732 con-

71 762 123 828 cile
143 773 173 828 et
192 765 213 828 h
234 787 288 830 ses
311 764 427 848 legate.
450 801 494 812 -
524 765 669 848 Adrion,
693 785 823 829 comme
845 763 939 846 Paul,
963 787 1091 830 comme
1114 766 1175 830 Ta·

71 864 151 943 mise
173 863 411 928 reconnaiseait
434 863 521 928 douc
543 885 608 950 que
628 862 659 928 le
675 861 803 928 concile
826 861 965 946 general
988 865 1069 928 etait
1092 864 1176 930 daus

71 981 115 1022 ces
135 959 379 1026 malheureuses
409 961 652 1026 circonstauees
682 961 712 1026 le
742 959 877 1025 dernier
908 981 1029 1045 moyen
1062 961 1104 1026 de
1126 983 1175 1026 ra·

70 1079 168 1122 ueuer
187 1057 235 1122 les
257 1057 457 1144 heretiques
487 1061 507 1124 h
539 1059 571 1124 la
594 1060 686 1124 vraie
709 1059 756 1124 foi
779 1068 812 1124 et
835 1057 876 1122 de
898 1057 1018 1122 rendre
1040 1057 1073 1123 la
1094 1060 1176 1144 paix

68 1155 260 1242 il'llglise.“
291 1193 336 1204 -
362 1155 431 1221 Sed
452 1156 535 1222 haec
549 1178 666 1222 revera
681 1156 725 1222 ad
739 1156 930 1242 opinionem
945 1157 1089 1222 auctoris
1105 1177 1175 1243 pro·

70 1253 196 1318 bundam
220 1277 288 1320 uon
312 1255 497 1322 conterunt.
543 1253 739 1320 Nullatenus
770 1255 860 1318 enim
883 1254 1076 1336 ostenditur,
1100 1277 1176 1319 auo·

69 1352 217 1416 mutamus
240 1353 365 1418 summi
389 1351 559 1418 Pontificis
582 1351 693 1438 quoad
721 1351 948 1435 magisterium
973 1362 1005 1415 et
1022 1352 1176 1438 jurisdic-

68 1451 176 1512 tionem
198 1471 261 1535 per
285 1472 321 1514 se
344 1471 412 1516 non
435 1471 505 1514 esse
528 1449 662 1536 plenam
680 1459 714 1514 et
737 1469 910 1528 summam,
935 1450 993 1514 sed
1017 1450 1175 1516 accedere

69 1545 172 1612 debere
191 1550 439 1612 auctoritatem
474 1545 625 1614 Consilii.
682 1545 839 1632 Sequitur
870 1557 1010 1627 tantum,
1043 1550 1078 1612 in
1112 1547 1176 1613 illis

68 1646 313 1712 circumstantiis
336 1644 591 1710 celebrationem
616 1643 757 1710 Consilii
783 1644 929 1709 medium
953 1657 1174 1731 opportunum

68 1741 163 1824 fuisse,
187 1755 224 1806 ut
248 1744 422 1806 efficacius
439 1753 471 1806 et
486 1743 664 1808 solemnius
680 1766 759 1808 vera
775 1744 926 1808 doctrina
943 1743 1015 1828 jam
1040 1743 1177 1809 delinita

69 1839 284 1904 vindicaretur
307 1851 338 1904 et
371 1840 529 1906 haeretici
561 1841 786 1926 rejicerentur.
832 1841 982 1906 Advorte
1005 1843 1115 1922 etiam,
1141 1843 1176 1906 in

68 1950 145 2002 textu
162 1935 325 2024 epistolae
340 1937 453 2018 verba,
469 1959 555 2024 quae
570 1941 669 2004 vertit
684 1949 800 2004 auctor
821 1961 897 2004 scas
917 1938 1085 2003 l’aatoritd
1103 1940 1177 2003 d'aa

67 2035 167 2100 maella
189 2036 334 2122 patara
358 2057 448 2102 esse:
474 2039 542 2102 siae
561 2037 676 2124 maedi
689 2040 822 2116 actione,
847 2040 868 2104 i.
893 2061 921 2102 e.
946 2035 1176 2100 celebratione.

141 2134 194 2200 56.
220 2135 317 2200 llicit
344 2155 441 2220 porro
465 2134 658 2200 Hadrianus
688 2135 730 2200 ad
756 2133 944 2200 Concilium
971 2133 1096 2218 legatos
1121 2135 1176 2220 qni

70 2233 129 2296 viee
151 2233 257 2317 ipsius
284 2232 518 2316 praesiderent,
542 2231 669 2299 sufficet
683 2233 819 2298 Petrum
852 2230 1177 2318 archipresbyterum

67 2328 211 2394 ccclesiae
241 2329 283 2394 δ”
306 2331 411 2411 Petri,
445 2342 478 2394 et
508 2330 643 2394 Petrum
678 2331 833 2396 abbatem
858 2331 896 2398 8²¹
925 2329 1043 2396 Sabae.
1091 2329 1176 2410 Qua-

69 2441 185 2512 propter
217 2429 276 2494 isti
312 2427 438 2492 Vicarii
475 2429 586 2514 Papae
619 2431 772 2516 quamvis
803 2426 982 2516 episcopali
1016 2427 1178 2512 dignitate

68 2539 212 2608 carentes,
237 2539 351 2590 namen
380 2525 534 2592 omnibus
563 2527 727 2613 episcopis
759 2527 936 2613 praepositi
962 2526 1178 2590 inveniuntur

68 2623 94 2684 iu
115 2625 206 2688 Actis
230 2623 334 2708 hujus
358 2622 517 2704 Concilii,
551 2645 589 2688 eo
614 2624 703 2710 quod
736 2635 885 2690 tenerent
907 2623 1016 2688 locum
1040 2623 1178 2707 Aposto·
1199 2655 1337 2698 mm„

68 2717 138 2784 licae
161 2719 272 2786 Sedis.
305 2759 347 2770 --
380 2722 536 2788 Tarasius
560 2733 627 2786 tres
649 2722 732 2786 alios
755 2721 959 2808 patriarchas
983 2723 1112 2785 monuit
1136 2720 1177 2784 de
1203 2717 1330 2760 ⁰⁸⁸³l¹¹⁰t

69 2817 236 2884 indictione
263 2819 389 2905 Synodi
413 2819 578 2905 generalis
607 2841 666 2906 per
687 2819 829 2904 legatos,
854 2821 910 2906 qui
935 2841 989 2884 eos
1013 2817 1178 2882 hortaren-

70 2939 122 2988 rur,
145 2931 180 2982 ut
203 2917 249 2982 ad
275 2937 348 2984 eam
373 2919 534 2984 venirent.
580 2917 698 3002 Legati
722 2941 781 3004 per
803 2917 994 3003 Aegyptum
1018 2925 1051 2980 et
1065 2915 1178 2982 Orien·

70 3029 122 3078 tem
145 3017 232 3081 inter
258 3013 348 3080 mille
380 3015 527 3101 pericula
559 3017 620 3080 iter
651 3016 774 3099 fecere,
799 3037 967 3101 quumque
992 3012 1178 3099 Hierosoly-

71 3133 145 3178 nour
167 3115 415 3200 pervenissent,
446 3114 657 3180 Theodorum
690 3113 912 3200 patriarcham
942 3125 1108 3178 mortuum
1132 3113 1178 3176 iu·

72 3223 229 3292 venerunt,
248 3221 283 3276 et
294 3211 413 3294 Elium,
429 3215 485 3299 qui
509 3214 539 3278 ei
565 3223 780 3293 successerat,
804 3235 824 3276 a
840 3210 1005 3297 praefecto
1019 3207 1179 3294 Caliphae

71 3307 202 3395 Aegypti
230 3312 264 3374 in
289 3310 427 3376 exilium
452 3313 599 3374 missum.
646 3310 866 3374 Diverterunt
884 3329 979 3394 porro
1002 3305 1102 3392 legati
1126 3306 1179 3372 vel

73 3407 98 3468 iu
120 3407 307 3472 Palaestina
330 3409 383 3473 vel
408 3411 442 3474 in
461 3409 616 3493 Aegypto
640 3408 730 3494 apud
754 3406 948 3486 monachos,
974 3407 1029 3491 qui
1054 3427 1109 3469 eos
1132 3407 1179 3470 in·

73 3507 259 3570 stantissime
275 3517 442 3590 rogarunt,
460 3528 501 3570 ne
516 3504 653 3570 ulterius
669 3505 893 3591 procederent,
910 3525 1075 3568 summum
1091 3507 1179 3568 enim

73 3621 131 3664 esse
154 3604 350 3686 perieulum,
375 3625 417 3668 ne
448 3603 597 3670 infideles
620 3603 869 3683 Muhamedani,
904 3611 1070 3686 comperto
1095 3603 1179 3687 ipso·

75 3720 134 3762 rum
156 3701 275 3766 itincre
306 3725 372 3766 nou
403 3701 507 3766 solum
539 3723 595 3766 eos
627 3701 863 3777 interficerent,
898 3699 955 3764 sed
979 3699 1086 3764 diram
1110 3721 1179 3786 per-

75 3791 263 3855 secutionem
288 3793 322 3854 in
347 3811 460 3855 omnes
484 3789 615 3855 illarum
639 3791 810 3874 regionum
832 3787 1036 3852 Christianos
1060 3791 1180 3852 excita-

76 3897 144 3950 rent
190 3887 272 3952 Esse
297 3911 375 3953 vero
400 3888 441 3952 ob
462 3887 701 3952 Saracenorum
726 3886 939 3951 hostilitatem
964 3888 1097 3951 omnino
1123 3887 1180 3950 im·

77 3984 233 4068 possibile,
268 3997 304 4049 ut
327 3986 533 4072 patriarchae
565 3985 608 4050 ad
632 3984 803 4069 Synodum
828 3983 1087 4070 proficiscantur.
1125 3983 1180 4048 Ex

78 4083 235 4148 monachis
270 4093 381 4148 autem
414 4084 480 4148 duo
505 4085 631 4149 inventi
666 4092 750 4164 sunt,
776 4083 1030 4168 quorumtibet,
1056 4081 1181 4146 scilicet

78 4177 206 4246 Jocnacs
228 4181 428 4248 Antiocheni
454 4181 677 4268 patriarchae,
702 4179 784 4244 alter
807 4179 932 4244 scilicet
954 4181 1089 4244 ihomas
1106 4179 1180 4244 Ale·

80 4278 220 4344 xandrini
244 4280 410 4366 syncellus
433 4281 549 4362 fuerat,
575 4303 657 4368 quos
679 4279 750 4344 loco
769 4277 930 4343 Policiani
948 4276 1178 4355 Alexandrini,

117 4396 238 4448 lm,
252 4399 434 4442 murationes.
465 4399 523 4440 'l'oua
539 4399 576 4440 lll.
1057 4402 1074 4454 4
