2922 4832
324 473 376 526 leo
556 473 614 530 XX.
635 473 676 528 Dc
693 479 769 528 statu
788 473 859 530 Eccl.
879 473 966 528 inedie
984 488 1053 527 saec.
1073 473 1224 528 undecimo.

320 619 457 701 pacatam
480 616 612 680 illusam
636 615 907 703 (Germanorum)
932 617 1076 703 ferocia,
1112 640 1219 682 omnes
1235 641 1317 706 pene
1339 630 1417 682 terras

322 713 459 778 ecclesiia
483 714 676 794 contulerat,
709 713 964 780 consiliosissime
994 717 1214 802 perpendens,
1246 717 1328 780 nolle
1355 721 1419 780 suoi

321 810 446 875 ordinis
467 813 606 876 laomiaes
626 823 690 876 tuan
704 811 809 898 facile
833 837 927 899 quum
942 813 1051 894 laicos,
1066 815 1261 898 fidelitatem
1274 817 1417 905 rejiccr·c.¹r

320 908 496 973 Praeterea
525 910 769 975 advertendum
802 922 868 994 est,
904 913 1114 997 episcopatus
1146 934 1214 976 non
1247 935 1365 998 paucos
1389 913 1418 976 ab

320 1007 402 1093 ipsis
425 1007 684 1092 Imperatoribus
708 1019 740 1072 et
764 1008 972 1094 principibus
996 1009 1168 1092 fundatos,
1201 1022 1234 1075 et
1263 1011 1358 1076 bonis
1383 1034 1418 1074 nc·

321 1107 472 1170 cessariis
504 1105 547 1170 ad
581 1106 829 1172 subsistentiam
871 1107 1087 1194 locupletatos
1128 1110 1239 1174 fuisse.
1289 1109 1360 1190 Qua
1396 1111 1418 1172 in

318 1225 355 1267 re
379 1227 458 1268 sane
483 1227 521 1268 ea
549 1226 634 1290 quae
664 1205 894 1290 requirebatur
926 1208 1088 1270 canonica
1111 1207 1208 1272 Sedis
1232 1206 1419 1293 Apostolicae

319 1303 498 1366 auctoritas
522 1302 620 1366 simul
644 1303 896 1367 interveniebat.

409 1445 462 1508 38.
495 1443 685 1508 Profluebat
709 1445 843 1530 quidem
868 1467 911 1509 ex
934 1444 992 1508 illa
1015 1455 1176 1531 potestate
1200 1446 1335 1532 politica
1350 1469 1419 1532 prae-

159 1537 426 1622 Bmcfflmsulum
452 1564 631 1628 eorumque
662 1545 778 1606 intimo
804 1565 878 1607 cum
902 1544 1047 1629 Imperio
1080 1567 1168 1608 nexu
1194 1544 1347 1630 splendor
1366 1569 1418 1630 pcr-

191 1611 279 1652 erario.
319 1661 459 1724 magnus
483 1651 639 1704 externus
663 1640 833 1705 Ecclesiae
857 1653 955 1727 atque
980 1644 1221 1727 episcoporum,
1252 1643 1309 1708 sed
1332 1666 1369 1706 en
1388 1643 1420 1704 al-

318 1745 388 1802 tera
420 1748 514 1824 parte
545 1738 693 1823 pericula
731 1739 895 1825 quaedam
931 1739 1152 1804 imminebant
1188 1765 1254 1806 non
1294 1744 1418 1806 minima.

317 1835 505 1900 Ambitioni
529 1859 568 1900 ae
592 1837 740 1921 profanis
770 1838 899 1901 nisibus
929 1839 1053 1923 passim
1076 1837 1168 1902 locus
1192 1849 1272 1920 erat,
1305 1837 1419 1902 vasallo·

317 1955 389 1996 rum
416 1933 471 1997 illa
496 1934 659 2017 conditio,
694 1945 793 2021 atque
812 1936 1040 2020 juramentum
1072 1935 1217 2020 homagii
1243 1937 1329 2022 quod
1352 1939 1419 2021 prin·

318 2033 449 2116 cipibus
473 2032 515 2096 ab
541 2034 705 2118 episcopis
736 2033 966 2118 praestabatur
998 2045 1030 2096 et
1061 2037 1196 2098 servitia
1227 2035 1305 2099 inde
1328 2033 1420 2098 debita

316 2131 455 2194 nimiam
468 2152 566 2215 saepe
578 2131 835 2216 dependentium
860 2131 1049 2217 praesulum
1067 2132 1295 2218 implicabant,
1320 2156 1356 2196 ac
1370 2153 1419 2194 nn·

316 2228 406 2291 xime
430 2228 680 2314 periclitabatur
704 2229 901 2294 electionum
933 2229 1068 2294 libertas
1092 2230 1145 2295 vcl
1164 2231 1222 2318 jus
1253 2232 1353 2317 ipsias
1374 2229 1420 2292 Ec·

316 2325 445 2408 clasiae,
471 2337 507 2390 ut
530 2327 678 2392 fidelium
702 2338 848 2413 pastores
867 2329 967 2414 juxta
991 2327 1187 2414 disciplinae
1212 2351 1342 2393 normas
1365 2329 1419 2412 ipsa
1453 2347 1454 2400 i

316 2426 504 2490 constituat.
553 2423 640 2489 Sane
672 2449 731 2511 per
766 2449 800 2490 se
835 2449 902 2491 non
937 2438 1007 2491 erat
1042 2428 1282 2491 inconveniens
1316 2439 1346 2490 et
1376 2427 1420 2488 ini·
1453 2455 1454 2512 p

315 2543 429 2606 quum,
454 2532 490 2585 ut
513 2523 547 2585 in
573 2525 802 2608 episcoporum
827 2526 1061 2589 constitutione
1081 2525 1289 2611 principibus
1312 2521 1419 2608 aliquid
1453 2523 1454 2596 l

316 2619 514 2702 deferretur,
550 2623 607 2684 sed
632 2645 682 2685 res
707 2645 745 2686 eo
771 2623 922 2705 devenit,
947 2634 984 2686 ut
1007 2625 1070 2708 ipsi
1094 2625 1226 2709 penitus
1250 2620 1421 2709 praesulum
1453 2665 1454 2688 r

315 2719 515 2782 creationem
546 2718 610 2783 sibi
642 2721 863 2786 vindicarent.
919 2721 1000 2784 Erat
1038 2720 1093 2785 illa
1127 2731 1235 2786 aetate
1271 2743 1307 2785 ea
1343 2719 1421 2783 disei-

316 2814 407 2900 plina
430 2815 473 2880 ab
497 2816 659 2882 Ecclesia
684 2821 820 2900 sancita,
847 2829 883 2882 ut
907 2820 1053 2904 episcopi
1078 2818 1279 2904 eligerentur
1300 2843 1320 2883 a
1343 2817 1423 2881 clem.

315 2925 532 2978 concurrente
565 2914 676 3000 aliquo
710 2919 866 3001 suflragio
900 2917 1060 2981 laicorum
1090 2913 1421 3002 praeeminentiumt²l
1453 2989 1454 3002 χ

308 3011 448 3096 jamque
471 3011 622 3076 Ecclesia
646 3037 722 3076 suas
747 3025 856 3098 partes
873 3018 1107 3079 convenientes
1131 3015 1340 3100 principibus
1362 3035 1422 3075 con·
1453 3039 1454 3080 i

315 3122 467 3174 cesserat.
513 3109 546 3174 Is
571 3110 728 3175 videlicet
752 3124 822 3176 erat
845 3111 1013 3198 legitimus
1037 3137 1125 3196 usus,
1151 3124 1187 3176 ut
1210 3124 1421 3199 postmortem

313 3207 454 3292 alicujus
477 3211 638 3295 episcopi,
670 3210 877 3296 metropolita
901 3213 1126 3275 consentiente
1150 3233 1227 3296 rege
1251 3213 1422 3275 nominaret

313 3307 508 3370 crisitotorom
531 3331 588 3372 seu
605 3308 791 3392 delegatam
818 3311 1019 3395 episcopum,
1046 3332 1110 3395 quo
1127 3329 1299 3395 praesente
1321 3308 1420 3372 electio

313 3427 373 3490 per
395 3403 531 3468 clericos
557 3416 590 3470 et
620 3405 722 3470 laicos
746 3419 970 3492 competentes
994 3408 1104 3474 fiebat.
1150 3409 1240 3473 Dein
1264 3408 1423 3494 petebatur

313 3525 492 3566 consensus
527 3507 628 3589 regis,
679 3505 887 3591 metropolita
932 3505 1121 3592 inquirebat
1162 3509 1196 3570 in
1240 3507 1421 3590 dignitatern

312 3599 418 3682 electi,
444 3624 596 3688 eumque,
621 3605 647 3666 si
673 3602 793 3688 dignus
808 3615 886 3684 crat,
913 3605 1130 3668 confirmabat
1154 3615 1186 3668 et
1210 3603 1420 3678 consecrabat.

312 3697 347 3764 Si
372 3702 445 3785 quis
469 3700 592 3766 electus
616 3725 683 3765 non
707 3713 777 3765 erat
801 3703 938 3787 dignae,
973 3702 1180 3790 metropolita
1212 3725 1287 3767 eum
1311 3701 1421 3788 rejicie-

386 3950 406 4014 ¹)
426 3950 466 4002 De
485 3948 572 4018 gestis
591 3967 649 4019 reg.
668 3951 793 4019 angliae,
812 3951 829 4004 t
848 3951 882 4006 V.

385 4028 406 4098 ¹)
426 4030 587 4085 accuratius
612 4030 645 4085 de
669 4031 801 4085 electione
825 4031 1016 4100 Episcopornm
1044 4037 1133 4099 agunt
1160 4030 1365 4088 Thomassinus,
1389 4027 1419 4078 De

309 4109 416 4244 regatur&
436 4111 535 4165 Ecclcs.
561 4111 635 4167 Tom.
664 4112 701 4165 Π.
723 4113 752 4166 P.
771 4113 806 4168 11.
825 4112 855 4164 L.
877 4113 921 4178 11„
941 4119 970 4167 et
987 4113 1086 4167 Devoti
1104 4111 1221 4165 Institut
1249 4127 1343 4164 canon.
1361 4103 1417 4161 nt
