2922 4832
319 500 371 553 158
537 501 597 554 XX.
629 501 670 556 De
687 507 764 556 statu
782 501 854 557 Eccl.
871 503 959 558 medio
977 519 1045 558 saec.
1064 503 1216 559 undecimo.

319 668 343 707 c.
369 645 421 708 48.
447 645 500 722 49,
526 644 561 708 Ρ.
585 644 645 708 ΙΙΙ.
671 644 706 708 L.
731 646 757 710 I.
782 668 822 710 cc.
849 647 1001 726 26-30;
1024 645 1140 726 Balan,
1167 647 1277 711 Stoa-ia
1295 647 1411 728 d’Ituiiu,

325 741 392 808 Vol.
425 742 468 806 II.
503 741 538 805 L.
572 741 658 806 XIX.
699 743 766 809 Vol.
800 744 860 808 ΙΙΙ.
895 743 931 808 L.
961 745 1050 824 XX.,·
1080 744 1340 828 Montaiembert,
1369 745 1412 810 la

319 839 444 903 Meinas
467 840 498 903 d'
526 839 674 903 Occiderat
700 840 784 905 Tem.
817 841 888 921 VI.;
919 841 1177 925 Hergenrdther,
1206 844 1247 908 K.
1282 843 1319 909 G.
1346 843 1411 910 V.I.

313 961 372 1024 pp.
402 940 468 1002 610
491 959 553 1023 sqq.
580 939 646 1001 137
668 960 732 1024 sqq.
770 939 804 1004 V.
829 940 889 1004 III.
909 963 968 1026 pp.
994 941 1070 1004 217.
1096 943 1172 1006 225.
1197 944 1265 1006 246
1287 965 1345 1028 sqq.
1370 941 1412 1006 ubi

319 1045 352 1100 et
374 1037 483 1100 varios
507 1037 681 1120 scriptores
705 1036 923 1102 consulendos
946 1039 1106 1104 invenies.

859 1351 894 1414 1.

532 1507 602 1572 Dc
625 1510 723 1591 tayo
744 1509 1007 1575 coelibatus
1029 1513 1225 1577 violata.
1449 1587 1450 1626 ,

409 1683 439 1750 6.
478 1683 646 1768 Obligatio
671 1682 867 1749 clericorum
896 1686 930 1750 in
955 1685 1128 1752 ordinibus
1157 1685 1340 1774 majoribus
1361 1708 1416 1752 con·
1449 1751 1450 1770 ,

164 1799 286 1872 naussum
320 1783 507 1846 stitutorum
530 1780 574 1846 ad
598 1780 813 1862 coelibatum,
846 1803 889 1844 ex
912 1783 985 1867 ipsa
1008 1783 1119 1848 indole
1142 1783 1314 1869 religionis
1335 1795 1364 1848 at
1383 1807 1416 1847 sa·
1449 1781 1450 1806 ³

180 1862 275 1912 ''nm''
321 1878 458 1944 cerdotii
482 1877 654 1943 christiani
679 1879 874 1944 dimanavit.
921 1879 1029 1945 Decet
1044 1882 1134 1954 enim
1157 1881 1363 1948 functionum
1382 1905 1417 1945 sa·
1449 1897 1450 1950 Τ

321 1976 547 2064 cerdotaiium,
572 1979 716 2042 maxime
741 1976 894 2041 sacrificii
918 1977 1134 2063 immaculati,
1159 1981 1372 2062 sanctitatem,
1391 1996 1419 2041 ut

320 2099 340 2140 a
378 2073 603 2161 voluptatibus
642 2074 831 2140 carnalibus
872 2075 984 2140 clerici
1026 2077 1234 2162 abstineant,
1283 2078 1418 2142 convenit
1449 2081 1450 2140 i

320 2174 370 2255 id,
399 2197 439 2238 ae
469 2174 566 2238 divisi
588 2175 653 2237 aiut
676 2171 787 2238 clerici
812 2169 901 2259 (Cor.
927 2171 971 2260 7),
1003 2174 1061 2239 sed
1091 2177 1150 2239 toti
1180 2174 1254 2239 Deo
1286 2175 1418 2245 devoti.¹i

321 2273 475 2358 Aequum
499 2280 557 2352 est,
582 2280 619 2334 ut
633 2272 696 2356 ipsi
721 2270 952 2336 observatione
969 2272 1098 2337 consilii
1114 2272 1312 2359 evangelici,
1335 2294 1418 2360 quun
1449 2291 1450 2386 ,

320 2371 520 2456 virginitatis
540 2377 645 2433 status
659 2367 837 2455 perfectior
860 2371 903 2432 sit
923 2372 1143 2454 matrimonio,
1168 2370 1324 2437 fidelibus
1345 2393 1419 2458 prac-
1449 2393 1450 2462 p

318 2469 468 2551 luceant;
501 2467 656 2554 idemque
679 2468 872 2552 requiritur,
905 2477 942 2530 ut
965 2470 1124 2554 magistri,
1150 2469 1339 2554 consiliarii,
1362 2491 1420 2532 con·

320 2566 456 2648 sessarii,
479 2565 620 2650 pastoris
644 2585 780 2628 munere
795 2563 960 2629 infideles
976 2569 1176 2653 competenti
1200 2569 1328 2632 ratione
1344 2567 1421 2650 fungi

318 2665 455 2750 possint.
479 2700 522 2710 -
545 2663 666 2726 Primis
695 2661 830 2747 quidem
854 2662 1090 2730 christianismi
1122 2664 1265 2730 saeculis
1289 2663 1421 2731 difficilli-

320 2783 411 2826 mum
435 2761 550 2826 fuisset
574 2759 716 2824 coelibes
732 2768 862 2824 tantum
885 2763 920 2825 in
936 2761 1061 2826 clerum
1084 2765 1241 2848 recipere.
1267 2763 1334 2843 Qui
1350 2763 1422 2826 enin

320 2857 599 2924 convertebantur
629 2868 724 2922 erant
746 2858 941 2944 plerumque
964 2858 1069 2924 adulti
1093 2881 1133 2924 ac
1156 2883 1254 2947 saepe
1278 2861 1348 2947 jam
1371 2881 1422 2922 na·

320 2958 473 3023 trimonio
493 2957 620 3042 juncti;
644 2965 743 3042 atque
766 2955 809 3020 ob
833 2955 957 3022 abusus
980 2959 1015 3021 in
1043 2959 1237 3043 paganismo
1262 2960 1424 3022 existentes

318 3056 448 3142 legibus
457 3055 594 3140 Imperii
610 3055 750 3119 Romani
761 3056 831 3119 vita
846 3053 978 3119 coelebs
994 3055 1163 3142 prohibita
1177 3065 1258 3122 erat.
1269 3055 1423 3120 —Prsxis

319 3163 429 3218 autem
461 3155 561 3218 trium
592 3154 738 3238 priorum
768 3151 974 3219 saeculorum
998 3174 1037 3219 ea
1060 3154 1142 3218 fuit:
1183 3155 1220 3217 1⁰
1244 3154 1292 3220 Ut
1315 3151 1422 3237 bigami

319 3253 362 3318 ad
392 3251 515 3316 clerum
550 3272 617 3316 non
647 3249 909 3316 admitterentur.
940 3289 985 3299 —
1016 3252 1055 3316 2⁰
1078 3251 1124 3318 Ut
1153 3254 1177 3318 ii
1208 3253 1267 3339 qui
1297 3251 1423 3318 coelibes

320 3355 354 3416 in
379 3349 502 3414 clerum
527 3349 685 3435 majorem
715 3347 961 3433 recipiebantur
986 3349 1057 3435 jam
1081 3351 1333 3416 matrimonium
1356 3350 1423 3414 inne

319 3471 386 3514 non
409 3448 583 3534 possent.²)
606 3483 650 3496 —-
673 3447 711 3513 3⁰
740 3445 806 3528 Qui
830 3447 901 3532 jam
933 3449 1144 3513 matrimonio
1166 3447 1278 3534 juncti
1309 3447 1423 3513 ordines

393 3653 414 3718 ¹)
433 3652 556 3719 Utraque
574 3650 639 3706 haec
657 3650 729 3704 ratio
748 3649 908 3721 exprimitur
927 3650 956 3706 iu
974 3650 1028 3706 illis
1046 3649 1137 3706 effatis
1146 3650 1275 3721 origenis
1294 3657 1325 3706 ct
1341 3668 1360 3704 s.
1374 3649 1423 3702 Hie

319 3733 438 3802 ronymi:
471 3730 565 3796 „illius
584 3737 627 3785 est
644 3731 727 3784 soiius
746 3729 842 3784 offerre
860 3729 1019 3786 sacrificium
1035 3731 1197 3796 indesinens,
1216 3733 1263 3799 qni
1276 3726 1425 3786 indesinenti

319 3820 348 3868 et
365 3817 512 3882 perpetuae
531 3826 559 3865 se
577 3811 686 3865 voverit
704 3809 853 3864 castitati.“
885 3809 960 3879 Orig.
979 3811 1056 3865 Hom.
1077 3811 1112 3864 23
1130 3811 1159 3864 in
1177 3811 1257 3865 Num.
1277 3841 1314 3850 -
1333 3809 1424 3874 „Saea-

319 3894 384 3960 doti,
404 3893 447 3947 oui
466 3907 570 3960 semper
588 3907 635 3959 pro
654 3891 751 3959 popule
776 3889 912 3945 efferenda
936 3898 1002 3944 sunt
1020 3889 1159 3956 sacrificia,
1188 3907 1296 3959 semper
1313 3887 1423 3944 orandun

319 3983 374 4038 est,
399 3973 423 4027 si
441 3986 546 4039 semper
563 3971 692 4025 orandum
717 3975 770 4035 cst,
799 3985 864 4038 ergo
889 3985 994 4039 semper
1012 3971 1161 4025 carendum
1180 3969 1423 4025 ermerannus·

318 4053 427 4108 Hieron.
448 4051 508 4105 adv.
528 4050 636 4106 Jovian.
656 4049 677 4105 Ι.
697 4051 739 4105 34.

391 4131 413 4202 ¹)
431 4133 471 4186 Eo
489 4132 609 4200 pertinet
627 4146 649 4185 a.
669 4147 697 4200 g.
711 4131 803 4185 Canon
814 4130 908 4198 Apost.
928 4131 976 4185 2⁷:
996 4131 1054 4197 „Ex
1072 4131 1106 4184 iis
1125 4130 1172 4198 qni
1190 4145 1243 4186 uon
1261 4129 1346 4185 duom
1357 4141 1422 4182 uren

319 4213 354 4266 ad
371 4211 470 4268 elerum
488 4211 605 4280 promoti
624 4219 695 4276 sunt,
711 4210 848 4281 jubemus,
874 4211 898 4264 si
917 4210 1011 4278 velint,
1037 4225 1146 4266 uxorem
1164 4210 1264 4265 ducere
1282 4210 1386 4265 lecuras
1400 4213 1421 4256 a

319 4297 443 4347 cantores
461 4296 595 4347 tantumu
