2904 4834
389 470 501 526 Photius
520 471 784 540 pseudopatriarcha.
1095 471 1146 526 sul

50 615 232 678 iniunctione
264 613 355 680 illius
377 616 478 700 pontis
504 616 699 702 pertineret,
732 616 898 702 efficerent.
947 615 989 680 El
1021 615 1148 701 saepius

49 710 134 774 dictus
147 711 323 790 Fomenta,
348 723 439 798 atquc
452 713 649 790 Dominicis,
665 713 858 780 cannabilec
873 715 1022 800 episcopi,
1037 715 1149 778 iterum

52 805 338 896 Constantinopolim
349 834 413 898 pro
425 813 587 876 schismate
602 811 649 876 ibi
660 822 767 876 eaorto
781 811 1096 897 proficiscerentur.¹)
1105 847 1139 858 -

48 905 91 968 Ex
110 905 207 972 altera
231 929 310 974 vero
334 919 426 994 parte
458 907 587 978 clericis
608 909 785 976 Hincmari
808 908 947 974 tradidit
969 907 1149 972 solemnem

46 1013 74 1066 et
92 1004 240 1068 fusiorem
266 1006 437 1092 epistolam
461 1007 527 1094 (ep.
549 1005 603 1088 70)
627 1006 668 1070 ad
687 1005 908 1074 Rhemensem
931 1005 1148 1091 archiepisco·

47 1123 111 1186 pum
140 1112 173 1166 et
205 1125 320 1168 omues
353 1104 520 1190 praesules
548 1102 687 1170 Galliae.
733 1105 784 1170 Ea
817 1103 971 1190 epistola,
1007 1103 1084 1168 data
1117 1103 1150 1168 d.

46 1199 80 1262 23
101 1197 251 1266 Octobris
282 1223 312 1266 a.
336 1201 419 1286 867,
454 1201 611 1266 Nieolaus
641 1205 795 1288 exponit,
830 1224 916 1288 quae
945 1203 980 1266 in
1011 1200 1151 1266 ecclesia

47 1293 164 1362 CPtana
195 1297 403 1380 acciderant,
434 1299 611 1387 Photiiquo
641 1302 868 1366 accusationes
899 1302 933 1364 in
962 1297 1150 1364 Romanum

45 1393 222 1460 Pontificem
248 1406 281 1460 et
303 1397 544 1464 occidentalem
567 1397 740 1466 ecclesiam
765 1397 919 1484 prolatas.
955 1396 1057 1462 Gesta
1077 1419 1149 1460 son·

45 1491 176 1557 ciliabuli
211 1503 245 1556 et
277 1497 594 1561 consummationem
627 1494 815 1560 schismatis
846 1495 995 1560 nondum
1020 1495 1152 1560 videtur

44 1589 183 1655 Pontifex
217 1613 255 1656 eo
288 1601 435 1678 tempore
468 1595 609 1658 novisse.
663 1593 868 1658 Exhortatur
900 1591 1029 1658 Galliae
1061 1616 1149 1679 prae-

43 1687 135 1767 sules,
168 1698 207 1753 nt
238 1691 274 1753 in
305 1688 397 1754 hisce
427 1711 536 1755 rerum
569 1690 735 1776 adjunctis
767 1693 928 1756 unitatem
962 1712 1037 1756 cum
1066 1691 1151 1756 Sede

43 1783 223 1870 Apostolice
246 1785 384 1852 firmiter
407 1798 550 1868 teneant,
578 1800 676 1875 atque
699 1788 822 1854 habitis
847 1787 982 1872 synodis
1006 1790 1067 1874 ipsi
1092 1811 1150 1874 pro

43 1903 111 1947 vera
133 1883 200 1948 fide
224 1895 256 1948 et
276 1885 341 1952 Dei
365 1883 515 1952 Ecclesia
540 1886 716 1967 decertent,
742 1885 925 1952 calumnias
947 1885 1149 1950 Graecorum

42 1979 190 2066 refellant,
215 1993 249 2046 et
271 2005 426 2070 respousa
450 1983 492 2048 ad
516 2005 572 2050 eas
595 1986 822 2050 accusationes
838 1985 967 2070 scriptis
991 1994 1150 2069 concepta

42 2077 168 2144 Romam
193 2081 429 2146 transmittant.
475 2083 670 2170 Mapnopere
693 2083 845 2162 coaccait,
869 2083 925 2162 ait,
949 2094 984 2146 ut
1004 2091 1033 2146 at
1046 2093 1151 2146 vestm

40 2199 147 2264 popae
162 2178 378 2264 fremitus,
401 2201 516 2244 morem
539 2189 644 2246 secuta
666 2184 834 2268 majorum,
858 2191 1040 2244 concertans
1062 2179 1154 2245 uobis

40 2283 65 2335 et
84 2277 277 2339 unanimiter
299 2275 499 2342 collaborans
522 2279 557 2341 in
581 2277 699 2344 talibus
712 2279 935 2361 inueniatur.¹)
973 2277 1028 2342 Ad
1042 2300 1153 2363 regem

41 2367 187 2436 Osculum
222 2369 363 2438 Calvum
397 2383 496 2462 atque
529 2375 572 2440 ad
595 2373 795 2440 Germaniae
828 2376 999 2462 episcopos
1031 2377 1154 2461 pariter

39 2469 91 2532 isto
123 2471 164 2534 de
199 2473 331 2555 negotio
365 2471 489 2538 litteras
524 2471 625 2538 dedit.
658 2511 701 2521 -
733 2473 936 2538 Hincmarus
958 2471 1153 2538 Rhemensis

25 2588 149 2654 magno
174 2567 305 2634 fervore
329 2589 368 2634 ea
392 2593 477 2658 quae
493 2572 556 2656 ipsi
571 2569 727 2636 Nicolaus
746 2573 955 2635 commiserat
978 2581 1153 2635 exsecutus

38 2675 95 2746 cst,
128 2689 168 2730 ac
203 2667 288 2730 varii
321 2677 435 2732 contra
459 2665 605 2734 Graecos
636 2667 712 2732 libri
744 2690 781 2732 eo
806 2677 951 2754 tempore
985 2669 1019 2732 in
1044 2667 1153 2733 Gallia

36 2773 104 2826 sunt
127 2765 283 2830 confecti.
322 2765 376 2830 Ex
400 2765 520 2852 quibus
537 2765 647 2832 adhue
669 2777 800 2831 exstant
815 2767 944 2830 AEneae
958 2765 1153 2832 Parisiensis

37 2863 175 2948 episcopi
201 2861 259 2950 (m.
278 2862 356 2950 870)
370 2861 476 2950 ²Liber
500 2865 652 2930 aduersus
669 2863 818 2942 Graecos,
844 2874 876 2926 et
891 2863 1063 2928 Ratramni
1087 2885 1152 2928 mo-

36 2956 126 3022 nachi
158 2981 244 3048 opus
267 2959 409 3047 amplius
435 2959 554 3026 Contra
583 2962 774 3028 Graecorum
803 2963 953 3048 opposita
975 2963 1153 3026 Romanam

35 3056 191 3122 ecclesiam
213 3057 419 3145 infamantia.
458 3096 501 3106 --
536 3059 693 3125 Nicolaus
715 3059 871 3124 Pontifex
894 3067 1004 3122 autem
1027 3061 1153 3124 meritis

35 3151 144 3236 plenus
179 3165 213 3220 et
244 3177 322 3220 vere
345 3155 505 3244 Magnus,
538 3179 575 3221 eo
609 3179 696 3224 anno
721 3157 784 3223 867
815 3155 931 3220 Idibus
954 3155 1152 3222 Novembris

35 3272 71 3314 cx
100 3253 165 3318 hae
188 3253 264 3318 luce
288 3255 445 3340 migravit
468 3253 511 3320 ad
535 3253 728 3322 Dominum.
775 3254 840 3319 Sed
867 3255 939 3340 jam
963 3263 1039 3318 ante
1062 3253 1152 3320 hunc

35 3347 116 3414 diem
141 3374 195 3415 res
220 3353 253 3415 in
270 3349 405 3420 Oriente
428 3353 560 3438 penitus
584 3361 729 3417 mutatae
746 3363 839 3434 sunt,
863 3351 1027 3417 Michatle
1043 3354 1151 3418 occiso

35 3447 188 3513 videlicet
211 3449 355 3519 Basilius
379 3449 466 3516 solus
489 3453 652 3536 regnavit,
676 3451 831 3516 Photium
856 3473 898 3517 ex
922 3450 999 3514 sede
1019 3447 1152 3516 OPtana

34 3543 159 3632 dejecit,
185 3548 394 3636 restituitque
418 3547 596 3634 Ignatium.

37 3699 42 3702 -
53 3700 242 3708 ψῃ,-

103 3781 124 3848 ¹)
142 3777 215 3832 Vita
232 3777 336 3834 Nicolai
356 3794 377 3832 c.
397 3779 506 3836 LXXV.

100 3857 124 3926 2)
144 3857 180 3912 V.
199 3857 291 3914 Labbe
310 3857 387 3916 v111.
406 3859 468 3914 471.
