2904 4834
296 515 315 566 8
488 513 592 568 XVHI.
611 513 653 568 De
668 511 798 570 Romanis
815 511 993 568 Pontificibus
1008 514 1109 570 meruli
1125 515 1228 570 decimi

297 667 444 742 enarrat,
478 657 632 744 quamvis
663 656 707 721 ad
739 667 878 721 eventus
907 656 1063 722 historiae
1094 657 1324 726 describendos
1348 662 1400 724 ista

296 777 414 841 parum
437 754 565 819 nihilve
589 753 724 834 faciant,
747 777 787 818 ac
810 756 882 818 siue
899 755 1109 822 incommodo
1126 759 1251 842 possint
1266 759 1398 842 omitti.¹)
1439 751 1440 810 l

296 852 347 917 Ac
379 853 561 936 generatim
597 852 638 917 de
673 853 771 918 rebus
805 855 956 917 venereis
984 874 1051 918 non
1083 875 1122 918 ca
1150 875 1226 920 cum
1254 855 1398 936 decentia,
1439 871 1440 914 ὲ

297 972 382 1036 quae
406 949 532 1014 homini
557 951 652 1034 gravi
676 960 709 1014 et
732 950 954 1015 ecclesiastico
972 953 1139 1034 convenit,
1163 953 1316 1038 loquitur.
1343 953 1401 1018 Nec

297 1058 409 1112 tamen
433 1070 476 1112 ex
489 1047 542 1112 his
558 1047 736 1132 intulerim,
759 1047 858 1134 plane
874 1070 1067 1134 perversum
1083 1049 1231 1115 moribus
1247 1059 1304 1115 aut
1317 1051 1401 1116 corde

295 1145 397 1210 fuisse
413 1145 669 1232 Luitprandum,
693 1147 751 1232 qui
774 1145 865 1211 haud
888 1168 961 1210 raro
985 1149 1019 1211 in
1036 1148 1105 1210 suis
1120 1146 1213 1212 libris
1228 1169 1323 1214 sena
1334 1169 1401 1234 prae

297 1265 331 1308 se
362 1243 425 1307 fert
453 1245 586 1329 pictatis
615 1266 655 1308 ao
684 1243 864 1328 religionis.
910 1242 976 1308 Sed
1005 1245 1286 1332 quemadmodum
1310 1246 1400 1310 multi·

296 1342 376 1406 tudo
408 1341 566 1407 scandala
596 1351 756 1420 sectatur,
787 1343 822 1406 in
853 1343 893 1406 iis
923 1342 1118 1408 enarrandis
1144 1342 1344 1426 delectatur,
1370 1365 1401 1406 ao

296 1439 484 1506 rumoribus
514 1462 552 1504 ea
577 1448 756 1524 exaggerat
779 1449 878 1526 atque
900 1450 1017 1524 auget,
1051 1441 1098 1504 ita
1121 1451 1154 1505 et
1176 1442 1349 1528 scriptores
1367 1441 1402 1505 la

297 1540 398 1602 vioris
420 1539 525 1602 animi
548 1537 648 1602 simili
671 1546 776 1622 agunt
797 1537 966 1624 ratione.²)
979 1537 1158 1618 -Parum
1174 1560 1306 1626 quoqne
1320 1561 1401 1602 eveu-

295 1646 388 1699 tuum
420 1645 454 1699 et
485 1658 594 1700 rerum
626 1634 776 1700 ordinem
806 1635 1045 1721 Luitprandus·
1064 1635 1235 1718 observat,
1272 1637 1403 1722 dumque

295 1753 380 1818 quae
409 1733 543 1819 majoris
575 1735 733 1798 momenti
764 1744 840 1797 sunt
871 1733 1025 1819 negligit,
1058 1734 1240 1819 singularia
1271 1745 1305 1799 et
1332 1737 1403 1798 mira

296 1841 454 1913 venatur,
489 1841 522 1894 et
555 1833 682 1895 minuta
714 1830 878 1917 quaedam
910 1831 1000 1896 tacta
1024 1830 1231 1919 (anecdota),
1265 1853 1349 1918 quae
1368 1853 1403 1895 es

293 1930 401 1993 triviis
432 1938 465 1992 et
495 1951 711 2015 aprocerum
734 1929 867 1994 famulis
891 1931 1097 2015 expiscetur,
1129 1931 1235 1996 fusius
1259 1930 1403 1996 describit

295 2037 331 2092 ut
359 2027 516 2091 lectorem
546 2025 695 2092 delectet.
744 2025 844 2112 Operi
874 2027 1030 2092 historico
1054 2031 1149 2112 gravi
1173 2048 1293 2114 parum
1316 2031 1403 2092 etiam

295 2127 465 2208 convenit,
496 2123 585 2210 quod
608 2126 791 2189 narrationi
814 2127 939 2210 passim
962 2127 1128 2190 immiscet
1150 2147 1278 2191 versus.
1319 2123 1404 2207 Quod

296 2223 454 2287 videlicet
484 2222 644 2287 Boethius
676 2224 711 2286 in
743 2221 827 2287 libro
861 2223 900 2286 dc
936 2221 1157 2288 Consolatione
1190 2222 1404 2310 Philosophiae

295 2320 440 2406 perbelle
472 2320 568 2402 fecit,
603 2319 637 2384 id
668 2321 778 2406 inepte
801 2320 1031 2407 Luitprandus
1061 2322 1096 2385 in
1124 2343 1185 2386 sus
1209 2320 1403 2407 Antapodosi

293 2419 441 2504 repetiit,
471 2440 589 2504 parum
613 2418 776 2505 ejusmodi
799 2439 936 2503 operum
960 2417 1188 2484 diversitatem
1213 2419 1403 2505 dijudicans.

292 2516 497 2582 ductantiam
520 2537 616 2603 porro
642 2538 709 2580 nou
733 2515 934 2581 mediocrem
957 2515 1014 2580 hic
1037 2518 1176 2602 scriptor
1196 2539 1278 2602 prae
1293 2541 1328 2582 se
1342 2505 1416 2593 lert¹

293 2615 409 2700 suique
425 2615 564 2678 nimiam
581 2615 844 2678 aestimationem
857 2623 956 2700 atque
970 2635 1127 2696 amorem,
1145 2625 1179 2678 et
1192 2637 1270 2680 cum
1285 2617 1404 2680 affecta-

293 2713 382 2776 tione
414 2711 518 2776 verbo
551 2715 675 2798 passim
707 2713 911 2776 intermiscet
942 2733 1073 2797 graeca.
1119 2713 1237 2778 Studio
1270 2717 1404 2800 partium

292 2819 414 2892 autem,
439 2819 471 2873 et
498 2811 619 2875 affeetu
642 2808 805 2874 benevolo
830 2808 882 2874 vel
906 2809 1069 2874 malevolo
1093 2812 1202 2898 ipsum
1218 2811 1295 2898 plus
1309 2833 1405 2898 aequo

292 2911 372 2992 regi,
397 2917 509 2992 aperte
533 2907 686 2972 ostendit.
718 2907 759 2972 In
782 2909 851 2972 suis
875 2906 1031 2994 operibus
1046 2909 1135 2974 euim
1150 2931 1206 2974 eos
1222 2909 1404 2995 quibosad-

292 3007 401 3072 dictus
424 3016 487 3088 est,
519 3007 566 3070 uti
591 3004 748 3071 Ottonem
771 3005 1022 3092 Imperatorem,
1054 3007 1214 3070 encomiis
1237 3007 1337 3093 plane
1358 3029 1404 3070 ex·

292 3105 458 3189 aggeratis
482 3104 637 3186 celebrat,
662 3125 841 3191 eorumque
862 3103 953 3168 facta
968 3105 1080 3169 omnia
1093 3103 1180 3169 ultra
1197 3105 1333 3172 modum
1345 3106 1403 3169 lac·

293 3200 365 3284 dat,
400 3223 455 3266 eos
486 3223 563 3266 vero
593 3224 675 3288 quos
698 3211 887 3285 aversatur,
917 3211 955 3265 ut
977 3201 1233 3286 Berengarium,
1265 3203 1403 3284 Willsm,

291 3299 516 3386 Nicephorum
543 3300 799 3386 Imperatorem,
834 3299 909 3365 odio
940 3309 972 3364 et
1005 3310 1215 3387 contemptu,
1252 3302 1403 3368 conviciis

292 3397 592 3463 vehementissimis
615 3407 648 3462 et
669 3397 823 3464 ludibriis
847 3400 1062 3484 persequitur.

235 3562 240 3574 ,
381 3497 411 3562 9.
447 3495 610 3578 Quamvis
643 3499 744 3582 igitur
776 3496 867 3562 haud
899 3498 1092 3582 opinemur,
1125 3519 1168 3560 ex
1197 3499 1361 3584 proposito
1386 3519 1402 3558 a

188 3573 260 3604 ’Μ’
291 3594 499 3680 Luitprando
523 3593 606 3660 falsa
630 3617 700 3660 esse
723 3594 836 3677 relato,
861 3617 923 3660 nec
939 3595 1188 3659 mendaciorum
1206 3615 1283 3658 eum
1299 3617 1402 3678 argia-

293 3714 381 3775 mus,
415 3703 527 3758 tamen
557 3717 599 3760 ex
630 3694 739 3759 indole
770 3695 938 3779 scriptoris
968 3715 1170 3780 operumque
1200 3693 1273 3778 ejus
1305 3691 1401 3774 colligi

363 3891 383 3956 ¹)
403 3891 435 3947 Ε.
454 3905 482 3959 g.
501 3888 674 3956 Antipodosis
693 3888 727 3954 ll,
746 3890 793 3956 63;
813 3889 861 3954 IV,
880 3890 903 3942 9.
927 3890 974 3956 11;
993 3888 1026 3942 V.
1046 3889 1089 3944 32.
1439 3945 1440 3950 χ

361 3970 385 4038 ⁹)
404 3969 436 4024 V.
455 3969 629 4036 Antipodosis
648 3969 682 4028 Π,
701 3971 743 4022 48.
758 3971 808 4036 do;
827 3969 878 4032 111,
898 3969 922 4023 7.
934 3967 959 4024 8.
976 3999 1007 4007 -
1021 3968 1063 4022 Ad
1082 3981 1137 4022 rem
1156 3965 1283 4034 Kcepke:
1304 3967 1400 4032 ,Naum

290 4051 381 4110 oredo,
407 4050 453 4118 qni
472 4049 640 4117 Liodprandi
659 4049 846 4104 credulitatem
865 4054 893 4103 st
910 4047 1050 4102 lasciviam
1068 4047 1242 4116 cognoverit,
1265 4043 1398 4100 dubitabit.

289 4131 354 4196 quin
372 4131 460 4195 rebus,
479 4131 538 4185 sire
556 4129 628 4184 veris
646 4129 704 4184 sire
717 4145 732 4184 a
745 4129 836 4184 triviis
850 4130 975 4196 arreptis,
994 4126 1181 4197 exaggerandi
1194 4123 1399 4194 quodamnodo

290 4211 394 4274 ductus,
414 4225 509 4265 mosas
527 4210 599 4264 haud
618 4225 679 4264 raro
697 4209 832 4275 attulerit,
852 4223 921 4277 qnae
938 4223 973 4262 ex
993 4207 1078 4275 ipsius
1089 4207 1232 4262 lmdriors
1244 4205 1399 4275 agitatore
1439 4209 1440 4248 l

291 4291 395 4356 petitae
414 4295 464 4343 ont
480 4305 555 4346 mera
573 4288 726 4357 conjecturs
745 4293 855 4345 exortae
873 4291 987 4344 essem!
1023 4288 1055 4341 L.
1074 4304 1097 4344 c.
1116 4303 1142 4356 p.
1164 4288 1222 4343 183.

1439 4545 1440 4590 l

1439 4627 1440 4662 l

1439 4761 1440 4803 l
