2898 4836
295 489 332 540 60
477 487 581 545 XVIII.
617 489 658 541 Do
676 489 805 544 Romanis
823 487 1000 544 Pontificibus
1018 489 1119 543 saeculi
1137 489 1239 543 desini.

342 629 509 718 „Corpore
534 631 588 696 hio
613 631 749 695 recubat
774 631 983 696 crescentius
1007 631 1153 716 Inolytus
1175 649 1261 700 soen

341 730 496 794 Eximius
520 731 603 794 civis
627 730 805 810 Romanus,
830 731 901 794 dux
924 751 1055 816 quoque
1079 749 1228 816 magnus.

341 829 395 892 Ex
419 831 549 913 magnis
573 849 694 913 magna
717 828 825 914 proles
846 837 1024 914 generatur
1047 841 1080 892 et
1102 829 1179 905 alta,

341 926 472 992 Joanns
495 937 598 1013 patre,
623 925 797 992 Theodora
821 936 925 992 matre
949 929 1123 994 nitescens.

343 1024 451 1105 Quem
477 1023 627 1092 Christus
651 1027 837 1090 animorum
862 1047 988 1110 amans,
1013 1024 1227 1110 medicusque
1250 1025 1370 1110 peritus,

344 1122 513 1208 Corripuit
534 1123 693 1208 languore
716 1125 781 1208 pio,
806 1123 978 1208 longaevo,
1005 1133 1041 1188 ut
1063 1123 1106 1188 ab
1131 1124 1222 1186 omni

341 1219 408 1306 Sps
432 1221 548 1286 mundi
572 1222 696 1308 lapsus,
720 1231 901 1307 prostratus
923 1221 1041 1288 limina
1065 1225 1170 1286 saneti

340 1317 499 1402 Martyris
523 1320 640 1384 invicti
664 1321 829 1389 Bonifaaii
852 1319 1037 1405 ampiexus,
1062 1331 1095 1384 et
1118 1318 1186 1386 illio

342 1413 384 1480 So
409 1417 554 1482 Domino
577 1417 724 1500 tradidit,
748 1417 902 1485 habitum
923 1417 1164 1485 monachorum
1187 1416 1332 1502 adeptos,

342 1513 441 1594 Quod
464 1515 624 1600 templum
649 1516 744 1581 donis
767 1514 887 1602 amplis
911 1515 1032 1582 ditavit
1055 1527 1088 1580 et
1111 1517 1210 1600 agris.

341 1612 432 1676 Hinc
456 1615 563 1680 omnis
600 1615 801 1699 quicumque
825 1612 917 1698 logis,
941 1614 1084 1698 rogitare
1108 1620 1285 1692 momento,

343 1710 389 1776 Ut
412 1711 548 1776 tandem
572 1710 733 1776 scelerum
758 1714 892 1776 veniam
917 1721 1083 1776 mereatur
1105 1711 1239 1778 habere.

341 1808 387 1872 Et
410 1806 493 1873 obiit
516 1809 570 1874 die
595 1809 687 1874 VIII.
714 1831 815 1874 mens.
840 1809 908 1875 Jul.
938 1811 1027 1875 Anni
1052 1810 1220 1876 Dominio.
1244 1807 1367 1872 lnoarn.
1423 1877 1424 1888 ,

706 1905 1019 1974 DCDLXXXIV.“
1423 1901 1424 1904 '

133 2045 224 2148 &uffo
235 2047 280 2097 ⁰1³¹·
303 2038 395 2113 Quod
426 2051 546 2118 auum,
582 2039 676 2105 addit
706 2041 886 2120 Batonius,
922 2042 982 2104 iste
1009 2040 1150 2105 ιῙοαηηίε
1179 2049 1209 2101 et
1240 2035 1400 2103 Theodora

225 2137 230 2149 '
298 2139 453 2203 mneritas·
466 2137 569 2222 filias,
593 2141 629 2202 ia
651 2149 781 2204 aventem
804 2139 932 2203 veninat
951 2137 1098 2202 Jooaaes
1120 2147 1152 2201 at
1170 2137 1334 2202 Theodora
1353 2134 1400 2199 itt.

297 2237 336 2300 de
370 2236 480 2322 quibas
514 2237 732 2323 luitprandus
766 2238 848 2322 opit,
882 2248 911 2301 et
943 2259 1000 2300 aas
1032 2257 1089 2299 sno
1122 2235 1188 2298 loco
1223 2235 1424 2322 sosipatruus¹

295 2337 426 2398 nomina
463 2337 662 2399 consentiunt
700 2346 791 2420 atque
828 2346 985 2422 tempora,
1026 2353 1146 2396 asanaa
1177 2333 1323 2420 potentia
1352 2351 1398 2416 quo

296 2434 332 2495 a'a
366 2432 446 2496 Urbe
471 2431 646 2520 pollebant.
655 2431 679 2520 ¹)
726 2431 864 2497 Censuit
894 2431 1083 2496 Cardinnlis
1106 2431 1184 2496 sedi
1211 2430 1400 2516 Apostolicar

295 2529 380 2594 adeo
405 2529 546 2613 deditus,
572 2529 605 2594 id
630 2551 663 2594 se
689 2532 820 2594 veritati
846 2529 976 2610 debere,
1003 2538 1039 2593 ut
1053 2529 1251 2608 adverteret,
1276 2526 1398 2593 inveniri
1423 2583 1424 2588 ,

297 2629 332 2692 in
365 2627 428 2692 hoc
461 2628 629 2715 epitaphio
664 2627 949 2693 confirmationem
980 2626 1160 2714 quamdam
1192 2647 1304 2692 sorum
1334 2645 1401 2710 quar

297 2726 525 2811 Luitprandus
555 2727 596 2790 de
626 2727 756 2792 Joanne
781 2727 814 2790 X
845 2735 877 2790 et
903 2726 1078 2792 Theodora
1109 2735 1250 2792 enarrat.
1298 2715 1424 2788 Mirum*

296 2835 409 2888 tamen
432 2825 558 2906 fuisset,
584 2825 671 2911 quod
695 2835 787 2889 tanta
809 2827 977 2912 protervia
1000 2822 1155 2888 monachi
1180 2821 1325 2888 sodalem
1347 2840 1401 2906 pro·

297 2920 496 2986 clamassent
524 2923 693 2987 Pontifieis
723 2934 755 2987 et
779 2923 960 2990 Sonatriois
990 2922 1078 2987 illius
1109 2921 1226 2986 filium.
1273 2919 1340 2986 Neo
1366 2925 1424 2980 ro

297 3019 478 3105 pugnabat,
503 3043 541 3084 eo
566 3033 712 3106 tenrpore
735 3021 817 3086 alios
834 3023 958 3086 vixisse
980 3021 1082 3086 duces
1099 3031 1131 3084 et
1144 3019 1286 3084 feminas
1304 3037 1404 3082 uxores

297 3127 458 3203 potentes
491 3117 611 3204 quibus
635 3140 756 3182 nomen
779 3120 927 3184 Joannes
951 3129 984 3183 et
1005 3118 1192 3184 Theodora.
1240 3117 1279 3182 Id
1303 3107 1424 3200 impro'

299 3215 408 3280 babile
431 3217 543 3298 fuisse,
567 3219 723 3303 supponit
746 3217 880 3282 Beronii
905 3217 1162 3282 animadversio.

388 3351 441 3414 58.
467 3349 584 3414 Omnis
607 3360 716 3414 autem
742 3349 947 3436 probationis
973 3352 1023 3416 vis
1047 3349 1126 3414 huie
1149 3359 1341 3435 argumento
1362 3343 1424 3434 ad,

298 3459 409 3534 empta
435 3460 484 3512 est
507 3471 566 3534 por
588 3471 644 3528 ea,
679 3471 763 3534 quae
787 3451 911 3514 recenti
935 3460 1083 3534 tempore
1107 3451 1237 3514 Invenit
1260 3460 1295 3511 et
1317 3441 1405 3531 publi-

300 3547 389 3609 cavit
413 3557 626 3610 monumenta
651 3545 692 3611 el.
717 3545 757 3612 de
772 3545 878 3613 Rossi.
909 3547 964 3611 Ex
988 3549 1027 3610 iis
1044 3549 1132 3612 euim
1149 3546 1265 3624 elucet,
1290 3539 1424 3630 saeculo,

299 3642 428 3707 decimo
452 3645 485 3708 in
509 3643 637 3708 familia
653 3643 812 3709 Marotiae
837 3655 869 3709 et
882 3644 1077 3710 Theodorae
1102 3645 1239 3708 senioris
1255 3641 1345 3706 aliud
1361 3659 1406 3724 par

299 3743 476 3828 conjugum
509 3743 689 3825 exstitisse,
723 3742 843 3830 quibus
867 3765 987 3808 nornen
1010 3743 1158 3808 Josnnes
1182 3752 1215 3806 et
1237 3733 1424 3804 Theodora}

298 3839 449 3925 adeoque
473 3841 589 3904 merito
614 3851 649 3904 ut
673 3839 790 3905 horum
815 3839 919 3905 filium
943 3840 1136 3906 habendum
1156 3838 1249 3906 illum
1266 3837 1403 3904 Crescen-
1423 3871 1424 3880 κ

300 3938 383 4001 tium
421 3936 539 4002 duoern
574 3949 607 4002 et
642 3937 852 4002 monachum.
899 3937 1034 4004 Invenit
1067 3937 1224 4004 videlieet
1256 3937 1299 4002 de
1328 3933 1405 3998 Rossi

299 4057 387 4100 anno
407 4037 502 4116 1864,
527 4058 629 4122 quum
654 4045 892 4100 restauraretur
907 4037 1033 4101 Rornae
1048 4035 1184 4102 basilion
1201 4059 1226 4099 s.
1240 4029 1406 4098 Laurentii.
1423 4079 1424 4090 ,

377 4285 396 4349 ¹)
417 4286 458 4339 Ad
476 4301 500 4340 a.
520 4286 573 4338 996
593 4301 636 4340 nn.
660 4289 699 4342 ll.
721 4288 761 4340 12.
