3002 4836
285 481 321 536 86
544 481 617 538 XIV.
636 483 676 537 De
693 482 769 538 cirili
785 484 820 538 e.
838 483 974 540 Portiflcie
992 485 1155 554 principatu.

286 625 386 690 fuisse
414 625 628 707 conditionis,
662 635 694 690 et
725 627 813 712 agris
843 626 990 693 colendis
1019 631 1093 716 ipsa
1126 628 1284 693 nascendi
1318 639 1405 694 sorte

286 722 387 787 sanese
411 726 625 810 mancipatos.
671 725 738 789 Eos
765 745 861 810 agros
893 726 1038 811 suscepit
1069 725 1209 790 ecclesia
1232 749 1271 790 ca
1295 725 1408 794 condi·

285 820 375 884 tione
399 843 464 906 qua
486 820 692 906 legabuntur,
717 843 793 887 cum
817 821 941 888 colonis
964 832 997 887 et
1019 823 1200 888 cultoribus
1224 825 1308 906 suis3
1346 824 1406 889 sed

287 919 386 983 iniis
416 937 494 984 mox
524 919 679 1006 regendis
711 922 811 985 etiam
834 922 907 1007 ipsa
929 941 973 984 ex
1002 921 1135 1006 ingenio
1160 943 1218 986 suo
1243 920 1407 1008 explicuit

287 1018 476 1098 cantatam,
508 1017 714 1100 libertatem,
739 1019 1003 1105 suavitatemque
1035 1039 1120 1105 quae
1144 1018 1263 1084 servile
1282 1021 1407 1106 jugum

287 1116 408 1179 mirum
431 1116 465 1180 in
490 1115 625 1180 modum
648 1114 765 1182 leniret
788 1125 820 1180 et
840 1115 1007 1197 allevaret,
1032 1118 1185 1203 quamvis
1208 1116 1407 1205 plerumque

287 1235 376 1277 nexu
399 1215 567 1277 servitutis
590 1215 810 1280 retinerentur
831 1215 1003 1278 territoriis
1026 1213 1092 1278 illis
1114 1213 1309 1300 deviner).

117 1337 277 1382 ramere·
379 1312 407 1376 7.
431 1311 507 1376 Non
530 1311 707 1376 mediocris
729 1333 772 1376 ex
798 1310 921 1376 talibus
944 1311 1205 1397 possessionibus
1228 1334 1306 1377 sane
1331 1335 1409 1377 auc·

117 1401 145 1444 ¹¹¹
170 1400 279 1502 ΨΦ
288 1407 402 1472 toritas
432 1407 645 1492 dimanabat3
683 1409 742 1474 sed
773 1417 942 1494 praeterea
964 1410 1037 1494 jam
1067 1428 1110 1473 ex
1133 1409 1264 1474 saeculo
1288 1421 1408 1496 quarto

288 1506 433 1591 episcopi
463 1515 496 1569 et
527 1508 690 1593 imprimis
713 1506 868 1572 Pontifex
896 1507 1064 1572 Romanus
1091 1527 1272 1594 permagna
1294 1509 1329 1573 in
1353 1531 1409 1572 res

289 1602 404 1667 civiles
427 1611 587 1689 potestate
609 1606 698 1669 aucti
731 1614 825 1669 erant
848 1603 890 1668 ab
915 1606 995 1690 ipsis
1018 1603 1286 1690 Imperatoribus.
1335 1605 1408 1689 ,Ea

289 1710 346 1784 est,
380 1702 427 1766 ait
449 1701 696 1783 Thomassinus,
731 1701 961 1788 temporalium
985 1700 1271 1788 spiritualiumque
1295 1723 1409 1767 rernm

289 1799 489 1883 conjunctio,
507 1821 545 1864 ea
568 1797 767 1886 populorum
791 1800 825 1863 in
839 1809 985 1884 pastores
1009 1819 1084 1862 suos
1107 1801 1282 1884 propensio
1306 1811 1339 1863 et
1359 1821 1410 1862 re-

288 1897 437 1959 verentia
470 1917 512 1960 ex
543 1895 702 1980 religione
732 1895 950 1980 efflorescens,
983 1916 1023 1960 ea
1054 1908 1123 1960 orat
1146 1919 1211 1983 qua
1234 1897 1410 1984 episcopos

290 1991 527 2058 Constantinus
556 1994 740 2080 Imperetur
769 1994 997 2058 cumulaverat
1028 1995 1216 2073 auctoritas,
1240 2003 1277 2058 ut
1300 1995 1414 2081 publi«¹

289 2111 402 2156 corum
422 2091 576 2176 judicum
595 2091 725 2178 judicia
739 2101 964 2173 retractarent,
989 2111 1189 2178 suorumque
1200 2092 1409 2178 judiciorum

289 2188 361 2253 illos
392 2199 585 2254 executores
615 2189 794 2272 haberent3
841 2189 984 2275 denique
1013 2211 1053 2254 ea
1084 2199 1154 2254 erat
1186 2189 1410 2276 quarumdam

290 2286 503 2351 ecclesiarum
527 2288 705 2373 opulentia,
729 2299 821 2352 tanta
854 2286 1059 2368 clericorum,
1087 2307 1283 2374 pauperum,
1307 2289 1410 2373 virgi-

291 2407 383 2464 num,
408 2385 585 2449 viduarum
601 2388 697 2471 copia
711 2387 767 2473 qui
782 2383 952 2450 Ecclesiae
967 2395 1099 2471 sumptu
1116 2384 1299 2468 alebantur,
1324 2387 1411 2472 ejus·

290 2482 391 2566 modi,
424 2484 576 2570 inquam,
604 2493 699 2548 erant
727 2483 959 2564 haecomnia,
992 2493 1030 2546 nt
1060 2505 1128 2547 non
1150 2483 1218 2547 iere
1241 2486 1412 2569 potuerint

290 2583 436 2667 episcopi
456 2603 523 2646 non
539 2601 660 2668 magna
675 2580 790 2646 saltem
807 2603 849 2645 ex
868 2593 970 2668 parte,
988 2581 1079 2644 civili
1095 2582 1269 2646 civitatum
1285 2591 1317 2646 et
1336 2604 1411 2668 pro-

291 2680 478 2744 vinciarum
488 2680 767 2744 administrationi
778 2677 1010 2764 implicar1“²).
1028 2717 1071 2726 -
1089 2679 1411 2763 Animadvertimus,

135 2794 271 2839 maranum
290 2778 325 2841 in
338 2775 473 2842 Oriente
488 2775 712 2864 patriarcham
725 2776 989 2841 Alexandrinum
1000 2777 1072 2862 jam
1088 2775 1121 2842 S.
1137 2776 1314 2842 Athanasii
1329 2787 1412 2842 tem·

127 2855 274 2900 mmm·
291 2897 369 2960 pore
380 2877 504 2939 eximia
518 2875 663 2962 quadam
674 2885 708 2939 et
719 2875 784 2939 late
798 2874 871 2938 fusa
881 2885 1041 2960 potestate
1054 2876 1088 2940 in
1100 2883 1203 2939 totam
1216 2875 1412 2960 Aegyptum

250 3001 252 3015 ·
291 2971 477 3057 praeditum
502 2972 614 3038 fuisse.
661 2973 751 3037 Hinc
778 2971 1007 3056 intelliguntur
1036 2971 1112 3037 illae
1141 2973 1413 3040 adversariorum

291 3069 466 3134 Athanasii
509 3071 771 3150 criminationes,
811 3073 870 3134 etsi
908 3069 1029 3152 falsae,
1067 3070 1157 3156 quod
1189 3071 1414 3159 praecepisset

293 3168 481 3254 Aegyptiis,
515 3179 552 3233 ut
584 3171 726 3233 vestium
758 3167 921 3233 lineorum
950 3168 1111 3233 tributum
1142 3168 1302 3233 ecclesiae
1335 3168 1414 3233 Ale-

292 3265 478 3330 xandrinae
502 3266 676 3346 solverent,
701 3266 788 3351 qood
813 3267 1027 3331 intervertere
1051 3266 1209 3332 voluisset
1231 3266 1411 3336 frumenta.

293 3385 379 3450 quae
403 3366 579 3450 quotannis
601 3386 644 3428 ex
669 3364 821 3450 Aegypto
846 3362 1166 3450 Constantinopolim
1199 3363 1413 3431 adveheban-

295 3461 391 3547 turt).
438 3461 507 3528 Sub
540 3460 725 3548 Theophila
756 3483 796 3526 ac
826 3461 859 3528 S.
894 3459 1018 3546 Oyrillo
1054 3483 1094 3526 ea
1131 3471 1274 3549 potestas
1311 3463 1414 3527 etiam

292 3571 392 3624 aneta
419 3570 477 3626 est.
525 3559 622 3626 Unde
644 3561 721 3625 illae
743 3558 895 3646 querelae
919 3559 1073 3642 Socratis,
1098 3562 1162 3625 viri
1186 3559 1354 3644 rigidioris
1379 3572 1414 3624 et

294 3658 456 3723 derebus
481 3657 712 3724 ecclesiasticis
735 3657 844 3722 minus
867 3657 952 3723 bene
971 3657 1173 3744 judicantis:
1214 3655 1356 3741 Cyrillas
1377 3659 1414 3722 io

292 3757 365 3821 aede
381 3756 558 3843 episcopali
571 3755 750 3832 collocatas,
768 3760 919 3844 mojorem
935 3756 1156 3842 principantem
1170 3777 1262 3842 qoem
1274 3779 1414 3842 anquam

370 3941 388 4008 ¹)
406 3941 438 3998 1..
458 3957 480 3996 a
508 3957 530 3996 c
559 3943 601 3998 te.
633 3969 666 3983 -
693 3941 735 3996 De
752 3939 923 4010 patrimoniis
947 3941 1075 3998 eoelesiae
1092 3942 1230 3998 Romanae
1248 3941 1414 4010 tempores.

294 4019 421 4091 Gregorii
445 4021 482 4078 ll.
501 4021 564 4077 vide
582 4021 689 4077 eruar:
718 4023 777 4076 Eia
796 4021 956 4090 Rundpaaq
981 4021 1066 4076 euml
1093 4021 1137 4076 die
1154 4021 1344 4076 Patrimoaim
1367 4020 1417 4074 cles

293 4099 331 4154 bl.
352 4099 460 4155 seuam
478 4117 523 4153 om
541 4100 593 4154 das
610 4099 683 4154 Jatr
701 4105 765 4156 600.
783 4098 888 4154 Inusbr.
907 4098 1065 4155 Zeitschriit
1084 4101 1161 4166 1877,
1180 4099 1208 4158 S.
1227 4099 1288 4155 tet.

370 4178 589 4328 :ibirlsl'ell
608 4259 643 4314 u.
663 4259 693 4314 n.
713 4259 745 4316 1..
763 4259 785 4316 1.
804 4275 827 4318 e.
845 4261 959 4314 so-ea.
