2926 4840
304 466 357 518 268
459 464 532 518 XVI.
570 465 673 518 Causae
691 462 806 520 celebres
826 471 855 520 ct
874 466 1029 521 Decretales
1048 465 1270 522 PseudoIridori.

305 607 371 690 bat,
397 630 471 672 eum
495 630 576 693 prae
591 607 695 671 oculis
715 607 871 674 habuisse
888 610 1051 694 possimus
1065 631 1260 694 supponere.
1303 609 1432 690 Quum-

305 727 369 792 que
400 728 515 770 versus
539 726 663 770 annum
688 706 752 770 853
778 705 934 772 Collectio
959 708 1021 770 ista
1043 705 1290 792 divulgaretur,
1326 719 1434 774 status

305 827 415 869 rerum
445 813 604 890 quantum
637 804 680 868 ad
709 805 787 868 istos
811 807 901 868 viros
931 825 1109 890 eorumque
1133 826 1268 868 eausam
1300 809 1430 874 attinet.

300 903 372 988 jam
396 912 541 966 mutatus
565 913 645 966 erat.

144 1003 286 1076 ”ewulm
393 1001 447 1066 57.
479 999 644 1066 Omnibus
667 1001 838 1085 perpensis
862 1021 1047 1079 censemus,
1079 999 1323 1064 admittendam
1349 1025 1430 1074 esse,

170 1065 261 1108 mmm
305 1097 414 1183 quoad
438 1097 602 1162 consiliam
618 1096 891 1178 Pseudo-Isidori,
916 1119 992 1160 eam
1011 1099 1219 1178 sententiam,
1243 1120 1347 1183 quam
1365 1101 1431 1185 plu-

304 1193 396 1258 ribus
420 1193 603 1258 Hinschius
636 1215 732 1278 opere
758 1195 856 1257 citato
890 1193 1025 1258 evolvit.
1071 1194 1165 1258 Haec
1189 1197 1290 1279 igitur
1315 1198 1432 1262 adver-

304 1303 372 1356 tere
400 1293 509 1378 juvat.
557 1291 622 1354 Per
654 1301 794 1356 eventus
826 1292 882 1375 qui
915 1290 976 1355 sub
1000 1290 1174 1357 Ludovico
1198 1293 1257 1358 Pio
1291 1295 1432 1382 ejusque

304 1389 381 1454 liliis
411 1390 621 1470 acciderunt,
660 1411 719 1474 per
749 1388 886 1452 dissidia
909 1389 966 1453 illa
997 1399 1029 1452 et
1059 1389 1146 1454 bella
1176 1392 1261 1454 inter
1283 1391 1431 1478 Impera·

304 1497 408 1550 torem
432 1488 569 1572 ejusque
593 1486 687 1566 filios,
713 1496 746 1550 et
769 1496 880 1571 partes
903 1508 987 1571 quae
1010 1486 1065 1550 vel
1088 1489 1174 1572 patri
1199 1489 1251 1552 vel
1276 1489 1358 1554 filiis
1379 1492 1431 1557 ad·

305 1584 412 1648 dictae
445 1595 538 1648 erant
573 1607 613 1647 ac
644 1583 836 1668 proceribus
868 1593 939 1648 tum
969 1583 1200 1649 ecclesiasticis
1233 1597 1304 1650 tum
1335 1588 1433 1653 laicis

305 1680 516 1763 constabant,
547 1682 645 1746 valde
675 1681 828 1745 turbatus
858 1691 928 1746 erat
960 1691 1063 1746 status
1093 1705 1202 1748 rerum
1234 1685 1432 1750 ecclesiasti·

305 1801 417 1842 carum
456 1781 491 1842 in
524 1779 651 1860 Gallia,
688 1790 721 1842 et
756 1777 871 1862 religio
904 1801 943 1842 ae
974 1801 1080 1844 mores
1113 1782 1218 1864 magis
1255 1785 1432 1869 magisque

305 1874 408 1940 dilabi
434 1876 644 1940 videbantur.
682 1874 780 1940 Multi
800 1886 910 1940 autem
926 1879 1041 1940 merito
1057 1877 1303 1962 existimabant,
1329 1881 1433 1967 idque

305 1975 339 2037 in
368 1975 470 2038 variis
499 1975 634 2059 synodis
666 1973 906 2060 proclamatum
941 1983 1027 2056 erat,
1062 1974 1144 2040 illud
1172 1978 1206 2039 in
1243 1978 1432 2042 remedium

305 2073 449 2134 maxime
474 2094 544 2136 esse
568 2070 814 2152 adhibendum,
846 2082 883 2134 ut
906 2072 1060 2156 dignitati
1086 2083 1188 2137 status
1213 2073 1431 2140 ecclesiastici

305 2170 533 2255 provideretur
565 2181 597 2254 et
620 2179 811 2250 caveretur,
841 2192 883 2232 ne
913 2180 1056 2254 potesms
1080 2171 1203 2249 civilis,
1234 2173 1433 2258 Imperator.

304 2290 396 2352 reges
421 2290 459 2331 ac
482 2290 652 2353 proceres,
683 2270 855 2352 episcopos
879 2279 1040 2332 vexarent
1064 2279 1096 2331 et
1120 2269 1346 2334 dominatione
1374 2293 1431 2335 sua

304 2367 546 2450 opprimerent,
580 2385 622 2428 ne
646 2363 734 2428 bona
758 2363 981 2428 ecclesiastica
1010 2388 1030 2428 a
1052 2365 1148 2430 laicis
1181 2381 1431 2452 usurparentur.

304 2485 388 2526 neve
428 2463 601 2526 arbitrario
642 2462 740 2526 modo
783 2461 951 2546 praesules
992 2462 1123 2546 injustis
1160 2465 1433 2529 accusationibus

304 2571 537 2646 appeterentur
573 2572 605 2623 et
640 2583 657 2623 e
693 2559 827 2624 sedibus
862 2563 930 2624 suis
969 2561 1199 2645 dejicerentur.
1246 2563 1361 2626 Variis
1400 2567 1430 2627 in

304 2660 440 2744 synodis
481 2659 611 2722 decreta
645 2659 715 2721 istis
756 2657 797 2720 de
831 2655 930 2720 rebus
963 2657 1114 2722 confecta
1153 2670 1261 2740 erant,
1303 2664 1432 2745 optima

305 2758 456 2842 quidem,
493 2756 551 2819 sed
583 2755 660 2820 dein
690 2754 781 2818 haud
805 2753 991 2819 observata.
1037 2755 1108 2819 Imo
1134 2777 1276 2821 canones
1308 2781 1339 2822 a.
1367 2761 1432 2823 845

305 2857 338 2918 in
369 2853 508 2918 concilio
533 2853 695 2917 Meldensi
726 2852 770 2916 ad
800 2851 1046 2916 reformandum
1079 2862 1201 2919 statum
1233 2855 1432 2920 ecclesiasti-

304 2975 379 3015 cum
405 2954 591 3023 constituti,
625 2951 718 3014 brevi
752 2960 825 3034 post
849 2953 883 3015 in
908 2960 1075 3014 conventu
1107 2952 1197 3037 apud
1221 2953 1432 3039 Sparnacum

305 3061 502 3134 congregato
526 3071 546 3112 a
570 3049 762 3133 proceribus
785 3048 879 3112 laicis
901 3049 1014 3134 rejecti
1039 3059 1125 3114 sunt.

393 3149 446 3212 58.
479 3148 616 3210 l'cusuit
647 3148 747 3230 igitur
770 3145 917 3210 Isidorus
941 3147 1121 3228 Mercator,
1153 3147 1250 3212 valde
1275 3165 1430 3234 opportu-

306 3268 385 3308 num
410 3245 479 3308 fore
503 3244 545 3307 ad
569 3243 715 3328 aliquam
739 3265 850 3308 rerum
873 3247 1089 3309 mutationem
1113 3247 1366 3331 procurandam,
1394 3261 1429 3308 nt

306 3343 464 3406 (lollectio
489 3343 652 3426 quaedam
677 3363 842 3406 canonum
867 3353 898 3405 et
922 3341 1128 3406 decretorum
1150 3344 1291 3428 amplior
1315 3345 1429 3427 vulga-

304 3451 402 3521 ret-ur,
429 3449 529 3525 utque
554 3442 587 3502 in
613 3439 727 3504 eadem
753 3440 813 3504 sub
839 3442 1033 3504 auctoritate
1057 3450 1207 3505 veterum
1227 3443 1428 3506 Pontificum

305 3563 343 3602 ea
368 3548 638 3624 proponerentur,
662 3559 747 3622 quae
771 3560 789 3600 a
814 3538 949 3620 synodis
975 3537 1163 3602 recentibus
1185 3539 1428 3604 commendata.

304 3637 452 3724 prolicua
486 3635 685 3698 videbantur
717 3635 759 3698 ad
792 3659 844 3699 res
882 3637 916 3699 in
950 3637 1067 3700 melius
1099 3637 1285 3702 vertendas.
1336 3637 1427 3700 Hinc

305 3736 393 3799 bona
416 3733 550 3818 quidem
576 3734 757 3797 intentione
781 3745 813 3796 et
836 3745 906 3798 arte
930 3734 1088 3816 singulari
1114 3734 1146 3798 id
1164 3736 1312 3820 perfecit.
1337 3735 1426 3820 quod

305 3846 391 3896 certe
422 3832 586 3914 vituperio
612 3831 748 3913 dignum
782 3844 839 3896 est.
887 3832 1081 3917 Composuit
1112 3832 1268 3897 videlicet
1297 3835 1429 3918 spurias

304 3931 376 3994 illas
407 3927 599 3994 Decretales
622 3929 846 3992 Romanorum
870 3931 1069 3994 Pontificum
1102 3933 1250 4015 priorum
1284 3929 1428 3994 saeculo-

305 4050 387 4110 rum,
413 4030 446 4091 in
462 4028 568 4110 iisque
583 4029 776 4110 praesertim
792 4039 895 4111 urget,
913 4050 998 4113 quae
1013 4029 1055 4092 ad
1070 4028 1287 4093 relevandum
1304 4040 1427 4092 statum

305 4125 562 4190 ecclesiasticum
596 4146 654 4208 pro
688 4133 873 4210 temporum
907 4126 1073 4212 adjunctis
1105 4126 1283 4192 faciebant.
1328 4127 1424 4189 Piae-

305 4224 401 4308 cipuc
427 4224 459 4284 in
485 4223 525 4283 iis
552 4223 587 4284 10
610 4221 804 4305 dignitatem
829 4235 861 4286 et
885 4226 1180 4308 praeeminentiam
1202 4235 1305 4290 status
1323 4221 1425 4286 eccle
