3054 4834
514 496 689 550 Continentia
710 497 806 550 lrrctne.
1182 499 1234 550 att

106 639 289 726 praesules,
322 642 515 725 praesertim
541 643 574 704 in
600 637 719 718 Gallia,
750 643 834 704 actis
859 663 924 704 noa
949 643 1081 725 penitus
1104 643 1234 726 acquie-

107 749 242 804 verunt.
272 738 437 802 l'olebant
449 737 613 818 videlicet,
631 747 668 799 nt
684 739 899 802 investiturae
915 751 1072 824 tanquam
1090 738 1234 801 haeresis

106 837 360 915 damnarentur,
385 845 485 922 utque
510 835 675 900 Henricus
692 836 721 896 Υ
746 859 765 898 a
790 835 942 900 Pasclrali
968 836 1179 900 anathemate
1204 847 1234 900 et

106 936 456 998 excommunicatione
486 933 694 1018 plecteretur.
742 934 794 996 Ac
831 935 960 996 fervore
1002 935 1234 1018 intempestivo
1258 947 1395 988 Vehementi-

105 1032 239 1116 abrepti
272 1030 419 1096 nonnulli
451 1031 597 1116 episcopi
634 1033 734 1094 etiam
764 1033 1015 1095 convenientem
1056 1033 1089 1095 in
1115 1031 1233 1096 Sedem
1255 1015 1392 1137 mmm

107 1129 337 1215 Apostolicam
382 1131 601 1194 reverentiam
644 1128 821 1194 laeserunt.
885 1127 996 1194 Guido
1035 1129 1235 1194 Viennensis

111 1227 319 1311 metropolita
355 1239 387 1292 et
423 1228 519 1292 Sedis
550 1227 761 1312 Apostolicae
793 1227 921 1310 legatus
956 1249 1067 1292 mense
1098 1226 1233 1292 Octobri

104 1327 191 1390 anni
219 1327 303 1390 1112
335 1327 497 1410 synodum
534 1324 660 1405 habuit,
698 1328 731 1388 in
755 1349 821 1410 qua
853 1324 1063 1409 privilegium
1090 1326 1235 1388 Henrico

106 1423 227 1488 datum
259 1423 404 1498 rescidit,
438 1425 547 1509 ipsum
571 1423 808 1508 Imperatorem
833 1423 1042 1486 anathemate
1076 1423 1172 1500 feriit,
1205 1433 1237 1484 et

111 1521 247 1586 decreta
271 1521 376 1586 edidit
404 1531 520 1586 contra
544 1523 784 1586 investituram.
833 1521 943 1605 Hujus
967 1521 1098 1586 concilii
1124 1522 1237 1584 Patres

108 1621 225 1684 minus
258 1631 412 1684 accurate
439 1622 549 1682 aiunt:
587 1620 805 1683 lrtvestituram
830 1621 1067 1704 episcopatuum
1090 1630 1120 1682 et
1144 1619 1236 1682 obbo·

107 1721 232 1782 tiorum
256 1730 285 1782 ct
307 1720 444 1782 omnium
468 1717 750 1782 ecclesiasticarum
772 1740 876 1780 rerum
901 1718 938 1780 fle
964 1741 1058 1780 maria
1082 1715 1177 1794 laico,
1204 1714 1236 1779 S.

104 1819 155 1879 R.
173 1817 332 1880 Ecclesiae
357 1818 577 1878 artetur-itatem
600 1826 759 1900 sequentes
782 1815 936 1878 leuet-asim
959 1839 1024 1880 esse
1041 1815 1235 1902 judicamus.

108 1915 317 1999 Synodicam
343 1937 421 1978 vero
446 1913 616 1998 epistolam
642 1913 684 1978 ad
701 1912 893 1976 Pasclralem
915 1913 1007 1976 dedit
1031 1912 1246 1998 metropolite

110 2013 315 2076 Viennensis
339 2035 397 2075 suo
423 2023 454 2074 et
478 2011 627 2084 aliorum,
653 2013 709 2096 qui
735 2010 875 2074 concilio
901 2012 1130 2090 interfuerunt,
1156 2013 1238 2094 epis·

108 2133 271 2195 coporum
297 2112 440 2189 nomine,
466 2133 530 2195 qua
547 2112 655 2194 ipsum
673 2121 840 2193 rogarunt,
867 2119 902 2171 ut
917 2109 1089 2191 synodalia
1107 2108 1238 2172 decreta

108 2208 340 2289 confirmarem
366 2209 422 2272 scd
439 2230 554 2292 parum
572 2218 666 2270 caute
686 2219 718 2270 et
734 2217 924 2270 reverenter
947 2208 1106 2292 quasdam
1132 2207 1238 2270 minas

108 2307 259 2390 adjicere
284 2308 355 2370 atrei
380 2317 465 2370 sunt.
515 2304 606 2369 illud
630 2318 744 2382 autent,
779 2305 937 2374 scribunt.
972 2329 1040 2368 cum
1064 2303 1170 2367 dedita
1193 2327 1239 2365 re-

112 2407 256 2468 uerentia
281 2416 401 2469 vestrae
426 2406 615 2489 supperiores
637 2406 763 2489 pietati.
793 2406 869 2488 quia
901 2406 929 2466 si
952 2403 1111 2467 ostilliacum
1134 2403 1167 2465 in
1192 2403 1239 2464 liis

109 2505 280 2581 steteritis,
325 2506 369 2580 si,
408 2515 441 2566 at
475 2526 634 2586 reputans,
668 2505 941 2586 confirmareritis,
972 2504 1002 2566 si
1024 2501 1172 2584 deinceps
1198 2499 1239 2562 ab

114 2603 218 2686 ipsius
241 2602 453 2664 murlelissimi
477 2603 607 2687 tyranni
638 2613 669 2664 et
693 2604 874 2664 nutritiorum
906 2606 973 2688 ejus
997 2601 1123 2667 litteris.
1157 2599 1238 2662 locu·

111 2701 210 2773 tione,
243 2700 421 2764 marteribus
449 2700 677 2776 abstinueritis,
714 2701 908 2762 unanimisa-
937 2721 1004 2774 aos,
1041 2699 1120 2759 sicat
1143 2695 1239 2768 decet,
1310 2749 1315 2758 .

109 2795 270 2860 laudabitis
295 2797 384 2873 filios
422 2809 452 2860 et
465 2797 590 2878 fideles.
639 2799 677 2860 Si
699 2819 782 2873 vcro,
818 2797 901 2880 qttod
926 2797 1050 2858 minime
1075 2795 1239 2868 credimus,

111 2893 217 2956 aliam
242 2896 324 2958 riom
356 2895 486 2979 apyredi
514 2897 693 2980 coeperitis,
726 2906 755 2956 et
780 2905 905 2958 nostrae
937 2894 1116 2978 parreitrrtie
1140 2915 1240 2953 asscr-

110 2994 218 3056 ta'oaes
236 2995 424 3077 praedictus
438 2991 588 3056 roborare
607 2993 782 3069 tiolueritis,
802 2992 966 3078 propitias
983 2993 1024 3053 sit
1039 2989 1129 3052 nobis
1144 2989 1241 3064 Deua,

110 3091 193 3174 quia
217 3113 274 3153 nos
298 3115 318 3152 o.
343 3101 445 3152 vestra
458 3089 645 3176 subjectione
663 3101 692 3152 et
706 3089 885 3154 odedientia
902 3089 1099 3174 repellitis¹).
1124 3086 1240 3149 Aestni

115 3187 251 3252 cuidam
278 3188 522 3253 inconsiderato
548 3187 629 3252 lracc
655 3187 874 3252 adscribenda
900 3197 985 3266 sunt,
1011 3209 1072 3250 nec
1096 3195 1241 3248 certeco

113 3289 355 3370 processissent
379 3285 545 3372 praesules
572 3286 627 3355 illi.
654 3299 689 3349 ut
713 3309 795 3350 ausu
821 3287 1032 3352 schismatico
1057 3309 1076 3347 a
1094 3284 1242 3346 llotnano

115 3385 279 3448 Pontifice
312 3407 345 3447 se
379 3393 579 3469 separarent.
619 3421 659 3431 -
695 3382 865 3447 Pasclralis
895 3397 1004 3446 auteur
1036 3405 1075 3444 ne
1101 3383 1243 3444 irritaret

119 3482 178 3544 lios
203 3482 380 3567 praesules,
406 3481 497 3545 brevi
524 3482 663 3566 epistola
679 3493 710 3545 ct
725 3482 871 3564 gerrcrali
890 3482 986 3545 modo
1005 3502 1118 3542 corum
1135 3479 1242 3542 zelum

114 3579 270 3642 laudavit
294 3597 326 3644 ot
350 3580 481 3644 decreta
506 3579 748 3664 comprobavit.

210 3723 262 3786 29.
311 3721 437 3786 Eodem
472 3737 617 3808 tempore
641 3723 788 3786 Jtntnues
818 3719 1086 3806 archiepiscopus
1112 3718 1243 3802 Lugdu·

115 3823 231 3884 nensis
255 3830 286 3882 et
310 3819 439 3883 Galliae
464 3823 586 3905 primas
612 3819 734 3882 indixit
758 3841 914 3902 magnum
940 3817 1116 3881 concilium
1143 3818 1243 3879 natio·

116 3916 195 3982 nale
213 3920 323 3982 Ansae
348 3917 593 3984 celebrandum.
620 3919 652 3980 in
678 3939 741 4003 quo
767 3917 807 3980 dc
834 3918 1038 3980 investituris
1063 3914 1156 3977 etde
1181 3915 1245 3998 pri·

114 4015 242 4095 vilegio
267 4015 454 4080 al'asehali
480 4039 634 4079 concesso
660 4027 821 4096 ageretur,
847 4028 945 4100 atquc
970 4013 1012 4078 ad
1037 4013 1122 4076 lianc
1148 4034 1246 4095 syuo-

195 4277 212 4340 ι1
233 4277 302 4330 vioe
321 4277 385 4330 haee
405 4291 446 4343 ap.
469 4275 630 4336 Wnttericlr‚
651 4275 683 4328 ll.
704 4275 745 4326 77.
