3002 4836
284 479 319 533 26
634 481 674 535 De
692 480 800 536 haeresi
818 479 1052 534 Iccnoclastsmnr.

285 625 363 686 teris
386 622 484 708 plane
517 623 736 688 orthodoxum
770 646 804 687 se
835 623 1032 688 declarasset
1053 623 1246 710 Imperator,
1270 623 1407 688 easdem

287 731 521 785 commemorat
543 720 733 806 Gregorius.
779 721 885 786 Addit
907 743 1003 807 porro
1027 719 1201 786 Pontifex:
1229 723 1272 786 Et
1294 723 1329 786 in
1352 721 1407 786 de·

286 841 348 882 cem
371 817 503 906 syllabis
534 830 614 883 recte
645 843 682 884 oe
706 822 762 906 pie
785 831 877 906 utque
901 816 1122 905 Imperatorem
1155 817 1410 885 camentorum

287 919 390 996 decet,
416 916 649 981 observaturum
681 927 708 982 te
733 942 770 982 oc
793 917 1020 982 custodituram
1048 919 1166 1002 intepre
1191 939 1295 981 omnes
1317 939 1408 980 sonc-

287 1027 388 1078 tormm
416 1026 546 1101 potrum
578 1025 755 1079 nostrorum
787 1027 817 1080 et
839 1015 998 1080 doctorum
1031 1015 1261 1080 admonitiones
1286 1017 1408 1102 prona-

285 1115 366 1176 siste'.
391 1161 398 1176 .
424 1161 432 1176 .
457 1113 571 1176 Decem
595 1135 694 1177 uanos
708 1113 773 1178 Dei
795 1113 984 1198 benignitate
1000 1111 1080 1177 recte
1105 1111 1284 1190 ambulasti,
1308 1135 1409 1198 neque

286 1232 447 1274 sacrarum
469 1211 641 1297 imaginum
664 1213 847 1275 mentionem
862 1211 988 1298 fecisti,
1013 1233 1095 1276 nuuc
1122 1219 1225 1274 autem
1248 1231 1303 1275 eos
1325 1211 1410 1273 dicis

285 1308 443 1372 idolorum
466 1307 567 1372 lecum
597 1307 737 1395 implere.
784 1307 878 1372 Haec
910 1311 989 1372 satis
1013 1311 1169 1390 innuunt,
1194 1307 1308 1375 decem
1333 1306 1410 1371 illas

287 1405 442 1491 epistolas
459 1427 528 1470 esse
552 1428 617 1489 eas,
642 1429 724 1493 quas
738 1408 915 1492 quotannis
938 1407 1072 1471 miserat
1086 1405 1269 1491 Imperator
1292 1403 1334 1468 ab
1359 1405 1409 1468 in-

287 1504 432 1568 dictione
454 1503 548 1569 XIV.
573 1504 616 1590 (a.
643 1503 720 1590 716)
744 1526 847 1591 usque
871 1505 914 1569 ad
938 1503 1152 1568 indictionem
1177 1501 1271 1567 VIII.
1295 1501 1411 1567 Unde-

288 1604 374 1666 cirne
396 1623 492 1688 porro
518 1624 556 1665 ea
579 1613 637 1684 est,
662 1623 747 1689 quae
771 1600 885 1667 ultimo
909 1602 980 1667 loco
1005 1601 1178 1666 indictioni
1198 1599 1260 1667 IX.
1284 1597 1408 1664 adscri-

288 1700 390 1781 bitur,
415 1709 514 1785 atque
538 1697 620 1764 baec
643 1722 730 1764 anno
756 1699 819 1764 726
843 1701 1009 1765 convenit.
1040 1737 1081 1747 —
1112 1699 1166 1764 Ad
1189 1698 1277 1762 hanc
1306 1699 1411 1782 igitur

288 1797 467 1882 Gregorius
491 1819 606 1861 versus
629 1820 753 1862 annum
780 1799 842 1862 727
872 1796 1051 1884 respondit.
1098 1796 1275 1881 Arroganti
1300 1804 1333 1860 et
1356 1818 1409 1860 su-

288 1895 389 1980 perbo
404 1895 501 1959 modo
517 1897 684 1981 rescripsit
697 1895 850 1978 Isauros,
875 1917 939 1982 quo
963 1895 1050 1959 facto
1067 1892 1205 1959 alteram
1229 1894 1258 1957 ei
1275 1893 1412 1978 scripsit

287 1993 467 2077 (fregerius
491 1993 671 2078 epistolam,
696 2015 811 2058 versus
834 2015 958 2058 annum
982 1993 1057 2058 628.

377 2091 430 2156 28.
454 2091 507 2154 De
530 2091 674 2155 motibus
707 2093 741 2156 in
765 2089 862 2156 Italia
885 2091 926 2156 ob
950 2091 1163 2176 Imperatoris
1186 2087 1409 2154 iconoclastae

289 2190 490 2274 impietatem
515 2211 552 2254 eo
575 2197 723 2275 tempore
746 2191 834 2270 ortis,
852 2191 1026 2276 scriptores
1041 2209 1199 2274 suppares
1222 2189 1409 2252 universim

287 2285 442 2367 referunt,
467 2286 525 2351 sed
548 2308 587 2351 eo
611 2287 718 2369 modo,
743 2297 779 2351 ut
796 2287 894 2352 valde
918 2286 1055 2352 difficile
1079 2287 1130 2368 sit,
1156 2295 1337 2351 eventuum
1362 2305 1410 2348 se-

287 2385 368 2448 riem
393 2396 504 2448 texere
538 2395 569 2448 et
593 2385 722 2470 singula
751 2388 939 2451 accuratius
964 2385 1161 2450 describere.
1209 2385 1320 2466 Quum
1347 2383 1412 2447 Im·

290 2491 418 2567 perator
454 2481 606 2547 Pontifici
646 2485 755 2547 missis
791 2485 968 2569 praefectis
1002 2483 1143 2548 militum
1184 2481 1411 2555 insidiaretur,

288 2579 427 2646 Romani
451 2581 645 2644 Pontificem
677 2582 752 2644 tuiti
786 2593 875 2658 sunt,
907 2581 1147 2646 tumultuantes
1170 2582 1280 2667 plures
1304 2579 1413 2663 Impe-

287 2679 403 2743 ratoris
427 2679 593 2744 ministros
616 2679 822 2761 occiderunt,
847 2678 889 2744 ab
921 2679 1056 2744 exarchi
1081 2676 1238 2766 obsequio
1263 2674 1414 2741 descive-

288 2785 379 2860 runt,
403 2787 445 2856 et,
470 2777 518 2841 uti
542 2776 626 2841 alise
649 2799 780 2864 qnoque
805 2779 957 2842 civitates
985 2763 1115 2842 delectui
1139 2798 1197 2842 suc
1222 2775 1322 2840 ducos
1347 2773 1413 2838 sibi

286 2875 487 2958 praefecere,
513 2877 558 2940 ita
581 2875 671 2960 apud
696 2875 860 2939 Romanos
885 2875 925 2940 de
959 2876 1046 2940 facto
1078 2895 1226 2939 summus
1255 2870 1414 2938 Pontifex

287 2993 473 3057 supremam
498 2983 693 3059 potestatem
718 2972 850 3038 civilem
886 2973 1012 3039 habuit.
1060 2971 1274 3058 Langobardi
1298 2980 1414 3035 autem

287 3090 324 3132 eo
348 3077 495 3155 tempore
518 3093 614 3135 suum
628 3071 812 3136 dominium
833 3069 932 3136 latius
948 3071 1136 3155 extendere,
1161 3079 1194 3134 st
1214 3069 1414 3134 Ravennam

287 3169 461 3254 variasque
484 3167 583 3233 urbes
606 3191 750 3255 cerisque
774 3169 915 3234 Graecis
941 3170 1106 3254 subjectas
1130 3187 1321 3254 expugnare
1346 3167 1414 3231 nisi

287 3277 372 3331 sunt.
419 3264 485 3330 Sed
516 3265 695 3350 Gregorius
729 3267 763 3330 II
794 3277 874 3331 tunc
897 3267 1014 3332 litteris
1042 3265 1190 3331 hortatus
1214 3274 1262 3329 est
1285 3263 1415 3329 Ursum

287 3363 488 3428 Venetorum
514 3363 642 3446 dacem,
668 3375 704 3426 ut
719 3363 844 3429 auxilio
860 3363 997 3430 Graecis
1020 3366 1160 3443 veniret,
1185 3363 1321 3450 ejusque
1347 3385 1416 3448 ope

288 3485 329 3524 ex
353 3461 513 3526 Ravenna
543 3461 755 3546 Longobardi
791 3461 920 3548 depulsi
955 3461 1077 3550 sunt').
1124 3460 1309 3526 Voluerunt
1333 3459 1411 3525 Itali

288 3561 321 3623 in
356 3560 581 3623 omnimodam
617 3559 836 3624 defectionem
870 3561 912 3626 ab
937 3559 1141 3646 Imperatore
1171 3580 1344 3644 erumpere
1379 3571 1415 3622 et

288 3679 411 3722 novum
435 3659 619 3742 principem
644 3679 765 3741 creare,
791 3659 848 3723 sed
863 3660 1017 3724 Pontifex
1042 3658 1170 3745 (saltem
1195 3655 1304 3742 aliquo
1329 3665 1414 3719 tem-

288 3756 379 3842 pore)
404 3757 527 3837 effecit,
551 3766 587 3819 ut
610 3755 673 3820 hcc
707 3755 747 3821 de
776 3757 913 3822 consilio
943 3755 1146 3838 desisterent,
1171 3775 1256 3818 neve
1279 3753 1322 3816 ab
1347 3754 1415 3819 lm-

288 3856 378 3940 perio
403 3855 534 3938 penitus
558 3853 759 3919 recederent.

377 3953 430 4016 29.
455 3953 611 4015 Attamen
647 3954 800 4037 quamvis
829 3955 953 4017 nornine
987 3962 1076 4016 mnus
1109 3950 1332 4036 dependentis
1370 3949 1415 4014 ab

288 4051 431 4135 Imperio
464 4049 613 4114 orientali
638 4061 834 4133 servaretur,
868 4051 905 4115 de
920 4051 1014 4136 facto
1033 4049 1106 4136 jam
1130 4071 1172 4113 ex
1197 4050 1277 4133 ipsis
1300 4069 1414 4112 rerum

293 4191 394 4197 -.-—
413 4189 501 4198 -m--n

364 4266 382 4330 ι)
401 4263 433 4316 V.
454 4263 580 4332 Gregorii
599 4265 624 4316 ll
644 4266 721 4330 epist.
742 4263 773 4316 X.
794 4262 892 4328 Labbt,
913 4263 961 4316 Vl.
983 4264 1058 4316 1447.
