2932 4836
344 470 384 524 De
403 467 588 524 Decretslibns
607 467 891 524 Pseudo-Isidorianis.
1128 469 1178 522 311

71 617 146 679 tiam
179 624 208 679 et
238 611 423 700 perturbati
446 610 572 677 ordinis
605 609 803 676 hierarchici
836 619 1021 697 promptam
1055 613 1181 676 restitu-

72 715 201 794 tionem,
233 733 319 798 quae
343 733 382 774 ea
405 684 608 796 via,⁹qua1n
631 709 785 774 Pontifex
818 708 1007 791 indicabat,
1044 709 1181 774 celerius

70 810 201 874 obtineri
233 819 372 896 poterat.
424 806 600 872 Caeterum
639 829 732 872 suam
765 807 993 872 auctoritatem
1025 806 1182 871 Nicolaus

73 930 125 992 per
145 931 178 972 se
199 906 362 994 ejusmodi
386 905 525 992 epistola
548 907 671 990 scriptu
685 905 817 990 egregie
832 903 1017 970 exercebat.
1057 903 1181 984 Quum·

70 1029 128 1091 qne
161 1008 238 1070 satis
277 1003 505 1090 praevideret,
540 1025 603 1068 nec
637 1025 747 1087 regem
788 1024 850 1066 nec
891 1004 1062 1090 episcopos
1097 1002 1181 1068 velle

70 1126 238 1188 agnoscere
272 1099 561 1186 metropolitanum
585 1101 828 1176 Turonensem,
864 1103 1016 1185 quamvis
1045 1100 1182 1165 indubie

68 1201 254 1287 legitimum,
279 1200 323 1264 ad
346 1220 488 1284 eumque
512 1219 628 1262 causas
652 1197 790 1278 deferre,
814 1196 969 1282 prudenti
991 1200 1183 1264 oeconomia

70 1300 214 1364 Pontifex
247 1319 313 1362 non
347 1297 468 1362 insistit
491 1297 591 1380 rigori
618 1296 722 1381 juris,
757 1295 942 1360 secundum
977 1296 1066 1382 quod
1096 1306 1182 1360 tene-

67 1397 181 1462 bantur
204 1407 241 1461 nt
261 1393 549 1480 metropolitanum
570 1395 762 1479 episcopum
778 1393 1007 1458 Turoneosem
1023 1395 1180 1470 revereri3

68 1495 120 1558 sed
151 1515 209 1580 pro
243 1515 398 1579 suprema
432 1514 492 1556 sua
515 1493 710 1556 anctoritate
743 1491 904 1555 directum
937 1513 1107 1555 recursum
1140 1491 1183 1557 ad

68 1593 181 1658 Sedern
206 1590 436 1674 Apostolicam
461 1593 502 1654 iis
526 1590 688 1674 designat.

150 1691 225 1754 107.
259 1689 349 1753 Hinc
381 1687 567 1752 luculenter
589 1685 740 1770 colliges,
774 1709 816 1752 ex
849 1709 888 1750 ea
911 1684 1050 1772 epistola
1081 1685 1183 1751 nulla-

66 1801 155 1852 tenus
178 1787 311 1866 inferri,
345 1784 522 1850 Nicolaum
551 1785 666 1870 primis
691 1784 902 1870 pontificatus
925 1785 1021 1848 annis
1045 1783 1183 1848 sollicite

69 1887 219 1950 institisse
243 1905 379 1948 normae
403 1881 537 1946 cuidam
561 1883 738 1967 praecisae,
764 1903 849 1966 quae
873 1882 1069 1966 supponitur
1089 1881 1183 1946 disci-

70 1982 170 2066 plinae
193 1982 353 2066 antiquae
376 1980 496 2060 fuisse,
530 2002 569 2044 ac
593 1979 670 2044 dein
694 1981 842 2044 animum
868 1989 1021 2044 mutasse.
1067 1979 1184 2044 Imme-

67 2083 122 2144 rito
136 2089 249 2144 autem
264 2088 424 2162 urgentur
440 2075 496 2140 illa
511 2077 614 2141 verba
628 2077 776 2141 Nicolai:
793 2079 882 2142 Haec
896 2087 942 2142 est
957 2077 1009 2140 lea
1025 2077 1184 2142 Ecclesiae

70 2179 171 2241 natas
196 2187 289 2254 asae,
323 2199 362 2240 ac
386 2176 412 2239 si
438 2173 493 2239 illa
516 2176 666 2261 apprime
691 2185 877 2261 spectarent
901 2175 1035 2239 modum
1062 2175 1184 2261 judicii

68 2297 121 2359 per
151 2272 444 2358 metropolitanum
478 2293 518 2336 ac
552 2273 728 2338 duodecim
759 2275 940 2359 episcopos.
991 2271 1182 2338 Generatim

67 2375 149 2437 enim
178 2371 359 2450 Nicolaus,
396 2367 520 2434 ibidem
555 2369 727 2455 applicans
760 2380 889 2436 textum
918 2370 1184 2454 Proverbiorum,

70 2472 132 2534 istis
154 2470 270 2536 verbis
293 2470 406 2548 utitur,
431 2477 468 2530 ut
491 2467 626 2531 denotet
648 2491 732 2554 quae
756 2469 834 2534 dein
856 2467 1023 2534 Salomoni
1048 2468 1186 2532 mandat

67 2579 98 2631 et
118 2566 340 2647 commendat,
364 2575 465 2651 utque
489 2566 529 2630 iis
554 2566 711 2651 majorem
736 2566 890 2632 conciliet
912 2569 1150 2632 auctoritatem.

155 2667 228 2732 108.
262 2665 339 2730 Jam
373 2662 564 2727 examinare
596 2666 767 2748 convenit,
801 2674 912 2729 utrum
937 2665 1128 2728 Hadrianus
1152 2666 1190 2728 II
1203 2670 1357 2716 nomnen

70 2763 189 2830 Nicolai
215 2763 232 2828 Ι
256 2783 427 2826 successor
450 2762 677 2826 anctoritatem
702 2760 798 2828 Sedis
822 2761 1035 2848 Apostolicae
1058 2783 1099 2826 ex
1119 2762 1184 2826 De·
1220 2736 1330 2840 „⁰2⁵0ss

69 2863 241 2927 eratalibus
259 2857 597 2924 Pseudo-Isidorianis
622 2860 844 2926 vindicaverit
867 2871 900 2924 et
922 2858 1184 2945 amplificaverit.

69 2959 137 3045 lpse
169 2969 261 3025 certo
294 2955 395 3022 semel
429 2958 463 3020 in
487 2958 557 3020 suis
580 2957 726 3042 epistolis
750 2969 878 3022 textum
902 2957 1023 3042 allegat
1056 2980 1098 3020 ex
1121 2960 1186 3043 epi-

68 3058 143 3123 stola
166 3057 307 3136 Anteri,
341 3075 425 3140 quae
449 3055 484 3118 in
510 3052 711 3120 Collectione
735 3056 852 3121 Isidori
878 3057 1063 3136 invenitur,
1097 3055 1186 3120 haud

69 3171 170 3221 umen
204 3165 301 3238 urget
330 3153 559 3217 auctoritatem
592 3153 687 3218 Sedis
717 3153 939 3240 Apostolicae.
993 3152 1188 3240 Obsequens

71 3255 214 3338 petitioni
240 3249 429 3338 praesulum
445 3249 574 3314 Galliae
595 3252 757 3333 concedit,
782 3262 818 3316 ut
831 3252 999 3317 Actardus
1013 3252 1187 3337 episcopus

70 3351 286 3417 Nannetensis
309 3347 525 3412 transferatur
547 3349 590 3414 ad
614 3349 936 3436 archiepiscopatum
948 3349 1185 3432 Turonensem‚

71 3472 166 3536 eaque
191 3447 367 3512 occasione
388 3443 485 3530 plara
501 3447 606 3529 affert,
631 3458 668 3511 ut
687 3448 849 3530 ostendat,
874 3447 916 3511 ob
930 3448 1046 3532 gravia
1062 3449 1188 3512 motiva

70 3546 225 3630 ejusmodi
260 3541 509 3625 translationes,
543 3568 627 3630 quae
650 3546 834 3631 generatim
867 3548 902 3610 in
925 3543 1107 3612 Occidente
1132 3546 1189 3610 im·

73 3644 310 3728 probabantur,
344 3639 415 3704 fieri
446 3663 552 3726 posse.
599 3642 723 3709 Scribit
754 3645 856 3728 igitur
878 3644 964 3707 inter
986 3642 1068 3708 alia:
1103 3643 1191 3708 Nam

70 3745 144 3808 ciart
165 3741 308 3830 maedus
331 3737 578 3826 (Duaiacensis)
602 3741 826 3828 eaposaslacit,
846 3741 939 3827 plebs
962 3751 991 3806 et
1015 3741 1045 3804 Τ
1041 3743 1190 3806 aroas’cas

70 3841 163 3904 clears
187 3863 256 3904 eam
280 3835 477 3901 corwcrditcr
501 3837 609 3927 clepit,
636 3863 698 3926 per
720 3849 848 3903 aoatrae
872 3837 1065 3926 apostolicae
1088 3848 1192 3902 caeto·

73 3940 172 4002 ritots's
202 3939 360 4001 decratm
391 3938 607 4001 constituimus
638 3935 835 4001 cardinalem
857 3936 1133 4022 metropolitanam
1163 3947 1193 4000 et

72 4035 333 4122 archiepiscopatu
352 4029 383 4093 Τ
378 4035 527 4098 cronicae
544 4035 691 4099 eccleciae
716 4044 808 4120 alque
816 4035 1022 4122 provinciae:
1046 4036 1194 4120 qacaiam

76 4133 187 4197 dicente
204 4133 323 4198 [latero
342 4151 439 4216 papa
462 4135 496 4197 ia
520 4133 656 4220 epistola
679 4155 749 4212 saa,
774 4131 961 4222 quibasdam
983 4156 1052 4196 eam
1072 4131 1110 4196 de
1130 4156 1193 4196 aaa·

77 4232 186 4296 tatione
218 4233 436 4318 episcoporum
469 4231 507 4294 de
539 4233 665 4294 civitate
695 4230 912 4294 dicacitatem
944 4229 1195 4296 coaarleatibas:
