2932 4836
468 485 555 542 Initia
572 487 715 544 scbdonis
1101 485 1154 540 347

50 629 155 714 inquit,
189 641 310 694 cosmae
333 631 562 700 macerationi
584 633 758 696 consentire
781 629 872 694 modo
894 651 959 694 non
978 651 1154 714 possumus,

48 727 130 790 dome
150 729 254 792 nostri
275 729 330 812 qai
353 751 374 792 u
394 728 485 792 nobis
504 726 811 816 Constantinopolim
829 738 902 792 sunt
919 728 1033 792 directi
1054 749 1154 790 reuer-

48 835 156 902 tentur,
190 825 329 910 proditer
357 849 418 911 per
440 847 492 890 eos
523 849 743 912 capnoscamus
774 835 895 890 oestme
928 824 1154 890 recusationis

48 934 122 986 octus
152 933 181 986 et
204 922 435 988 ecclesiasticae
464 923 617 988 utilitatis
647 926 875 1002 constantiam,
908 933 937 988 et
967 946 1027 1007 quo
1050 923 1154 986 studio

46 1023 116 1084 circu
138 1020 310 1086 cntltolicac
330 1021 414 1104 fidei
436 1022 650 1108 defensionem
673 1031 788 1088 ιοιιιιιι
810 1022 1000 1099 emeraeatis;
1030 1031 1059 1083 et
1083 1031 1155 1084 tuuc

46 1119 67 1178 si
85 1118 210 1202 dipem
232 1117 356 1204 snserit,
389 1131 425 1184 ιιι
448 1130 556 1184 tantae
584 1121 668 1186 sedis
695 1119 892 1206 praesulem,
924 1141 980 1183 ceu
1001 1119 1154 1196 conuenit,

45 1215 252 1281 lnnorulu'mus
281 1229 312 1280 et
333 1218 489 1302 fraterna
517 1218 684 1284 dilectione
715 1214 975 1304 amplectemur.¹)
1021 1215 1156 1300 Legatis

45 1323 142 1378 antem
166 1314 326 1380 Nicolaus
349 1315 447 1381 simul
471 1315 610 1380 tradidit
633 1318 744 1380 varies
767 1313 897 1399 regulas
920 1337 976 1377 seu
1001 1333 1153 1392 canones,

46 1426 71 1472 ut
93 1411 192 1476 iidem
217 1411 504 1497 Constantinopoli
537 1413 806 1494 admitterentur,
840 1435 904 1497 quo
929 1415 1154 1497 inposterum

45 1511 238 1574 eniterentur
259 1511 422 1596 ejusmodi
447 1511 574 1576 turbae.
1344 1553 1351 1570 .

118 1607 172 1672 35.
196 1608 388 1674 Rodoaldus
412 1617 444 1672 et
467 1608 646 1674 Zachariae
675 1607 776 1694 legati
800 1609 901 1694 igitur
924 1605 1154 1672 Constantino·
1184 1612 1260 1663 ¹⁸3·ss
1274 1624 1312 1656 *0-

44 1705 131 1788 polim
155 1717 396 1792 pervenerunt,
422 1706 479 1772 sed
504 1728 606 1792 quum
630 1715 840 1792 postrorum
856 1705 981 1770 advent
984 1727 1038 1768 um
1063 1705 1154 1770 inno·

43 1805 164 1885 ruisset,
198 1802 375 1869 Nicolaum
397 1804 524 1889 Papam
556 1804 647 1869 haud
670 1803 855 1890 approbare
878 1803 1000 1888 Ignatii
1025 1801 1154 1887 ejectio·

42 1923 105 1964 nem
138 1912 171 1966 et
194 1901 305 1966 Photii
338 1902 624 1986 subrogationem,
659 1901 832 1986 indignius
864 1901 990 1966 ibidem
1023 1903 1154 1966 tractati

42 2009 117 2064 sunt
152 1999 187 2064 A
211 2001 376 2066 consortio
399 1999 538 2064 aliorum
564 2001 680 2067 remoti
703 2021 764 2085 per
787 2009 923 2064 centum
939 1997 1068 2062 dierum
1083 2019 1154 2084 spa·

41 2097 112 2162 tium
136 2095 179 2160 ab
195 2096 401 2184 Imperatore
424 2097 549 2162 detenti
574 2109 661 2179 sunt,
685 2099 792 2184 iisque
812 2095 913 2161 exilia
937 2107 969 2160 ot
985 2117 1154 2161 carcerum

41 2195 139 2258 minae
163 2197 356 2277 intentatae,
380 2197 444 2260 nisi
464 2205 571 2260 ratam
590 2194 752 2262 haberent
765 2195 891 2280 Ignatii
915 2193 1154 2279 depositionem

42 2306 66 2352 et
80 2292 189 2358 Photii
210 2293 463 2358 ordinationem.
503 2289 627 2359 Scribit
650 2295 720 2379 ipse
740 2292 898 2358 Nicolaus
915 2292 1071 2356 Pontifex
1092 2292 1155 2357 hac

41 2387 75 2452 de
95 2413 148 2455 re:
178 2392 357 2456 Demissis
387 2392 540 2476 siquidem
561 2394 696 2468 nostris,
730 2414 805 2476 ptos
827 2393 947 2477 petitos
970 2393 1005 2455 in
1027 2392 1155 2456 seruitio

41 2485 115 2550 lusti
126 2489 217 2552 Petri
224 2491 386 2576 princepis
398 2489 623 2577 Apostolorum
629 2511 694 2576 pro
710 2489 849 2554 utilitate
864 2500 991 2554 sanctae
1007 2487 1155 2554 CPtauue

40 2586 179 2652 ecclesiae
202 2599 313 2652 contra
340 2588 536 2674 depositores
559 2590 747 2674 inopinum,
776 2587 827 2652 uel
850 2588 934 2652 olim
957 2589 1156 2652 necessitates
1237 2649 1239 2654 .

43 2683 223 2798 inprneptes,
246 2709 366 2750 necnon
388 2697 417 2750 et
424 2709 488 2772 pro
506 2710 603 2750 causa
618 2686 810 2752 solummodo
827 2686 1034 2772 depositionis
1047 2706 1155 2771 saepe-

34 2780 97 2862 foti
120 2785 181 2846 cira
174 2784 318 2867 Ipnotii
339 2783 541 2897 inquirenda,
565 2784 679 2850 illos
665 2809 700 2848 m
718 2794 831 2870 portes
853 2784 1038 2860 ditescimus,
1062 2781 1155 2846 silen-

41 2877 106 2942 dum
128 2903 192 2944 non
215 2892 278 2946 est:
300 2883 364 2994 qui,
389 2905 456 2946 cum
479 2883 535 2960 eis,
559 2884 641 2946 siosrt
664 2883 782 2960 dicunt,
803 2903 863 2967 per
885 2891 1006 2945 ceumm
1032 2879 1155 2944 dierum

39 2980 141 3061 spatio
164 2981 302 3042 omnium
323 2980 390 3042 nisi
412 3001 539 3044 suorum
562 2977 747 3064 alloquendi
759 2977 907 3064 fousltos
923 2978 1044 3063 fnisset
1064 2977 1155 3042 dene·

39 3087 126 3156 preto,
159 3087 193 3140 ut
225 3077 419 3163 apostolicae
451 3077 536 3142 sedis
568 3078 656 3142 missi
686 3100 750 3142 non
781 3077 873 3162 dipnc
905 3077 1042 3162 suscepti
1072 3087 1155 3152 ment,

41 3185 125 3256 otqrse
147 3185 182 3238 ut
204 3175 352 3240 ἅιιιιιιιιι
374 3177 497 3240 retenti.
548 3173 641 3248 Quod
665 3197 729 3238 non
745 3197 808 3261 pro
833 3174 902 3238 alia
923 3185 1042 3259 pastum
1058 3184 1155 3259 putu-

41 3293 101 3332 nus
122 3295 165 3349 -re,
189 3273 254 3336 nisi
276 3283 311 3336 ιιι
333 3273 516 3358 inquirendi
539 3272 640 3336 locum
662 3272 702 3336 de
718 3273 914 3357 depositione
933 3271 1081 3358 praefati
1094 3273 1157 3334 oiri

41 3390 97 3432 raon
120 3371 304 3434 invenirent.
323 3419 331 3434 .
347 3419 355 3434 .
374 3419 382 3434 .
411 3369 531 3444 Quilms
555 3370 723 3436 secuudum
740 3371 848 3434 bomem
862 3369 1047 3434 relationem
1062 3368 1156 3453 lonpa

39 3465 136 3528 acilio
157 3479 186 3530 et
210 3468 379 3534 diuturnas
398 3468 617 3555 pediculorum
637 3470 846 3546 cornestiones,
871 3469 900 3531 si
922 3465 1033 3531 intuli
1055 3469 1155 3530 inten-

40 3563 118 3626 tione
138 3568 351 3650 persisterent,
375 3566 562 3652 quibusdam
584 3565 815 3644 nsmtiuntibus,
840 3565 922 3650 quod
939 3563 1008 3629 illis
1021 3588 1048 3628 ,ιι
1058 3564 1157 3632 nolis

40 3661 204 3750 injunctum
218 3664 300 3779 fpit,
324 3664 405 3728 elom
421 3662 508 3729 colis
523 3687 591 3728 mm
606 3662 789 3770 sequacibus
804 3664 914 3726 vestris
927 3661 1154 3741 resistentibus,

34 3760 176 3842 penicore
206 3764 333 3826 minime
360 3773 553 3848 potuerunt,
588 3773 645 3826 out
675 3748 904 3875 depositionem
935 3760 1013 3824 dicti
1035 3760 1156 3845 Ipnatii

41 3866 140 3920 utrum
161 3864 252 3948 justu
285 3885 328 3924 an
360 3863 482 3949 injusto
512 3861 663 3946 fisorit
650 3862 801 3924 cnvenire.
806 3857 832 3944 9)
885 3859 987 3923 Initio
1019 3857 1155 3944 quidem

38 3951 136 4038 legati
158 3959 354 4022 restiterunt.
391 3958 477 4022 Licet
492 3981 556 4022 nou
575 3959 669 4045 dipne
688 3981 744 4021 nec
766 3950 900 4044 lepitime
916 3957 1154 4034 decertaverint,

44 4107 246 4119 -—-—-—

110 4178 133 4246 ¹)
151 4177 231 4248 ausc
250 4181 299 4244 ι,
317 4178 408 4234 ause
426 4179 503 4236 v111.
522 4179 583 4232 ars.

110 4258 133 4324 ἰ
152 4257 232 4327 Eous.
250 4259 281 4313 e·
302 4259 337 4314 eo
355 4259 489 4315 Pronum.
526 4257 617 4314 nasse
637 4257 713 4314 vui.
736 4257 797 4310 sss.
