2926 4840
305 498 357 551 272
459 496 533 550 xvl.
570 495 673 550 Causae
691 493 809 550 celebres
826 499 855 550 et
874 494 1029 550 Decrstntes
1048 495 1271 552 Pseudolsidori.

297 639 428 726 judicia
463 639 665 724 reliquorum
700 640 949 723 episcoporum,
985 648 1019 702 et
1054 638 1179 724 majora
1210 641 1411 706 ecclesiarum
1460 699 1461 706 ,

301 739 434 821 negotia
470 736 588 818 (Clam.
618 735 678 817 28,
710 736 763 800 29.
793 733 906 820 steph.
935 734 990 821 9);
1025 734 1100 799 aliis
1136 739 1169 800 in
1205 738 1287 802 locis
1317 749 1412 803 autem
1460 771 1461 774 ¹

129 837 286 941 Dssdpgffflffl
301 835 357 922 (cl.
381 834 500 899 Anacl.
523 834 577 914 26,
602 832 655 898 28.
680 831 793 918 Steph.
821 831 875 918 10)
899 833 1049 911 additur,
1083 832 1174 898 illam
1199 839 1411 921 cognitionem
1460 867 1461 902 1

256 927 261 937 ’
300 935 349 996 eis
359 943 435 1018 post
449 932 551 996 sedern
565 929 782 1017 apostolicam,
797 941 855 994 aut
869 929 961 995 salva
977 931 1189 1017 Apostolicae
1204 932 1302 998 Sedis
1317 946 1412 998 aucto·

300 1033 396 1094 ritate
421 1037 617 1114 competere.
664 1027 780 1113 Itaque
805 1030 968 1114 episcopis
991 1032 1157 1094 accusatis
1189 1031 1357 1118 appellare
1377 1033 1412 1095 ad

263 1174 265 1176 -
300 1129 458 1213 primates
489 1135 548 1190 aut
578 1125 623 1190 ad
654 1124 850 1190 Pontificem
883 1126 1070 1190 Romanum
1104 1129 1313 1211 conceditur,
1350 1131 1413 1212 (cfr.
1460 1164 1461 1170 ι

301 1225 416 1289 Victor
439 1224 470 1290 6.
495 1225 578 1290 Sixt.
602 1223 646 1288 II.
672 1225 701 1287 1.
725 1223 793 1288 Jul.
820 1225 885 1307 12),
914 1246 932 1287 e
957 1227 1129 1289 contrairi
1154 1226 1276 1291 Felicis
1300 1227 1345 1292 II.
1371 1228 1413 1290 12.
1459 1263 1461 1296 1

301 1323 370 1388 XX
393 1323 594 1408 permittitur
616 1343 798 1406 provocare
821 1331 950 1386 tantum
973 1323 1017 1387 ed
1042 1323 1162 1388 Sedem
1186 1325 1413 1410 Apostolicem.
1460 1361 1461 1368 ι

303 1419 398 1500 Quae
422 1422 534 1485 omnin
557 1423 605 1484 sic
629 1422 782 1505 componi
807 1429 961 1505 possunt,
986 1432 1023 1483 ut
1046 1419 1194 1494 dicatur,
1227 1423 1415 1508 primatibus
1460 1475 1461 1497 2

298 1519 354 1602 jus
385 1520 612 1603 episcoporum
644 1539 819 1582 causarum
850 1515 1141 1602 dijudicandamrm
1172 1531 1340 1584 reservata
1364 1521 1414 1582 Ro-
1459 1597 1461 1605 .

303 1637 401 1679 mano
431 1616 585 1680 Pontifici
618 1615 781 1678 sententia
814 1615 995 1678 diffinitiva
1024 1628 1220 1701 competere.
1268 1618 1414 1681 Attamen

303 1715 338 1776 in
362 1713 499 1798 epistola
522 1713 538 1775 I
562 1713 688 1796 Pelagii
713 1713 746 1776 ΙΙ
770 1712 908 1797 legitur:
938 1713 982 1777 cd
1005 1735 1135 1799 qaorum
1159 1715 1243 1800 (scil.
1268 1715 1336 1779 XII
1361 1717 1415 1800 epi·

303 1833 477 1896 scaporum
509 1812 716 1897 provinciae)
742 1810 902 1898 judiciam
934 1833 1040 1876 omnes
1071 1835 1185 1877 causac
1209 1815 1415 1900 epiecoponaa
1460 1865 1461 1902 3

302 1919 331 1973 ct
362 1907 554 1993 reliquorum
587 1909 783 1972 sacerdotnm
819 1931 856 1971 oc
889 1911 1050 1972 ciuitatum
1086 1933 1200 1992 wirrae
1232 1912 1415 1990 referuntur,

302 2019 337 2070 at
360 2007 400 2070 ab
423 2009 471 2071 lm's
495 2007 636 2070 omnibns
659 2011 746 2096 jaste
770 2027 907 2069 consona
928 2029 1000 2070 voce
1024 2008 1260 2088 discernantur,
1293 2011 1360 2072 nisi
1380 2009 1417 2070 od
1460 2061 1461 2066 ,

303 2109 452 2194 mojorem
485 2107 702 2170 anctoritatem
739 2103 821 2190 (scil.
851 2104 1039 2190 primatem)
1068 2105 1175 2191 fuerit
1208 2108 1247 2171 nb
1284 2108 1332 2172 tir
1371 2109 1418 2191 qni
1460 2191 1461 2194 Ἴ

295 2203 471 2290 judicandi
499 2215 573 2267 sant
603 2202 817 2288 appellatum
847 2212 880 2266 et
902 2202 1230 2268 Pseudo-Damasus
1260 2205 1303 2290 (c.
1327 2205 1365 2270 8.
1388 2208 1416 2282 il)

304 2303 431 2363 statuit:
455 2301 620 2364 Discnterc
642 2324 775 2386 ιιαιιιᾳιιι
798 2301 960 2386 episcopos
984 2312 1013 2364 et
1037 2325 1224 2365 orimnorum
1239 2302 1416 2366 ecclesiasti·

303 2419 409 2461 coram
441 2423 554 2463 occisos
585 2399 778 2484 nepotioram
801 2399 1060 2483 metropolitanos
1093 2421 1162 2462 οιιιιι
1194 2399 1336 2463 omnibns
1359 2401 1418 2462 ruis
1460 2465 1461 2474 ¹

304 2494 626 2580 comprovincialibus,
651 2498 699 2560 ita
721 2507 756 2559 nt
778 2519 866 2559 nemo
891 2519 930 2559 en·
954 2498 999 2560 cis
1022 2498 1104 2560 desit
1128 2508 1157 2560 et
1181 2519 1284 2560 omnes
1306 2499 1342 2560 in
1363 2499 1417 2560 rin-

302 2593 445 2677 9nlornm
468 2594 655 2658 concordent
676 2595 825 2678 nopotit‘a,
851 2594 940 2674 ticon·
973 2596 1028 2658 sed
1051 2595 1180 2679 definire
1204 2618 1310 2658 eornm
1333 2605 1417 2678 αὶᾳιιι
1460 2583 1461 2658 J

304 2689 503 2756 ecclesiaram
532 2714 669 2756 samanae
698 2690 842 2776 querelor
866 2715 1032 2754 consciam
1063 2703 1154 2777 atqrce
1185 2693 1338 2756 damnare
1361 2693 1417 2778 cpi·
1460 2751 1461 2760 2

303 2811 412 2876 scopos
442 2790 556 2875 absque
585 2791 676 2877 hrp'rn
700 2800 827 2854 sanctae
852 2787 946 2854 Sedis
969 2791 1157 2854 anctoritate
1185 2791 1312 2854 minime
1335 2789 1419 2852 licet:

304 2909 397 2970 qaam
412 2910 516 2952 omnen
530 2889 697 2974 appellare
719 2888 749 2950 si
763 2909 885 2950 necesse
900 2887 1017 2973 licerit,
1042 2899 1071 2950 et
1087 2892 1154 2975 cpias
1168 2889 1287 2974 fnlciri
1300 2887 1417 2952 cnsilio
1460 2951 1461 2970 ἱ

304 2995 434 3069 oportet.
475 2985 667 3050 Secundum
691 3006 773 3069 quos
796 2977 885 3048 locos
908 2985 1066 3049 videntur
1089 2985 1333 3071 metropolitani
1348 3006 1418 3048 cnm

304 3084 468 3167 episcopis
492 3085 718 3166 suffraganeis,
744 3104 809 3146 non
833 3085 991 3167 primates
1009 3083 1178 3168 judicare3
1212 3107 1319 3169 neque
1347 3103 1417 3146 cum

304 3179 356 3244 his
381 3183 549 3263 convenit,
575 3181 664 3266 qnod
688 3181 871 3244 secundum
895 3179 963 3246 Jul.
991 3182 1030 3244 18
1055 3182 1223 3244 accuratio
1248 3191 1297 3244 est
1319 3181 1417 3244 discu-

304 3277 418 3342 tienda
441 3302 459 3341 ιι
479 3278 668 3363 judicibus,
694 3299 775 3364 quos
799 3281 869 3363 ipse
893 3289 1064 3342 accusator
1087 3278 1232 3362 elegerit,
1257 3288 1314 3342 aut
1336 3277 1417 3363 Apo·

305 3375 419 3439 stolioa
443 3376 545 3440 Sedes
576 3376 628 3440 rel
652 3378 809 3461 primates
834 3376 1069 3460 delegaverint.
1118 3375 1212 3454 Quae
1236 3378 1346 3440 ommia
1369 3375 1418 3438 de-

305 3483 393 3536 creta
417 3476 450 3536 in
476 3496 512 3536 eo
538 3485 665 3536 tantum
690 3475 910 3556 conveniunt,
943 3474 1031 3559 quod
1056 3475 1253 3537 sententiam
1279 3473 1418 3538 diffiniti·

306 3593 382 3634 vam
407 3571 554 3635 Romano
578 3571 732 3636 Pontifici
762 3583 949 3652 reservant,
979 3581 1123 3636 attamen
1155 3571 1196 3635 de
1227 3574 1371 3657 personis
1401 3592 1416 3630 ιι

305 3667 426 3754 quibus
454 3679 551 3733 antea
581 3671 747 3732 accusatio
780 3670 989 3734 discutienda
1012 3672 1070 3751 sit,
1104 3679 1172 3732 tam
1204 3669 1334 3732 diversa
1359 3677 1417 3730 sta·

304 3777 417 3847 tunnt,
452 3777 489 3829 ut
512 3767 662 3830 falsarius
687 3769 756 3850 ipse
788 3790 855 3831 non
878 3777 989 3852 posset
1018 3789 1083 3831 non
1109 3767 1307 3852 intelligere,
1340 3763 1416 3828 nihil

305 3863 421 3928 horum
446 3867 593 3927 omnium
619 3866 652 3926 in
669 3867 835 3948 vigentem
857 3863 1015 3928 ecclcsiae
1034 3863 1243 3948 disciplinam
1259 3861 1415 3927 introduci

305 3983 408 4046 posse.
455 3962 569 4047 Neque
595 3963 703 4025 minus
727 3964 852 4026 incerta
873 3963 912 4026 de
935 3962 1034 4026 relius
1057 3986 1076 4025 a
1093 3962 1234 4026 dirersis
1252 3957 1416 4047 judicibus

305 4060 486 4123 tractandis
510 4062 727 4143 excogitavit3
760 4083 844 4145 quac
869 4063 956 4124 enim
982 4071 1058 4124 sunt
1088 4061 1220 4144 negotia
1244 4059 1362 4144 majora
1387 4068 1415 4118 et

305 4180 424 4220 causae
448 4158 600 4221 difficiles
624 4182 643 4220 a
667 4157 873 4242 primatibua
898 4167 930 4220 ct
953 4158 1094 4241 majores
1117 4179 1236 4220 causae
1260 4165 1316 4221 aut
1337 4153 1415 4217 diffi-
1460 4211 1461 4214 ,

306 4253 434 4318 ciliores
467 4259 674 4340 quaestiones
706 4279 724 4319 a
758 4256 849 4341 Papa
882 4256 1064 4320 secundum
1097 4255 1249 4320 Anaclet.
1286 4255 1340 4334 16,
1376 4251 1413 4312 11
1460 4287 1461 4324 r
