2904 4834
292 503 346 560 380
609 501 696 558 XVII.
734 499 774 556 Dc
792 501 935 558 schismate
953 501 1096 558 Photiano.
1161 509 1168 526 '

294 656 326 710 et
341 645 527 725 Nicolaum,
552 645 699 730 speravit
722 665 759 710 eo
785 665 819 708 se
843 642 1074 728 deventurum,
1099 655 1135 709 ut
1157 645 1397 710 adsentantium

293 742 336 810 ab
360 745 431 829 ipso
455 742 556 807 latam
581 741 810 827 exequendam
833 741 1015 810 adduceret
1028 741 1275 829 Imperatorem.
1320 744 1398 808 Misit

293 842 394 924 igitur
416 840 459 906 ad
475 839 684 904 Ludovicam
710 849 742 902 et
757 838 1001 924 Engelbergam
1019 841 1273 930 imperatricem,
1298 839 1398 906 mulie·

291 960 361 1004 rem
378 940 594 1024 pecuniarum
611 936 778 1023 cupidam,
801 959 877 1002 cum
895 937 1065 1002 ditissimis
1081 937 1276 1004 muneribus
1288 937 1400 1024 legatos

292 1035 487 1102 Zachariam
502 1033 723 1100 Chalcedonis
739 1045 771 1098 et
782 1033 994 1100 Theodorum
1010 1035 1217 1102 Laodicacae
1231 1037 1400 1124 episcopos.

292 1133 394 1198 Gesta
423 1143 457 1197 ct
486 1133 619 1198 decreta
648 1132 906 1218 pseudo-synodi
935 1155 1014 1200 suae
1044 1155 1103 1220 per
1133 1133 1194 1199 hos
1217 1133 1399 1220 Imperatori

291 1231 474 1297 transmisit
497 1229 594 1296 simul
619 1251 694 1294 cum
718 1229 856 1315 epistola
879 1234 1065 1298 reverentia
1088 1231 1196 1319 plena,
1224 1235 1401 1318 quaedam

292 1327 518 1415 pollicebatur,
543 1351 577 1392 se
601 1329 795 1392 effectarum
820 1325 1123 1414 Constantinopoli,
1149 1339 1185 1394 ut
1208 1351 1321 1396 eorum
1344 1329 1400 1416 dig·

294 1429 379 1492 nitas
410 1425 590 1512 imperialis
623 1445 809 1511 nomenque
842 1439 1114 1510 agnoscerentur,
1147 1428 1174 1492 si
1197 1427 1402 1493 Nicolaume

293 1525 372 1590 sede
395 1523 565 1610 pontificia
588 1521 778 1610 expelleret.
793 1561 837 1570 —-
861 1523 926 1611 Spe
950 1533 1061 1590 tamen
1086 1547 1145 1590 sua
1168 1525 1341 1590 frustratas
1362 1538 1404 1590 est

294 1622 448 1704 Photius,
479 1641 556 1686 nam
580 1619 674 1684 brevi
699 1633 772 1706 post
795 1621 895 1707 legati
927 1622 998 1707 ejus
1022 1643 1041 1686 a
1065 1621 1188 1688 Basilio
1212 1623 1402 1710 Imperatore

293 1743 336 1784 ex
360 1721 477 1784 itinere
502 1719 647 1784 revocati
673 1729 759 1782 aunt.

132 1828 281 1872 mamaea
384 1819 435 1884 73.
468 1816 605 1880 Interim
629 1814 787 1881 Nicolans
809 1815 964 1882 Pontifex
994 1839 1062 1882 non
1086 1817 1230 1904 destitit,
1262 1820 1404 1906 quamvis

294 1913 542 1982 infirmitatibus
574 1912 726 1978 detentus
757 1925 843 1980 esset
872 1925 904 1979 et
926 1916 1016 1980 vitae
1047 1915 1105 1982 lini
1132 1917 1204 2004 jam
1232 1919 1403 2002 proximus,

294 2012 392 2077 rebus
416 2011 562 2078 Orientis
593 2033 690 2078 ouras
713 2035 788 2077 suas
822 2012 1024 2100 impendere.
1072 2013 1356 2080 Commemoratur
1376 2013 1405 2080 id

294 2113 329 2176 in
353 2109 542 2176 Annalibus
565 2109 768 2176 Bertinianis
791 2110 833 2176 ab
858 2109 1058 2194 Hincmaro,
1084 2113 1179 2198 cujus
1203 2112 1315 2179 clerici
1339 2133 1403 2176 cam

294 2206 431 2293 epistola
454 2207 704 2295 archiepiscopi,
729 2231 795 2295 qua
813 2210 925 2274 varias
945 2212 1173 2275 accusationes
1193 2213 1227 2274 in
1244 2232 1321 2276 eum
1333 2209 1405 2274 latas

294 2305 458 2388 diluebat,
492 2326 530 2371 eo
553 2317 701 2392 tempore
726 2307 862 2372 Romam
886 2319 1119 2394 pervenerunt.
1167 2307 1335 2374 Hincmari
1355 2307 1403 2370 cle·

293 2405 370 2483 rici,
401 2403 523 2470 dicitur
553 2403 649 2469 ada.
674 2404 758 2486 867,
795 2427 896 2470 merrae
920 2407 1059 2492 Aupusto
1084 2405 1217 2472 Romam
1248 2408 1404 2482 aeaa'eates,

296 2501 466 2566 Nicolaum
489 2501 613 2590 Papam
637 2506 709 2592 jam
741 2500 833 2568 valde
856 2503 1063 2587 infirmatam,
1097 2514 1127 2568 et
1157 2505 1199 2568 ia·
1221 2506 1404 2568 contemtione

294 2623 386 2686 quara
409 2609 519 2664 cmttra
538 2595 729 2664 Graecorum
752 2599 962 2687 Imperatores
985 2601 1171 2666 Michaeam
1195 2613 1225 2666 at
1246 2601 1405 2678 Raciliam,

293 2696 350 2762 sed
373 2708 402 2761 at
425 2707 536 2762 eontra
560 2697 730 2771 orientales
753 2699 917 2785 episcopos
938 2699 1088 2776 babebat,
1119 2721 1306 2788 mapmopere
1330 2698 1404 2762 labo·

294 2807 416 2860 raatem
438 2795 632 2860 invenerunt.
684 2793 888 2884 Quapropter
911 2819 1005 2884 usqae
1029 2797 1228 2862 culmensem
1256 2797 1405 2862 Octobrem

294 2891 409 2956 ibidem
422 2903 496 2957 sarit
511 2894 679 2958 immorati.
686 2892 712 2980 ¹)
728 2931 770 2940 -
785 2891 997 2980 Intelligebat
1012 2915 1091 2960 sana
1106 2893 1271 2976 Pontifex,
1286 2913 1404 2960 summa

293 2989 441 3076 pericula
455 3012 514 3076 per
529 2989 639 3055 Photii
655 2992 907 3078 perversitatem
922 2993 1094 3058 Imminere
1109 2993 1230 3058 unitati
1245 2991 1404 3058 Ecclesiae

294 3085 508 3154 occidentalis
541 3099 573 3152 et
601 3087 768 3156 orientalis
796 3089 997 3175 jamdudum
1029 3089 1264 3174 labefactatae,
1299 3091 1403 3176 suique

294 3186 440 3250 muneris
470 3188 614 3268 censuit,
649 3208 753 3272 usque
786 3186 828 3252 ad
852 3185 1006 3254 ultimum
1031 3189 1165 3274 spiritua
1197 3188 1336 3254 halitum
1358 3186 1403 3250 ob·

294 3285 386 3347 viare
416 3286 543 3350 ruinae.
591 3283 680 3349 Hinc
711 3307 753 3350 cx
777 3307 843 3350 aaa
867 3296 976 3372 parte,
1010 3287 1164 3372 quamvis
1188 3287 1247 3352 vix
1270 3287 1404 3350 fructum

293 3403 424 3468 sperare
448 3392 566 3468 posset,
591 3391 738 3446 extremo
763 3383 938 3448 conamine
962 3404 1084 3448 novam
1108 3381 1307 3470 legationem
1330 3381 1403 3448 Con·

294 3479 539 3566 stantinopolim
566 3479 755 3545 destinavit.
796 3481 919 3548 Statuit
943 3479 1109 3556 videlicet,
1134 3491 1171 3544 nt
1194 3479 1260 3546 duo
1285 3503 1325 3546 ex
1347 3479 1403 3566 epi-

294 3578 417 3662 scopis,
454 3577 510 3662 qui
541 3579 576 3642 in
600 3577 791 3662 Balgariam
823 3579 913 3643 missi
947 3590 1058 3658 erant,
1095 3577 1402 3664 Constantinopolim

293 3674 458 3760 proficisci
489 3686 669 3758 tentarent,
703 3674 833 3740 duobus
864 3675 938 3740 aliis
969 3677 1003 3740 in
1035 3675 1089 3740 illo
1114 3698 1216 3761 regno
1246 3695 1403 3740 remaneo-

294 3771 392 3837 tibus.
438 3774 526 3838 later
538 3773 613 3836 bace
627 3773 763 3858 quidem,
786 3772 901 3838 scribit
914 3773 1112 3839 Anastasius
1128 3775 1163 3839 in
1186 3773 1260 3840 Vita
1274 3771 1401 3850 Nicolai,

294 3871 406 3934 atatm‘t
429 3869 626 3936 beatiasimae
649 3871 747 3958 Papa
766 3920 773 3935 .
792 3920 799 3936 .
817 3920 824 3936 .
835 3921 846 3950 ,
877 3881 911 3936 at
928 3869 1173 3958 penetrantibus
1195 3872 1276 3959 ἰρείο
1297 3869 1401 3954 Bulpa·

295 3967 376 4030 riam
399 3969 563 4056 episcopia,
588 3968 710 4034 Paulas
723 3969 967 4056 Populonieasia
991 3971 1116 4056 ipseqae
1143 3968 1325 4034 Grimaldaa
1347 3967 1400 4052 epi·
1438 4035 1439 4046 ,

294 4066 383 4150 scopi
413 4068 448 4130 ia
479 4066 638 4151 Balparia
673 4065 827 4152 quidquid
865 4066 909 4130 acl
941 4065 1083 4130 dietam
1114 4068 1317 4132 ministeriam
1347 4084 1400 4150 pro
1438 4103 1439 4160 3

369 4271 388 4338 ι)
408 4269 491 4324 raaz
509 4270 544 4325 n.
565 4269 596 4323 a.
616 4269 636 4323 1.
656 4273 716 4326 aa.
