3002 4836
288 491 322 543 lo
634 487 674 542 De
691 487 796 542 haeresi
816 489 1046 545 Iconoelastarom.

286 653 352 698 non
386 633 588 719 quieverint,
622 632 685 695 nisi
718 639 892 716 postquam
924 633 1118 698 Pontificem
1152 636 1281 702 salvum
1306 649 1406 724 atque

286 751 438 794 securum
462 727 673 814 cernerent1).

378 847 429 910 10.
453 847 553 910 Brevi
587 855 660 930 post
701 844 744 931 (a.
781 845 860 932 095)
895 845 1104 911 lastinianus
1137 847 1173 912 Π
1211 871 1231 913 a
1265 850 1405 916 Leontio

287 945 424 1030 imperio
465 943 612 1030 dejectus
647 964 791 1029 nasoque
833 943 1016 1026 mutilatus,
1061 945 1149 1010 unde
1187 947 1406 1012 Rhinotmetac

287 1040 469 1128 appellatus
507 1052 573 1123 est,
612 1043 646 1104 in
683 1040 924 1105 Chersonesum
964 1041 1126 1126 relegatus
1167 1043 1238 1109 fuit.
1298 1045 1404 1109 Leon·

287 1142 352 1203 tius
375 1161 462 1203 anno
487 1139 551 1203 698
585 1151 617 1202 et
650 1141 720 1224 ipse
748 1139 791 1202 ab
816 1139 991 1203 Absimaro
1016 1139 1150 1204 Tiberio
1182 1141 1329 1227 dejectus
1358 1165 1408 1207 re-

286 1237 414 1322 legatus
448 1238 510 1301 fuit
540 1239 574 1300 in
603 1235 816 1303 Dalmatiam.
864 1237 929 1302 Sed
958 1259 1045 1301 anno
1085 1237 1148 1302 705
1182 1239 1406 1324 lustinianus,

287 1335 462 1399 Absimaro
495 1334 629 1398 Tiberio
663 1336 787 1416 occiso,
812 1337 988 1420 imperium
1013 1337 1230 1421 recuperavit.
1278 1337 1407 1403 Eodem

286 1455 374 1498 anno
398 1431 518 1497 Sedem
542 1431 766 1518 Apostolioam
797 1433 946 1496 aseendit
970 1433 1113 1498 Joonnas
1142 1433 1216 1512 VII,
1241 1455 1316 1498 cum
1341 1457 1408 1521 quo

286 1532 495 1596 lastinianus
519 1533 636 1594 iterum
663 1531 703 1594 de
729 1531 968 1616 approbatione
983 1553 1147 1594 canonum
1171 1531 1290 1615 synodi
1313 1533 1409 1598 'l'rul-

286 1629 382 1693 lanae
415 1631 491 1713 egit.
538 1627 631 1692 Illico
665 1639 700 1692 ut
726 1629 886 1714 palatium
919 1631 1077 1713 inprecatus
1109 1640 1172 1708 est,
1202 1629 1283 1695 dicit
1304 1631 1411 1697 Liber

287 1727 489 1791 Pontifioalis
513 1729 547 1790 in
573 1725 651 1790 Vita
678 1727 819 1791 loannis
843 1727 925 1808 VH,
944 1727 1171 1812 propriumque
1195 1728 1329 1815 adeptam
1352 1732 1410 1793 im-

282 1827 428 1912 parium,
453 1827 629 1912 Imperator·
653 1837 750 1888 tomos
774 1847 849 1910 quos
873 1835 968 1888 anteo
991 1823 1046 1888 ml
1070 1823 1182 1890 dommo
1198 1825 1306 1911 Serpit
1331 1851 1409 1914 opo-

289 1920 418 1986 stoliooe
441 1925 606 1986 memoriae
632 1922 778 2006 Pontifici
802 1923 934 1986 Romam
957 1921 1140 2001 diremerat,
1167 1924 1203 1988 ln
1226 1923 1336 2009 quidue
1360 1923 1410 1986 di-

290 2041 378 2083 cerso
401 2020 544 2106 capitula
567 2021 732 2083 Romanae
765 2017 910 2082 ecclesiae
943 2019 1105 2082 coatrom'o
1128 2021 1248 2107 compta
1270 2022 1410 2102 inerunt,

283 2141 346 2203 per
369 2117 447 2181 duos
470 2116 729 2202 metropolitanos
753 2117 914 2202 episcopos
942 2116 1164 2196 demandavit,
1189 2118 1328 2203 diripeos
1345 2141 1412 2204 per

290 2237 341 2279 cos
364 2225 393 2276 et
409 2213 554 2292 Sacram,
574 2237 635 2300 par
657 2235 751 2298 quam
774 2214 1007 2277 denominatim
1023 2214 1201 2298 Pontificem
1231 2217 1412 2304 conjuras-*it

290 2337 328 2376 oc
349 2313 492 2376 hortatus
527 2323 590 2388 est,
624 2321 658 2374 ut
681 2310 884 2398 Apostoliooe
920 2311 1066 2375 acclesiae
1099 2311 1263 2376 concillum
1286 2335 1413 2398 conpre-

287 2421 399 2494 poret,
423 2421 453 2473 et
476 2431 613 2494 quaeque
647 2411 677 2472 ci
698 2411 767 2472 rua
791 2419 892 2472 essent
919 2409 1095 2488 stabiliret,
1120 2421 1149 2472 et
1172 2433 1250 2497 quac
1274 2411 1413 2474 adverso

289 2508 446 2571 renuendo
477 2507 664 2571 secluderet.
713 2505 777 2570 Sed
805 2507 854 2570 lu'o
892 2508 1029 2570 lumoao
1051 2507 1236 2593 fiupllitote
1269 2507 1413 2586 timidos,

288 2609 341 2670 los
365 2627 560 2691 nequaquam
583 2616 681 2668 tomos
697 2605 874 2668 'emandans
890 2629 953 2691 por
985 2603 1170 2692 mmrasatos
1192 2601 1414 2690 metropolitae

289 2706 409 2768 climart
439 2705 483 2766 ad
506 2703 696 2789 principem.
746 2703 820 2784 Qua
844 2703 977 2788 quidem
1012 2705 1046 2766 in
1070 2723 1105 2766 re
1129 2711 1239 2766 utrum
1263 2701 1415 2767 loannes

290 2812 378 2866 metu
403 2801 522 2866 duetus
550 2802 669 2883 egerit,
695 2823 736 2864 an
770 2802 963 2864 oeconomia
987 2799 1130 2886 quadam
1153 2799 1323 2885 prudenti,
1349 2797 1414 2862 dif-

290 2898 376 2964 ficile
400 2907 448 2962 est
472 2897 664 2984 dijudicare.
714 2899 800 2963 Sane
825 2897 904 2962 dum
920 2900 1082 2980 integram
1107 2919 1270 2961 canonum
1296 2895 1415 2960 oollec—

290 3000 412 3060 tionem
441 2996 512 3082 jam
541 3018 561 3058 a
596 2993 871 3081 praecedentibus
895 2993 1112 3059 Pontificibus
1139 3015 1205 3058 non
1230 2995 1414 3059 admissam

290 3097 360 3158 sine
375 3115 529 3182 responso
545 3092 864 3177 Constantinopolim
879 3093 1022 3172 remisit,
1044 3093 1122 3156 satis
1137 3091 1294 3172 ostendit,
1310 3094 1415 3156 etiam

288 3193 331 3258 ab
356 3195 426 3280 ipso
451 3191 524 3256 illos
548 3213 691 3254 oenones
714 3209 780 3253 non
805 3189 1030 3275 comprobari3
1061 3191 1206 3276 prudens
1222 3189 1320 3254 'forto
1337 3211 1416 3254 oen-

289 3293 354 3356 suit
377 3311 465 3370 esse,
491 3289 700 3354 selectionem
724 3289 925 3372 propositam
950 3287 1040 3352 haud
1063 3289 1245 3352 instituere.

379 3409 432 3472 11.
457 3405 619 3470 Siainnius
650 3403 790 3470 Joannis
824 3403 889 3468 VII
922 3425 1091 3468 successor
1128 3404 1248 3487 viginti
1280 3412 1415 3467 tantum

290 3505 407 3569 diebus
421 3501 590 3568 Ecclesiae
614 3501 774 3588 praefuit,
799 3523 861 3564 nec
885 3502 1032 3587 quaestio
1057 3500 1098 3565 de
1114 3499 1296 3564 canonibus
1317 3499 1417 3564 Trul-

288 3604 373 3667 lanis
397 3601 458 3666 snb
483 3603 553 3688 ipso
578 3602 701 3684 agitata
725 3611 783 3666 est.
831 3599 995 3664 Successit
1024 3600 1053 3661 ei
1083 3597 1127 3686 (a.
1153 3597 1231 3680 705)
1259 3595 1415 3662 Constan-

291 3702 375 3766 tinus
398 3699 562 3765 Pontifex.
609 3699 707 3762 Anno
743 3698 806 3762 710
834 3697 1045 3763 Justinianus
1067 3695 1151 3782 Imp.
1186 3695 1286 3758 missd
1309 3691 1418 3757 Sacra

289 3797 483 3863 Pontificem
517 3798 692 3860 accersivit
723 3793 1062 3880 Constantinopolim,
1094 3793 1151 3857 ubi
1182 3814 1257 3855 eum
1282 3795 1416 3879 magnis

291 3917 366 3960 cum
390 3893 570 3959 honoribus
594 3895 727 3980 recepit.
775 3893 866 3973 Quid
891 3891 1128 3956 Constantinus
1141 3891 1233 3976 Papa
1251 3887 1414 3954 Constan-

366 4177 386 4246 ι)
405 4177 437 4230 V.
457 4177 576 4230 Anastas
612 4173 740 4232 Biblioth.
767 4175 794 4229 in
824 4175 884 4228 vita
901 4175 1006 4244 Sergii3
1035 4190 1077 4242 ap.
1098 4173 1227 4228 Wouters
1245 4171 1360 4230 Dissert.
1381 4175 1414 4229 Τ.

289 4257 342 4312 ΙΙΙ.
361 4257 432 4312 Diss.
451 4255 496 4312 LI.
516 4272 543 4310 n.
562 4256 609 4310 IV.
