<?xml version="1.0" encoding="UTF-8"?>
<!DOCTYPE html PUBLIC "-//W3C//DTD XHTML 1.0 Transitional//EN"
    "http://www.w3.org/TR/xhtml1/DTD/xhtml1-transitional.dtd">
<html xmlns="http://www.w3.org/1999/xhtml" xml:lang="en" lang="en">
 <head>
  <title>
</title>
<meta http-equiv="Content-Type" content="text/html;charset=utf-8" />
  <meta name='ocr-system' content='tesseract 3.04.00' />
  <meta name='ocr-capabilities' content='ocr_page ocr_carea ocr_par ocr_line ocrx_word'/>
</head>
<body>
  <div class='ocr_page' id='page_1' title='image "./dissertationess01junggoog_0258.png"; bbox 0 0 2926 4840; ppageno 0'>
   <div class='ocr_carea' id='block_1_1' title="bbox 449 439 1161 500">
    <p class='ocr_par' dir='ltr' id='par_1_1' title="bbox 449 439 1161 500">
     <span class='ocr_line' id='line_1_1' title="bbox 449 439 1161 500; baseline -0.003 -4"><span class='ocrx_word' id='word_1_1' title='bbox 449 439 489 496; x_wconf 86' lang='lat' dir='ltr'>De</span> <span class='ocrx_word' id='word_1_2' title='bbox 507 455 588 496; x_wconf 74' lang='lat' dir='ltr'>osma</span> <span class='ocrx_word' id='word_1_3' title='bbox 606 442 745 500; x_wconf 84' lang='lat' dir='ltr'>Rotbsdii.</span> <span class='ocrx_word' id='word_1_4' title='bbox 1108 440 1161 494; x_wconf 75' lang='lat'>247</span> 
     </span>
    </p>
   </div>
   <div class='ocr_carea' id='block_1_2' title="bbox 57 579 1163 1064">
    <p class='ocr_par' dir='ltr' id='par_1_2' title="bbox 57 579 1163 1064">
     <span class='ocr_line' id='line_1_2' title="bbox 58 579 1163 673; baseline 0.006 -32"><span class='ocrx_word' id='word_1_5' title='bbox 58 579 186 646; x_wconf 78' lang='lat' dir='ltr'>valorem</span> <span class='ocrx_word' id='word_1_6' title='bbox 208 584 391 668; x_wconf 82' lang='lat' dir='ltr'><strong>acquirere,</strong></span> <span class='ocrx_word' id='word_1_7' title='bbox 416 603 520 670; x_wconf 89' lang='lat' dir='ltr'>quum</span> <span class='ocrx_word' id='word_1_8' title='bbox 538 585 686 669; x_wconf 77' lang='lat' dir='ltr'><strong>synodus</strong></span> <span class='ocrx_word' id='word_1_9' title='bbox 703 588 933 673; x_wconf 83' lang='lat' dir='ltr'>episcoporum</span> <span class='ocrx_word' id='word_1_10' title='bbox 956 586 1088 650; x_wconf 88' lang='lat' dir='ltr'>nonnisi</span> <span class='ocrx_word' id='word_1_11' title='bbox 1104 607 1163 670; x_wconf 90' lang='lat' dir='ltr'>per</span> 
     </span>
     <span class='ocr_line' id='line_1_3' title="bbox 57 679 1162 771; baseline 0.006 -31"><span class='ocrx_word' id='word_1_12' title='bbox 57 679 281 764; x_wconf 84' lang='lat' dir='ltr'>metropolitam</span> <span class='ocrx_word' id='word_1_13' title='bbox 299 684 475 746; x_wconf 79' lang='lat' dir='ltr'>convocari</span> <span class='ocrx_word' id='word_1_14' title='bbox 497 692 530 746; x_wconf 91' lang='lat' dir='ltr'>et</span> <span class='ocrx_word' id='word_1_15' title='bbox 551 681 667 750; x_wconf 85' lang='lat' dir='ltr'>baberi</span> <span class='ocrx_word' id='word_1_16' title='bbox 682 683 822 771; x_wconf 86' lang='lat' dir='ltr'>lioeet.¹)</span> <span class='ocrx_word' id='word_1_17' title='bbox 858 682 1043 750; x_wconf 86' lang='lat' dir='ltr'>Rothadius</span> <span class='ocrx_word' id='word_1_18' title='bbox 1060 683 1162 748; x_wconf 85' lang='lat' dir='ltr'>Hine·</span> 
     </span>
     <span class='ocr_line' id='line_1_4' title="bbox 58 777 1162 866; baseline 0.005 -26"><span class='ocrx_word' id='word_1_19' title='bbox 58 777 126 840; x_wconf 77' lang='lat' dir='ltr'>nari</span> <span class='ocrx_word' id='word_1_20' title='bbox 148 779 330 844; x_wconf 76' lang='lat' dir='ltr'>sententiae</span> <span class='ocrx_word' id='word_1_21' title='bbox 352 779 537 865; x_wconf 79' lang='lat' dir='ltr'>refrsgstns</span> <span class='ocrx_word' id='word_1_22' title='bbox 560 790 625 863; x_wconf 85' lang='lat' dir='ltr'>est;</span> <span class='ocrx_word' id='word_1_23' title='bbox 649 780 704 847; x_wconf 90' lang='lat' dir='ltr'>ille</span> <span class='ocrx_word' id='word_1_24' title='bbox 728 803 807 848; x_wconf 84' lang='lat' dir='ltr'>vero</span> <span class='ocrx_word' id='word_1_25' title='bbox 831 805 862 846; x_wconf 86' lang='lat' dir='ltr'>s.</span> <span class='ocrx_word' id='word_1_26' title='bbox 886 781 948 846; x_wconf 87' lang='lat'>861</span> <span class='ocrx_word' id='word_1_27' title='bbox 976 782 1011 846; x_wconf 91' lang='lat' dir='ltr'>in</span> <span class='ocrx_word' id='word_1_28' title='bbox 1035 780 1162 866; x_wconf 88' lang='lat' dir='ltr'>synodo</span> 
     </span>
     <span class='ocr_line' id='line_1_5' title="bbox 57 875 1162 957; baseline 0.005 -19"><span class='ocrx_word' id='word_1_29' title='bbox 57 875 237 957; x_wconf 83' lang='lat' dir='ltr'>provinciali</span> <span class='ocrx_word' id='word_1_30' title='bbox 259 875 494 942; x_wconf 74' lang='lat' dir='ltr'>suessionibus</span> <span class='ocrx_word' id='word_1_31' title='bbox 517 876 633 944; x_wconf 83' lang='lat' dir='ltr'>habits</span> <span class='ocrx_word' id='word_1_32' title='bbox 646 880 849 947; x_wconf 85' lang='lat' dir='ltr'>Rothsdium</span> <span class='ocrx_word' id='word_1_33' title='bbox 873 889 909 944; x_wconf 90' lang='lat' dir='ltr'>ut</span> <span class='ocrx_word' id='word_1_34' title='bbox 932 880 1162 944; x_wconf 80' lang='lat' dir='ltr'>contumaciae</span> 
     </span>
     <span class='ocr_line' id='line_1_6' title="bbox 57 973 1088 1064; baseline 0.007 -29"><span class='ocrx_word' id='word_1_35' title='bbox 57 994 134 1037; x_wconf 87' lang='lat' dir='ltr'>reum</span> <span class='ocrx_word' id='word_1_36' title='bbox 155 973 337 1061; x_wconf 84' lang='lat' dir='ltr'>episeopuli</span> <span class='ocrx_word' id='word_1_37' title='bbox 361 978 594 1042; x_wconf 74' lang='lat' dir='ltr'>communione</span> <span class='ocrx_word' id='word_1_38' title='bbox 616 979 774 1064; x_wconf 83' lang='lat' dir='ltr'>privavit,</span> <span class='ocrx_word' id='word_1_39' title='bbox 799 978 905 1043; x_wconf 85' lang='lat' dir='ltr'>donee</span> <span class='ocrx_word' id='word_1_40' title='bbox 928 975 1088 1042; x_wconf 78' lang='lat' dir='ltr'><strong>obediret.</strong></span> 
     </span>
    </p>
   </div>
   <div class='ocr_carea' id='block_1_3' title="bbox 128 1090 1302 1178">
    <p class='ocr_par' dir='ltr' id='par_1_3' title="bbox 128 1090 1302 1178">
     <span class='ocr_line' id='line_1_7' title="bbox 128 1090 1302 1178; baseline 0.001 -23"><span class='ocrx_word' id='word_1_41' title='bbox 128 1091 180 1156; x_wconf 84' lang='lat'>33.</span> <span class='ocrx_word' id='word_1_42' title='bbox 213 1090 330 1172; x_wconf 81' lang='lat' dir='ltr'>Quum</span> <span class='ocrx_word' id='word_1_43' title='bbox 361 1090 464 1156; x_wconf 84' lang='lat' dir='ltr'>altero</span> <span class='ocrx_word' id='word_1_44' title='bbox 487 1115 574 1158; x_wconf 82' lang='lat' dir='ltr'>enno</span> <span class='ocrx_word' id='word_1_45' title='bbox 599 1093 826 1159; x_wconf 70' lang='lat' dir='ltr'>seruaretur</span> <span class='ocrx_word' id='word_1_46' title='bbox 852 1091 975 1159; x_wconf 79' lang='lat' dir='ltr'>Calvus</span> <span class='ocrx_word' id='word_1_47' title='bbox 1005 1114 1065 1158; x_wconf 81' lang='lat' dir='ltr'>rex</span> <span class='ocrx_word' id='word_1_48' title='bbox 1095 1091 1162 1178; x_wconf 85' lang='lat' dir='ltr'>pls·</span> <span class='ocrx_word' id='word_1_49' title='bbox 1278 1100 1302 1130; x_wconf 78' lang='lat'>⁰¹</span> 
     </span>
    </p>
   </div>
   <div class='ocr_carea' id='block_1_4' title="bbox 54 1189 1165 1964">
    <p class='ocr_par' dir='ltr' id='par_1_4' title="bbox 54 1189 1165 1964">
     <span class='ocr_line' id='line_1_8' title="bbox 55 1189 1163 1278; baseline 0.004 -28"><span class='ocrx_word' id='word_1_50' title='bbox 55 1189 142 1252; x_wconf 83' lang='lat' dir='ltr'>eitum</span> <span class='ocrx_word' id='word_1_51' title='bbox 171 1199 204 1252; x_wconf 87' lang='lat' dir='ltr'>et</span> <span class='ocrx_word' id='word_1_52' title='bbox 227 1189 395 1274; x_wconf 81' lang='lat' dir='ltr'>synodum</span> <span class='ocrx_word' id='word_1_53' title='bbox 425 1192 655 1278; x_wconf 82' lang='lat' dir='ltr'>episcoporum</span> <span class='ocrx_word' id='word_1_54' title='bbox 684 1199 900 1257; x_wconf 78' lang='lat' dir='ltr'>convocasset</span> <span class='ocrx_word' id='word_1_55' title='bbox 921 1191 1037 1275; x_wconf 89' lang='lat' dir='ltr'>Pistis,</span> <span class='ocrx_word' id='word_1_56' title='bbox 1070 1191 1163 1255; x_wconf 86' lang='lat' dir='ltr'>venit</span> 
     </span>
     <span class='ocr_line' id='line_1_9' title="bbox 54 1285 1161 1376; baseline 0.005 -29"><span class='ocrx_word' id='word_1_57' title='bbox 54 1285 139 1350; x_wconf 83' lang='lat' dir='ltr'>etiam</span> <span class='ocrx_word' id='word_1_58' title='bbox 161 1285 360 1352; x_wconf 79' lang='lat' dir='ltr'>liotbadius.</span> <span class='ocrx_word' id='word_1_59' title='bbox 408 1287 521 1369; x_wconf 81' lang='lat' dir='ltr'>Quum</span> <span class='ocrx_word' id='word_1_60' title='bbox 544 1309 623 1354; x_wconf 83' lang='lat' dir='ltr'>vero</span> <span class='ocrx_word' id='word_1_61' title='bbox 646 1289 851 1355; x_wconf 85' lang='lat' dir='ltr'>Hinomarus</span> <span class='ocrx_word' id='word_1_62' title='bbox 878 1298 911 1353; x_wconf 89' lang='lat' dir='ltr'>et</span> <span class='ocrx_word' id='word_1_63' title='bbox 934 1289 1081 1376; x_wconf 81' lang='lat' dir='ltr'>episcopi</span> <span class='ocrx_word' id='word_1_64' title='bbox 1105 1289 1161 1374; x_wconf 90' lang='lat' dir='ltr'>qui</span> 
     </span>
     <span class='ocr_line' id='line_1_10' title="bbox 54 1383 1163 1474; baseline 0.005 -29"><span class='ocrx_word' id='word_1_65' title='bbox 54 1404 89 1446; x_wconf 82' lang='lat' dir='ltr'>en</span> <span class='ocrx_word' id='word_1_66' title='bbox 109 1395 196 1468; x_wconf 79' lang='lat' dir='ltr'>perte</span> <span class='ocrx_word' id='word_1_67' title='bbox 231 1387 339 1471; x_wconf 86' lang='lat' dir='ltr'>ipsius</span> <span class='ocrx_word' id='word_1_68' title='bbox 361 1383 510 1468; x_wconf 81' lang='lat' dir='ltr'>stabant,</span> <span class='ocrx_word' id='word_1_69' title='bbox 543 1408 619 1452; x_wconf 90' lang='lat' dir='ltr'>eum</span> <span class='ocrx_word' id='word_1_70' title='bbox 642 1387 686 1452; x_wconf 87' lang='lat' dir='ltr'>sd</span> <span class='ocrx_word' id='word_1_71' title='bbox 709 1389 874 1474; x_wconf 84' lang='lat' dir='ltr'>synodum</span> <span class='ocrx_word' id='word_1_72' title='bbox 898 1386 1073 1452; x_wconf 83' lang='lat' dir='ltr'>admittere</span> <span class='ocrx_word' id='word_1_73' title='bbox 1095 1385 1163 1451; x_wconf 90' lang='lat' dir='ltr'>nol·</span> 
     </span>
     <span class='ocr_line' id='line_1_11' title="bbox 55 1477 1164 1572; baseline 0.004 -29"><span class='ocrx_word' id='word_1_74' title='bbox 55 1477 127 1562; x_wconf 83' lang='lat' dir='ltr'>lent,</span> <span class='ocrx_word' id='word_1_75' title='bbox 158 1484 227 1548; x_wconf 91' lang='lat' dir='ltr'>imo</span> <span class='ocrx_word' id='word_1_76' title='bbox 263 1493 401 1568; x_wconf 87' lang='lat' dir='ltr'>urgente</span> <span class='ocrx_word' id='word_1_77' title='bbox 423 1483 607 1550; x_wconf 86' lang='lat' dir='ltr'>Hinomaro</span> <span class='ocrx_word' id='word_1_78' title='bbox 640 1507 693 1550; x_wconf 83' lang='lat' dir='ltr'>res</span> <span class='ocrx_word' id='word_1_79' title='bbox 716 1487 751 1550; x_wconf 95' lang='lat' dir='ltr'>in</span> <span class='ocrx_word' id='word_1_80' title='bbox 775 1507 813 1550; x_wconf 88' lang='lat' dir='ltr'>eo</span> <span class='ocrx_word' id='word_1_81' title='bbox 841 1487 912 1572; x_wconf 88' lang='lat' dir='ltr'>jsm</span> <span class='ocrx_word' id='word_1_82' title='bbox 946 1494 1049 1566; x_wconf 86' lang='lat' dir='ltr'>esset,</span> <span class='ocrx_word' id='word_1_83' title='bbox 1085 1492 1164 1548; x_wconf 86' lang='lat' dir='ltr'>uta</span> 
     </span>
     <span class='ocr_line' id='line_1_12' title="bbox 54 1573 1165 1670; baseline 0.004 -29"><span class='ocrx_word' id='word_1_84' title='bbox 54 1579 166 1662; x_wconf 85' lang='lat' dir='ltr'>synodo</span> <span class='ocrx_word' id='word_1_85' title='bbox 189 1573 430 1667; x_wconf 85' lang='lat' dir='ltr'>deponeretur,</span> <span class='ocrx_word' id='word_1_86' title='bbox 458 1581 643 1647; x_wconf 88' lang='lat' dir='ltr'>Rothadius</span> <span class='ocrx_word' id='word_1_87' title='bbox 666 1582 849 1670; x_wconf 83' lang='lat' dir='ltr'>appellavit</span> <span class='ocrx_word' id='word_1_88' title='bbox 870 1583 1058 1648; x_wconf 81' lang='lat' dir='ltr'>Romanum</span> <span class='ocrx_word' id='word_1_89' title='bbox 1081 1582 1165 1646; x_wconf 92' lang='lat' dir='ltr'>Pon·</span> 
     </span>
     <span class='ocr_line' id='line_1_13' title="bbox 56 1675 1165 1764; baseline 0.004 -25"><span class='ocrx_word' id='word_1_90' title='bbox 56 1675 178 1759; x_wconf 74' lang='lat' dir='ltr'>tieem,</span> <span class='ocrx_word' id='word_1_91' title='bbox 210 1678 495 1764; x_wconf 76' lang='lat' dir='ltr'>quomadmodum</span> <span class='ocrx_word' id='word_1_92' title='bbox 519 1680 554 1746; x_wconf 94' lang='lat' dir='ltr'>id</span> <span class='ocrx_word' id='word_1_93' title='bbox 578 1680 762 1747; x_wconf 86' lang='lat' dir='ltr'>seeundum</span> <span class='ocrx_word' id='word_1_94' title='bbox 786 1703 929 1746; x_wconf 82' lang='lat' dir='ltr'>canones</span> <span class='ocrx_word' id='word_1_95' title='bbox 952 1680 1165 1747; x_wconf 87' lang='lat' dir='ltr'>Sardioenses</span> 
     </span>
     <span class='ocr_line' id='line_1_14' title="bbox 57 1775 1164 1863; baseline 0.003 -24"><span class='ocrx_word' id='word_1_96' title='bbox 57 1785 175 1858; x_wconf 87' lang='lat' dir='ltr'>poterat.</span> <span class='ocrx_word' id='word_1_97' title='bbox 224 1775 416 1863; x_wconf 72' lang='lat' dir='ltr'>Appellatio</span> <span class='ocrx_word' id='word_1_98' title='bbox 449 1800 470 1841; x_wconf 84' lang='lat' dir='ltr'>s</span> <span class='ocrx_word' id='word_1_99' title='bbox 502 1777 629 1862; x_wconf 85' lang='lat' dir='ltr'>synodo</span> <span class='ocrx_word' id='word_1_100' title='bbox 662 1778 807 1844; x_wconf 82' lang='lat' dir='ltr'>admissa</span> <span class='ocrx_word' id='word_1_101' title='bbox 840 1787 905 1861; x_wconf 88' lang='lat' dir='ltr'>est,</span> <span class='ocrx_word' id='word_1_102' title='bbox 937 1800 978 1843; x_wconf 84' lang='lat' dir='ltr'>so</span> <span class='ocrx_word' id='word_1_103' title='bbox 1000 1776 1164 1842; x_wconf 86' lang='lat' dir='ltr'>Rothsdio</span> 
     </span>
     <span class='ocr_line' id='line_1_15' title="bbox 55 1874 1165 1964; baseline 0.002 -27"><span class='ocrx_word' id='word_1_104' title='bbox 55 1874 199 1938; x_wconf 82' lang='lat' dir='ltr'>terminus</span> <span class='ocrx_word' id='word_1_105' title='bbox 224 1883 385 1957; x_wconf 82' lang='lat' dir='ltr'>statutus,</span> <span class='ocrx_word' id='word_1_106' title='bbox 409 1896 475 1963; x_wconf 91' lang='lat' dir='ltr'>quo</span> <span class='ocrx_word' id='word_1_107' title='bbox 498 1876 639 1940; x_wconf 81' lang='lat' dir='ltr'>Romam</span> <span class='ocrx_word' id='word_1_108' title='bbox 662 1877 935 1964; x_wconf 81' lang='lat' dir='ltr'>proficisceretur.</span> <span class='ocrx_word' id='word_1_109' title='bbox 981 1875 1165 1942; x_wconf 83' lang='lat' dir='ltr'>Rothsdius</span> 
     </span>
    </p>
   </div>
   <div class='ocr_carea' id='block_1_5' title="bbox 55 1962 1232 2060">
    <p class='ocr_par' dir='ltr' id='par_1_5' title="bbox 55 1962 1232 2060">
     <span class='ocr_line' id='line_1_16' title="bbox 55 1962 1232 2060; baseline 0.005 -30"><span class='ocrx_word' id='word_1_110' title='bbox 55 1971 166 2051; x_wconf 85' lang='lat' dir='ltr'>synodo</span> <span class='ocrx_word' id='word_1_111' title='bbox 203 1970 322 2037; x_wconf 86' lang='lat' dir='ltr'>reliots</span> <span class='ocrx_word' id='word_1_112' title='bbox 354 1971 547 2038; x_wconf 87' lang='lat' dir='ltr'>Suessiones</span> <span class='ocrx_word' id='word_1_113' title='bbox 585 1995 751 2059; x_wconf 81' lang='lat' dir='ltr'>regressus</span> <span class='ocrx_word' id='word_1_114' title='bbox 783 1983 851 2056; x_wconf 88' lang='lat' dir='ltr'>est,</span> <span class='ocrx_word' id='word_1_115' title='bbox 886 1975 1030 2060; x_wconf 91' lang='lat' dir='ltr'>indeque</span> <span class='ocrx_word' id='word_1_116' title='bbox 1062 1994 1165 2060; x_wconf 91' lang='lat' dir='ltr'>quum</span> <span class='ocrx_word' id='word_1_117' title='bbox 1227 1962 1232 1972; x_wconf 69' lang='grc'>’</span> 
     </span>
    </p>
   </div>
   <div class='ocr_carea' id='block_1_6' title="bbox 55 2069 1167 3137">
    <p class='ocr_par' dir='ltr' id='par_1_6' title="bbox 55 2069 1167 3137">
     <span class='ocr_line' id='line_1_17' title="bbox 56 2069 1165 2160; baseline 0.004 -28"><span class='ocrx_word' id='word_1_118' title='bbox 56 2069 135 2132; x_wconf 72' lang='lat' dir='ltr'>turia</span> <span class='ocrx_word' id='word_1_119' title='bbox 156 2091 217 2155; x_wconf 94' lang='lat' dir='ltr'>pro</span> <span class='ocrx_word' id='word_1_120' title='bbox 242 2070 354 2135; x_wconf 78' lang='lat' dir='ltr'>futuro</span> <span class='ocrx_word' id='word_1_121' title='bbox 379 2072 498 2137; x_wconf 88' lang='lat' dir='ltr'>itinere</span> <span class='ocrx_word' id='word_1_122' title='bbox 522 2071 721 2157; x_wconf 78' lang='lat' dir='ltr'>disponeret,</span> <span class='ocrx_word' id='word_1_123' title='bbox 746 2072 917 2158; x_wconf 80' lang='lat' dir='ltr'>epistolem</span> <span class='ocrx_word' id='word_1_124' title='bbox 941 2093 1073 2160; x_wconf 89' lang='lat' dir='ltr'>quoque</span> <span class='ocrx_word' id='word_1_125' title='bbox 1089 2072 1165 2136; x_wconf 89' lang='lat' dir='ltr'>sori-</span> 
     </span>
     <span class='ocr_line' id='line_1_18' title="bbox 56 2166 1165 2256; baseline 0.003 -27"><span class='ocrx_word' id='word_1_126' title='bbox 56 2168 110 2248; x_wconf 83' lang='lat' dir='ltr'>psit</span> <span class='ocrx_word' id='word_1_127' title='bbox 129 2167 171 2232; x_wconf 77' lang='lat' dir='ltr'>sd</span> <span class='ocrx_word' id='word_1_128' title='bbox 194 2170 391 2254; x_wconf 78' lang='lat' dir='ltr'>episcopum</span> <span class='ocrx_word' id='word_1_129' title='bbox 417 2168 595 2255; x_wconf 86' lang='lat' dir='ltr'>quemdum</span> <span class='ocrx_word' id='word_1_130' title='bbox 618 2171 782 2252; x_wconf 76' lang='lat' dir='ltr'>amioum,</span> <span class='ocrx_word' id='word_1_131' title='bbox 815 2191 914 2256; x_wconf 89' lang='lat' dir='ltr'>quem</span> <span class='ocrx_word' id='word_1_132' title='bbox 937 2168 1047 2235; x_wconf 85' lang='lat' dir='ltr'>adbuc</span> <span class='ocrx_word' id='word_1_133' title='bbox 1070 2166 1165 2234; x_wconf 84' lang='lat' dir='ltr'>Sues·</span> 
     </span>
     <span class='ocr_line' id='line_1_19' title="bbox 56 2265 1166 2356; baseline 0.004 -30"><span class='ocrx_word' id='word_1_134' title='bbox 56 2265 189 2330; x_wconf 83' lang='lat' dir='ltr'>sionibus</span> <span class='ocrx_word' id='word_1_135' title='bbox 213 2269 251 2332; x_wconf 88' lang='lat' dir='ltr'>in</span> <span class='ocrx_word' id='word_1_136' title='bbox 274 2266 401 2352; x_wconf 89' lang='lat' dir='ltr'>synodo</span> <span class='ocrx_word' id='word_1_137' title='bbox 425 2266 542 2332; x_wconf 81' lang='lat' dir='ltr'>edesse</span> <span class='ocrx_word' id='word_1_138' title='bbox 565 2266 783 2356; x_wconf 83' lang='lat' dir='ltr'>supponebat.</span> <span class='ocrx_word' id='word_1_139' title='bbox 821 2266 970 2349; x_wconf 80' lang='lat' dir='ltr'>Petebat,</span> <span class='ocrx_word' id='word_1_140' title='bbox 995 2276 1032 2330; x_wconf 90' lang='lat' dir='ltr'>ut</span> <span class='ocrx_word' id='word_1_141' title='bbox 1049 2268 1119 2351; x_wconf 89' lang='lat' dir='ltr'>ipse</span> <span class='ocrx_word' id='word_1_142' title='bbox 1134 2273 1166 2330; x_wconf 87' lang='lat' dir='ltr'>et</span> 
     </span>
     <span class='ocr_line' id='line_1_20' title="bbox 55 2360 1166 2452; baseline 0.005 -29"><span class='ocrx_word' id='word_1_143' title='bbox 55 2360 101 2426; x_wconf 80' lang='lat' dir='ltr'>elii</span> <span class='ocrx_word' id='word_1_144' title='bbox 121 2365 221 2429; x_wconf 83' lang='lat' dir='ltr'>amici</span> <span class='ocrx_word' id='word_1_145' title='bbox 247 2365 320 2452; x_wconf 88' lang='lat' dir='ltr'>ejus</span> <span class='ocrx_word' id='word_1_146' title='bbox 343 2386 478 2430; x_wconf 75' lang='lat' dir='ltr'>oausam</span> <span class='ocrx_word' id='word_1_147' title='bbox 502 2386 594 2430; x_wconf 86' lang='lat' dir='ltr'>suam</span> <span class='ocrx_word' id='word_1_148' title='bbox 620 2375 735 2430; x_wconf 84' lang='lat' dir='ltr'>eontra</span> <span class='ocrx_word' id='word_1_149' title='bbox 757 2366 966 2431; x_wconf 83' lang='lat' dir='ltr'>adversarios</span> <span class='ocrx_word' id='word_1_150' title='bbox 981 2384 1166 2450; x_wconf 82' lang='lat' dir='ltr'>propugna-</span> 
     </span>
     <span class='ocr_line' id='line_1_21' title="bbox 56 2461 1166 2548; baseline 0.003 -25"><span class='ocrx_word' id='word_1_151' title='bbox 56 2469 125 2525; x_wconf 82' lang='lat' dir='ltr'>rent</span> <span class='ocrx_word' id='word_1_152' title='bbox 169 2462 267 2526; x_wconf 81' lang='lat' dir='ltr'>Haeo</span> <span class='ocrx_word' id='word_1_153' title='bbox 291 2461 430 2548; x_wconf 80' lang='lat' dir='ltr'>epistole</span> <span class='ocrx_word' id='word_1_154' title='bbox 453 2461 574 2527; x_wconf 83' lang='lat' dir='ltr'>incidit</span> <span class='ocrx_word' id='word_1_155' title='bbox 596 2463 631 2527; x_wconf 91' lang='lat' dir='ltr'>in</span> <span class='ocrx_word' id='word_1_156' title='bbox 655 2485 772 2528; x_wconf 82' lang='lat' dir='ltr'>monus</span> <span class='ocrx_word' id='word_1_157' title='bbox 794 2462 986 2544; x_wconf 83' lang='lat' dir='ltr'>Hinomsri,</span> <span class='ocrx_word' id='word_1_158' title='bbox 1012 2463 1068 2548; x_wconf 91' lang='lat' dir='ltr'>qui</span> <span class='ocrx_word' id='word_1_159' title='bbox 1086 2481 1166 2526; x_wconf 85' lang='lat' dir='ltr'>eam</span> 
     </span>
     <span class='ocr_line' id='line_1_22' title="bbox 57 2558 1167 2645; baseline 0.005 -27"><span class='ocrx_word' id='word_1_160' title='bbox 57 2558 168 2639; x_wconf 89' lang='lat' dir='ltr'>synodo</span> <span class='ocrx_word' id='word_1_161' title='bbox 199 2561 481 2642; x_wconf 79' lang='lat' dir='ltr'>communicavit,</span> <span class='ocrx_word' id='word_1_162' title='bbox 513 2569 611 2624; x_wconf 86' lang='lat' dir='ltr'>etex</span> <span class='ocrx_word' id='word_1_163' title='bbox 640 2561 757 2626; x_wconf 87' lang='lat' dir='ltr'>eadem</span> <span class='ocrx_word' id='word_1_164' title='bbox 780 2568 1012 2645; x_wconf 83' lang='lat' dir='ltr'>argumentum</span> <span class='ocrx_word' id='word_1_165' title='bbox 1036 2559 1167 2644; x_wconf 83' lang='lat' dir='ltr'>collegit</span> 
     </span>
     <span class='ocr_line' id='line_1_23' title="bbox 58 2655 1166 2744; baseline 0.003 -25"><span class='ocrx_word' id='word_1_166' title='bbox 58 2655 100 2720; x_wconf 80' lang='lat' dir='ltr'>vel</span> <span class='ocrx_word' id='word_1_167' title='bbox 121 2669 341 2743; x_wconf 83' lang='lat' dir='ltr'>praetextum,</span> <span class='ocrx_word' id='word_1_168' title='bbox 365 2657 568 2724; x_wconf 84' lang='lat' dir='ltr'>Rothsdium</span> <span class='ocrx_word' id='word_1_169' title='bbox 584 2661 774 2724; x_wconf 83' lang='lat' dir='ltr'>renuntiare</span> <span class='ocrx_word' id='word_1_170' title='bbox 788 2657 1002 2744; x_wconf 71' lang='lat' dir='ltr'>appellationi</span> <span class='ocrx_word' id='word_1_171' title='bbox 1022 2667 1055 2722; x_wconf 90' lang='lat' dir='ltr'>et</span> <span class='ocrx_word' id='word_1_172' title='bbox 1070 2656 1166 2740; x_wconf 87' lang='lat' dir='ltr'>velle,</span> 
     </span>
     <span class='ocr_line' id='line_1_24' title="bbox 58 2753 1166 2846; baseline 0.005 -32"><span class='ocrx_word' id='word_1_173' title='bbox 58 2765 87 2815; x_wconf 87' lang='lat' dir='ltr'>ot</span> <span class='ocrx_word' id='word_1_174' title='bbox 107 2777 204 2821; x_wconf 83' lang='lat' dir='ltr'>eausa</span> <span class='ocrx_word' id='word_1_175' title='bbox 228 2758 334 2842; x_wconf 89' lang='lat' dir='ltr'>ipsius</span> <span class='ocrx_word' id='word_1_176' title='bbox 356 2777 416 2844; x_wconf 89' lang='lat' dir='ltr'>per</span> <span class='ocrx_word' id='word_1_177' title='bbox 439 2755 552 2821; x_wconf 78' lang='lat' dir='ltr'>eleetos</span> <span class='ocrx_word' id='word_1_178' title='bbox 566 2757 694 2846; x_wconf 78' lang='lat' dir='ltr'>judiees</span> <span class='ocrx_word' id='word_1_179' title='bbox 716 2756 936 2822; x_wconf 88' lang='lat' dir='ltr'>dirimeretur.</span> <span class='ocrx_word' id='word_1_180' title='bbox 982 2753 1166 2820; x_wconf 83' lang='lat' dir='ltr'>Rothsdius</span> 
     </span>
     <span class='ocr_line' id='line_1_25' title="bbox 58 2851 1167 2941; baseline -0.005 -20"><span class='ocrx_word' id='word_1_181' title='bbox 58 2863 156 2934; x_wconf 83' lang='lat' dir='ltr'>postes</span> <span class='ocrx_word' id='word_1_182' title='bbox 188 2855 325 2920; x_wconf 90' lang='lat' dir='ltr'>omnino</span> <span class='ocrx_word' id='word_1_183' title='bbox 362 2855 518 2939; x_wconf 82' lang='lat' dir='ltr'>negavit,</span> <span class='ocrx_word' id='word_1_184' title='bbox 553 2853 641 2919; x_wconf 87' lang='lat' dir='ltr'>hano</span> <span class='ocrx_word' id='word_1_185' title='bbox 673 2854 744 2941; x_wconf 87' lang='lat' dir='ltr'>ejus</span> <span class='ocrx_word' id='word_1_186' title='bbox 776 2864 922 2920; x_wconf 87' lang='lat' dir='ltr'>montem</span> <span class='ocrx_word' id='word_1_187' title='bbox 953 2853 1072 2934; x_wconf 78' lang='lat' dir='ltr'>fuisse3</span> <span class='ocrx_word' id='word_1_188' title='bbox 1107 2851 1167 2916; x_wconf 88' lang='lat' dir='ltr'>sed</span> 
     </span>
     <span class='ocr_line' id='line_1_26' title="bbox 59 2949 1166 3039; baseline 0.002 -27"><span class='ocrx_word' id='word_1_189' title='bbox 59 2952 149 3036; x_wconf 82' lang='lat' dir='ltr'>nsjor</span> <span class='ocrx_word' id='word_1_190' title='bbox 170 2975 249 3039; x_wconf 77' lang='lat' dir='ltr'>pars</span> <span class='ocrx_word' id='word_1_191' title='bbox 272 2955 504 3039; x_wconf 76' lang='lat' dir='ltr'>episcoporum</span> <span class='ocrx_word' id='word_1_192' title='bbox 528 2963 561 3018; x_wconf 88' lang='lat' dir='ltr'>et</span> <span class='ocrx_word' id='word_1_193' title='bbox 584 2951 722 3018; x_wconf 77' lang='lat' dir='ltr'>Carolus</span> <span class='ocrx_word' id='word_1_194' title='bbox 738 2951 863 3017; x_wconf 80' lang='lat' dir='ltr'>Calvus</span> <span class='ocrx_word' id='word_1_195' title='bbox 886 2973 946 3015; x_wconf 87' lang='lat' dir='ltr'>rex</span> <span class='ocrx_word' id='word_1_196' title='bbox 969 2949 1166 3014; x_wconf 87' lang='lat' dir='ltr'>sententiam</span> 
     </span>
     <span class='ocr_line' id='line_1_27' title="bbox 58 3045 613 3137; baseline 0.011 -29"><span class='ocrx_word' id='word_1_197' title='bbox 58 3045 135 3114; x_wconf 80' lang='lat' dir='ltr'>illurn</span> <span class='ocrx_word' id='word_1_198' title='bbox 157 3051 334 3116; x_wconf 83' lang='lat' dir='ltr'>Hinomari</span> <span class='ocrx_word' id='word_1_199' title='bbox 356 3049 503 3137; x_wconf 75' lang='lat' dir='ltr'>amplexi</span> <span class='ocrx_word' id='word_1_200' title='bbox 526 3059 613 3115; x_wconf 85' lang='lat' dir='ltr'>sunt.</span> 
     </span>
    </p>
   </div>
   <div class='ocr_carea' id='block_1_7' title="bbox 60 3169 1168 3652">
    <p class='ocr_par' dir='ltr' id='par_1_7' title="bbox 60 3169 1168 3652">
     <span class='ocr_line' id='line_1_28' title="bbox 133 3169 1165 3260; baseline -0.006 -21"><span class='ocrx_word' id='word_1_201' title='bbox 133 3175 186 3241; x_wconf 84' lang='lat'>34.</span> <span class='ocrx_word' id='word_1_202' title='bbox 220 3175 334 3256; x_wconf 82' lang='lat' dir='ltr'>Quum</span> <span class='ocrx_word' id='word_1_203' title='bbox 358 3177 460 3260; x_wconf 84' lang='lat' dir='ltr'>igitur</span> <span class='ocrx_word' id='word_1_204' title='bbox 482 3185 630 3259; x_wconf 88' lang='lat' dir='ltr'>tempore</span> <span class='ocrx_word' id='word_1_205' title='bbox 653 3172 858 3237; x_wconf 84' lang='lat' dir='ltr'>suetumnali</span> <span class='ocrx_word' id='word_1_206' title='bbox 883 3171 971 3237; x_wconf 88' lang='lat' dir='ltr'>illius</span> <span class='ocrx_word' id='word_1_207' title='bbox 993 3171 1073 3236; x_wconf 90' lang='lat' dir='ltr'>anni</span> <span class='ocrx_word' id='word_1_208' title='bbox 1100 3169 1165 3234; x_wconf 81' lang='lat'>862</span> 
     </span>
     <span class='ocr_line' id='line_1_29' title="bbox 60 3269 1166 3355; baseline -0.002 -21"><span class='ocrx_word' id='word_1_209' title='bbox 60 3291 109 3354; x_wconf 88' lang='lat' dir='ltr'>per</span> <span class='ocrx_word' id='word_1_210' title='bbox 122 3269 276 3338; x_wconf 83' lang='lat' dir='ltr'>Carolum</span> <span class='ocrx_word' id='word_1_211' title='bbox 297 3271 438 3338; x_wconf 76' lang='lat' dir='ltr'>Calvum</span> <span class='ocrx_word' id='word_1_212' title='bbox 461 3272 561 3337; x_wconf 87' lang='lat' dir='ltr'>Pistis</span> <span class='ocrx_word' id='word_1_213' title='bbox 584 3269 743 3335; x_wconf 85' lang='lat' dir='ltr'>translate</span> <span class='ocrx_word' id='word_1_214' title='bbox 766 3280 850 3334; x_wconf 88' lang='lat' dir='ltr'>esset</span> <span class='ocrx_word' id='word_1_215' title='bbox 873 3269 1020 3355; x_wconf 86' lang='lat' dir='ltr'>synodus</span> <span class='ocrx_word' id='word_1_216' title='bbox 1044 3269 1166 3354; x_wconf 87' lang='lat' dir='ltr'>episeo-</span> 
     </span>
     <span class='ocr_line' id='line_1_30' title="bbox 61 3366 1166 3452; baseline -0.003 -18"><span class='ocrx_word' id='word_1_217' title='bbox 61 3388 163 3450; x_wconf 86' lang='lat' dir='ltr'>porum</span> <span class='ocrx_word' id='word_1_218' title='bbox 187 3373 221 3435; x_wconf 93' lang='lat' dir='ltr'>in</span> <span class='ocrx_word' id='word_1_219' title='bbox 245 3369 444 3436; x_wconf 87' lang='lat' dir='ltr'>suburbium</span> <span class='ocrx_word' id='word_1_220' title='bbox 469 3370 613 3434; x_wconf 79' lang='lat' dir='ltr'>civitatis</span> <span class='ocrx_word' id='word_1_221' title='bbox 628 3367 884 3452; x_wconf 88' lang='lat' dir='ltr'>Suessionensis,</span> <span class='ocrx_word' id='word_1_222' title='bbox 908 3367 952 3432; x_wconf 84' lang='lat' dir='ltr'>sd</span> <span class='ocrx_word' id='word_1_223' title='bbox 968 3366 1055 3432; x_wconf 86' lang='lat' dir='ltr'>hano</span> <span class='ocrx_word' id='word_1_224' title='bbox 1070 3388 1166 3452; x_wconf 89' lang='lat' dir='ltr'>syno-</span> 
     </span>
     <span class='ocr_line' id='line_1_31' title="bbox 61 3463 1167 3552; baseline -0.003 -21"><span class='ocrx_word' id='word_1_225' title='bbox 61 3463 129 3531; x_wconf 87' lang='lat' dir='ltr'>dum</span> <span class='ocrx_word' id='word_1_226' title='bbox 149 3477 200 3533; x_wconf 87' lang='lat' dir='ltr'>ter</span> <span class='ocrx_word' id='word_1_227' title='bbox 221 3471 342 3534; x_wconf 83' lang='lat' dir='ltr'>citatus</span> <span class='ocrx_word' id='word_1_228' title='bbox 374 3478 423 3532; x_wconf 87' lang='lat' dir='ltr'>est</span> <span class='ocrx_word' id='word_1_229' title='bbox 444 3465 646 3547; x_wconf 85' lang='lat' dir='ltr'>Rothadius‚</span> <span class='ocrx_word' id='word_1_230' title='bbox 678 3467 735 3552; x_wconf 89' lang='lat' dir='ltr'>qui</span> <span class='ocrx_word' id='word_1_231' title='bbox 758 3466 926 3530; x_wconf 82' lang='lat' dir='ltr'>reeusarit</span> <span class='ocrx_word' id='word_1_232' title='bbox 949 3463 1068 3550; x_wconf 87' lang='lat' dir='ltr'>synodi</span> <span class='ocrx_word' id='word_1_233' title='bbox 1093 3463 1167 3529; x_wconf 91' lang='lat' dir='ltr'>sub·</span> 
     </span>
     <span class='ocr_line' id='line_1_32' title="bbox 61 3561 1168 3652; baseline 0.001 -28"><span class='ocrx_word' id='word_1_234' title='bbox 61 3563 99 3627; x_wconf 85' lang='lat' dir='ltr'>ire</span> <span class='ocrx_word' id='word_1_235' title='bbox 120 3568 331 3650; x_wconf 83' lang='lat' dir='ltr'>sententiam,</span> <span class='ocrx_word' id='word_1_236' title='bbox 365 3565 531 3652; x_wconf 82' lang='lat' dir='ltr'>pendente</span> <span class='ocrx_word' id='word_1_237' title='bbox 562 3587 622 3630; x_wconf 84' lang='lat' dir='ltr'>sus</span> <span class='ocrx_word' id='word_1_238' title='bbox 645 3563 866 3650; x_wconf 82' lang='lat' dir='ltr'>appellatione</span> <span class='ocrx_word' id='word_1_239' title='bbox 896 3561 1083 3628; x_wconf 77' lang='lat' dir='ltr'>adsedem</span> <span class='ocrx_word' id='word_1_240' title='bbox 1107 3561 1168 3626; x_wconf 87' lang='lat' dir='ltr'>Ro·</span> 
     </span>
    </p>
   </div>
   <div class='ocr_carea' id='block_1_8' title="bbox 62 3806 1172 4195">
    <p class='ocr_par' dir='ltr' id='par_1_8' title="bbox 62 3806 1172 4195">
     <span class='ocr_line' id='line_1_33' title="bbox 125 3806 1169 3884; baseline -0.006 -16"><span class='ocrx_word' id='word_1_241' title='bbox 125 3815 144 3884; x_wconf 84' lang='lat'>¹)</span> <span class='ocrx_word' id='word_1_242' title='bbox 160 3815 322 3870; x_wconf 77' lang='lat' dir='ltr'>Examinare</span> <span class='ocrx_word' id='word_1_243' title='bbox 349 3829 403 3868; x_wconf 90' lang='lat' dir='ltr'>non</span> <span class='ocrx_word' id='word_1_244' title='bbox 430 3817 527 3876; x_wconf 81' lang='lat' dir='ltr'>voest,</span> <span class='ocrx_word' id='word_1_245' title='bbox 559 3816 652 3866; x_wconf 88' lang='lat' dir='ltr'>utrum</span> <span class='ocrx_word' id='word_1_246' title='bbox 685 3809 818 3878; x_wconf 87' lang='lat' dir='ltr'>depositio</span> <span class='ocrx_word' id='word_1_247' title='bbox 845 3808 892 3864; x_wconf 83' lang='lat' dir='ltr'>ills</span> <span class='ocrx_word' id='word_1_248' title='bbox 919 3809 1049 3864; x_wconf 80' lang='lat' dir='ltr'>canonius</span> <span class='ocrx_word' id='word_1_249' title='bbox 1076 3806 1169 3863; x_wconf 79' lang='lat' dir='ltr'>tuerit</span> 
     </span>
     <span class='ocr_line' id='line_1_34' title="bbox 62 3886 1169 3959; baseline -0.005 -13"><span class='ocrx_word' id='word_1_250' title='bbox 62 3891 210 3951; x_wconf 70' lang='lat' dir='ltr'>Canonium</span> <span class='ocrx_word' id='word_1_251' title='bbox 221 3895 316 3950; x_wconf 77' lang='lat' dir='ltr'>dicum</span> <span class='ocrx_word' id='word_1_252' title='bbox 329 3893 403 3948; x_wconf 79' lang='lat' dir='ltr'>surii</span> <span class='ocrx_word' id='word_1_253' title='bbox 421 3897 554 3956; x_wconf 85' lang='lat' dir='ltr'>suctores,</span> <span class='ocrx_word' id='word_1_254' title='bbox 567 3890 611 3945; x_wconf 89' lang='lat' dir='ltr'>uti</span> <span class='ocrx_word' id='word_1_255' title='bbox 621 3887 729 3944; x_wconf 76' lang='lat' dir='ltr'>Natalis</span> <span class='ocrx_word' id='word_1_256' title='bbox 738 3888 815 3945; x_wconf 85' lang='lat' dir='ltr'>Alex.</span> <span class='ocrx_word' id='word_1_257' title='bbox 831 3889 913 3959; x_wconf 79' lang='lat' dir='ltr'>(Dies.</span> <span class='ocrx_word' id='word_1_258' title='bbox 922 3889 970 3943; x_wconf 87' lang='lat' dir='ltr'>VI.</span> <span class='ocrx_word' id='word_1_259' title='bbox 985 3887 1013 3943; x_wconf 93' lang='lat' dir='ltr'>in</span> <span class='ocrx_word' id='word_1_260' title='bbox 1022 3903 1091 3943; x_wconf 84' lang='lat' dir='ltr'>seeo.</span> <span class='ocrx_word' id='word_1_261' title='bbox 1100 3886 1169 3954; x_wconf 87' lang='lat' dir='ltr'>1x.)‚</span> 
     </span>
     <span class='ocr_line' id='line_1_35' title="bbox 65 3966 1170 4044; baseline -0.011 -12"><span class='ocrx_word' id='word_1_262' title='bbox 65 3969 123 4041; x_wconf 64' lang='lat' dir='ltr'>Puri</span> <span class='ocrx_word' id='word_1_263' title='bbox 140 3973 268 4044; x_wconf 78' lang='lat' dir='ltr'>(Brevisr.</span> <span class='ocrx_word' id='word_1_264' title='bbox 287 3974 337 4030; x_wconf 88' lang='lat' dir='ltr'>snb</span> <span class='ocrx_word' id='word_1_265' title='bbox 357 3971 489 4040; x_wconf 68' lang='lat' dir='ltr'>diuolso),</span> <span class='ocrx_word' id='word_1_266' title='bbox 508 3969 636 4026; x_wconf 86' lang='lat' dir='ltr'>Wouters</span> <span class='ocrx_word' id='word_1_267' title='bbox 655 3968 737 4038; x_wconf 76' lang='lat' dir='ltr'>(Dis.</span> <span class='ocrx_word' id='word_1_268' title='bbox 755 3967 830 4025; x_wconf 76' lang='lat' dir='ltr'>&#39;l&#39;om</span> <span class='ocrx_word' id='word_1_269' title='bbox 847 3967 899 4022; x_wconf 88' lang='lat'>111.</span> <span class='ocrx_word' id='word_1_270' title='bbox 918 3968 988 4024; x_wconf 89' lang='lat' dir='ltr'>Diss.</span> <span class='ocrx_word' id='word_1_271' title='bbox 1002 3967 1104 4033; x_wconf 57' lang='grc' dir='ltr'>ΚΜ</span> <span class='ocrx_word' id='word_1_272' title='bbox 1123 3966 1170 4021; x_wconf 84' lang='lat' dir='ltr'>ulii</span> 
     </span>
     <span class='ocr_line' id='line_1_36' title="bbox 65 4045 1171 4120; baseline -0.006 -12"><span class='ocrx_word' id='word_1_273' title='bbox 65 4057 144 4108; x_wconf 72' lang='lat' dir='ltr'>tutem</span> <span class='ocrx_word' id='word_1_274' title='bbox 161 4063 280 4111; x_wconf 77' lang='lat' dir='ltr'>suctores</span> <span class='ocrx_word' id='word_1_275' title='bbox 298 4055 342 4110; x_wconf 90' lang='lat' dir='ltr'>uti</span> <span class='ocrx_word' id='word_1_276' title='bbox 361 4051 458 4108; x_wconf 84' lang='lat' dir='ltr'>Helele</span> <span class='ocrx_word' id='word_1_277' title='bbox 477 4051 517 4119; x_wconf 80' lang='lat' dir='ltr'>(O.</span> <span class='ocrx_word' id='word_1_278' title='bbox 536 4050 568 4106; x_wconf 86' lang='lat' dir='ltr'>G.</span> <span class='ocrx_word' id='word_1_279' title='bbox 588 4049 619 4104; x_wconf 85' lang='lat' dir='ltr'>B.</span> <span class='ocrx_word' id='word_1_280' title='bbox 638 4049 687 4105; x_wconf 88' lang='lat' dir='ltr'>IV.</span> <span class='ocrx_word' id='word_1_281' title='bbox 706 4048 732 4120; x_wconf 65' lang='grc' dir='ltr'>ξ.</span> <span class='ocrx_word' id='word_1_282' title='bbox 751 4049 815 4118; x_wconf 77' lang='lat' dir='ltr'>tes)</span> <span class='ocrx_word' id='word_1_283' title='bbox 834 4047 944 4118; x_wconf 72' lang='lat' dir='ltr'>regulos</span> <span class='ocrx_word' id='word_1_284' title='bbox 958 4047 1030 4117; x_wconf 85' lang='lat' dir='ltr'>juris</span> <span class='ocrx_word' id='word_1_285' title='bbox 1049 4045 1171 4102; x_wconf 83' lang='lat' dir='ltr'>esnonioi</span> 
     </span>
     <span class='ocr_line' id='line_1_37' title="bbox 66 4125 1172 4195; baseline -0.006 -7"><span class='ocrx_word' id='word_1_286' title='bbox 66 4143 148 4188; x_wconf 77' lang='lat' dir='ltr'>revers</span> <span class='ocrx_word' id='word_1_287' title='bbox 169 4136 281 4191; x_wconf 77' lang='lat' dir='ltr'>riolstss</span> <span class='ocrx_word' id='word_1_288' title='bbox 305 4149 364 4190; x_wconf 84' lang='lat' dir='ltr'>esse</span> <span class='ocrx_word' id='word_1_289' title='bbox 389 4131 618 4188; x_wconf 83' lang='lat' dir='ltr'>snimsdvertunt.</span> <span class='ocrx_word' id='word_1_290' title='bbox 663 4128 806 4184; x_wconf 75' lang='lat' dir='ltr'>Caeterum</span> <span class='ocrx_word' id='word_1_291' title='bbox 831 4127 896 4184; x_wconf 80' lang='lat' dir='ltr'>boso</span> <span class='ocrx_word' id='word_1_292' title='bbox 921 4125 1044 4195; x_wconf 82' lang='lat' dir='ltr'>qusestio</span> <span class='ocrx_word' id='word_1_293' title='bbox 1069 4127 1098 4182; x_wconf 88' lang='lat' dir='ltr'>in</span> <span class='ocrx_word' id='word_1_294' title='bbox 1122 4126 1172 4181; x_wconf 85' lang='lat' dir='ltr'>boc</span> 
     </span>
    </p>
   </div>
   <div class='ocr_carea' id='block_1_9' title="bbox 66 4213 531 4280">
    <p class='ocr_par' dir='ltr' id='par_1_9' title="bbox 66 4213 531 4280">
     <span class='ocr_line' id='line_1_38' title="bbox 66 4213 531 4280; baseline -0.011 -10"><span class='ocrx_word' id='word_1_295' title='bbox 66 4213 164 4280; x_wconf 61' lang='lat' dir='ltr'>motio</span> <span class='ocrx_word' id='word_1_296' title='bbox 180 4216 283 4272; x_wconf 88' lang='lat' dir='ltr'>omuino</span> <span class='ocrx_word' id='word_1_297' title='bbox 301 4213 461 4271; x_wconf 74' lang='lat' dir='ltr'>secundarie</span> <span class='ocrx_word' id='word_1_298' title='bbox 479 4216 531 4267; x_wconf 86' lang='lat' dir='ltr'>est.</span> 
     </span>
    </p>
   </div>
   <div class='ocr_carea' id='block_1_10' title="bbox 1209 3179 1306 3231">
    <p class='ocr_par' dir='ltr' id='par_1_10' title="bbox 1209 3179 1306 3231">
     <span class='ocr_line' id='line_1_39' title="bbox 1209 3179 1306 3231; baseline 0 -11"><span class='ocrx_word' id='word_1_299' title='bbox 1209 3179 1306 3231; x_wconf 75' lang='lat' dir='ltr'>Synodus</span> 
     </span>
    </p>
   </div>
   <div class='ocr_carea' id='block_1_11' title="bbox 1188 3239 1330 3283">
    <p class='ocr_par' dir='ltr' id='par_1_11' title="bbox 1188 3239 1330 3283">
     <span class='ocr_line' id='line_1_40' title="bbox 1188 3239 1330 3283; baseline 0.014 -2"><span class='ocrx_word' id='word_1_300' title='bbox 1188 3239 1330 3283; x_wconf 66' lang='lat' dir='ltr'>§memsu-</span> 
     </span>
    </p>
   </div>
   <div class='ocr_carea' id='block_1_12' title="bbox 1236 3301 1276 3344">
    <p class='ocr_par' dir='ltr' id='par_1_12' title="bbox 1236 3301 1276 3344">
     <span class='ocr_line' id='line_1_41' title="bbox 1236 3301 1276 3344; baseline 0 -2"><span class='ocrx_word' id='word_1_301' title='bbox 1236 3301 1276 3344; x_wconf 78' lang='lat' dir='ltr'>ris.</span> 
     </span>
    </p>
   </div>
   <div class='ocr_carea' id='block_1_13' title="bbox 0 0 1477 4840">
    <p class='ocr_par' dir='ltr' id='par_1_13' title="bbox 0 0 1477 4840">
     <span class='ocr_line' id='line_1_42' title="bbox 0 0 1477 4840; baseline 0 0"><span class='ocrx_word' id='word_1_302' title='bbox 0 0 1477 4840; x_wconf 95' lang='lat' dir='ltr'> </span> 
     </span>
    </p>
   </div>
  </div>
 </body>
</html>
