2932 4836
339 484 381 538 De
396 483 585 538 Deorotslibns
603 483 885 540 Pseudo-isidorisuis.
1123 487 1174 540 ist

65 626 189 690 tendam
223 624 314 690 illam
337 625 485 691 Isidorus
516 628 551 690 in
575 627 969 694 Pseudo-Decretalibos
991 629 1176 711 generatim

63 724 216 808 episeopis
236 723 392 810 applioat,
417 723 604 789 nullatenus
627 723 770 790 intendit
783 745 898 790 eorum
920 724 1069 790 divinam
1086 726 1177 790 insti·

64 823 214 886 tutionem
239 843 370 906 negare,
394 831 493 909 atque
518 843 573 886 eos
596 831 633 886 ut
653 843 760 888 meros
782 824 923 888 vioarios
937 823 1077 888 Romani
1092 822 1176 888 Pon-

63 920 150 984 tilioia
181 918 353 986 exhibere.
408 919 448 984 Id
485 941 528 984 ex
566 921 668 985 variis
698 919 932 988 Decretalibus
965 917 1177 984 Collectionis

63 1017 267 1082 manifestum
291 1027 348 1082 est
395 1017 446 1081 Ita
469 1039 497 1082 e.
521 1040 552 1102 g.
577 1018 668 1104 apud
691 1016 896 1084 Clementem
921 1040 948 1082 o.
974 1016 1018 1082 30
1039 1016 1176 1102 legitur:

62 1117 229 1203 lpisoopoa
252 1137 324 1200 erpo
345 1117 442 1180 υίοειιι
465 1115 689 1202 Apostolorum
712 1113 819 1202 perere
841 1117 1012 1180 Reatinam
1035 1114 1176 1180 dooos'ooo

60 1213 173 1278 diesim
195 1212 356 1298 (Petrus).

138 1330 193 1394 90.
230 1328 329 1392 Modo
362 1330 549 1394 accuratius
581 1329 817 1416 inquirendum
846 1339 910 1412 est,
943 1337 1055 1394 utrum
1078 1329 1175 1394 Nioo-
1193 1341 1227 1384 An
1241 1341 1334 1384 Pude-

60 1424 160 1490 lausl
191 1427 238 1490 ad
262 1425 611 1492 Pseudo-Daorstalos
634 1447 728 1491 suam
752 1427 872 1513 agendi
902 1426 1066 1492 rationem
1089 1447 1175 1491 eom·
1191 1403 1339 1506 Ἢζῗω

60 1527 208 1608 posuerit,
235 1535 268 1588 et
291 1545 333 1588 ex
357 1525 437 1609 ipsis
460 1545 554 1588 suam
577 1524 761 1588 firmaverit
783 1535 816 1588 et
838 1523 1050 1610 ampliaverit
1064 1534 1175 1588 auoto-
1198 1523 1298 1568 ³³¹0⁰¹⁸¹⁸
1311 1523 1329 1570 ¹·

59 1625 192 1686 ritatem.
247 1621 422 1686 Nicolaum
445 1622 641 1687 Pontificem
665 1621 708 1686 ad
731 1621 1085 1688 Pseudo-Deorotales
1107 1642 1175 1687 nou

60 1741 269 1804 provocasse,
294 1741 355 1784 neo
379 1721 421 1784 iis
443 1719 575 1784 autibus
597 1741 636 1784 ao
660 1722 831 1786 sententiis
854 1721 923 1784 suis
945 1719 1055 1806 quoad
1079 1719 1176 1784 disei-

60 1815 173 1901 plinam
200 1815 461 1882 eeclesiasticam
485 1819 595 1882 nisum
619 1839 705 1901 esse,
735 1819 871 1882 admisit
892 1817 1049 1900 Blondel,
1074 1817 1175 1902 idque

59 1927 348 2002 propugnaverunt
370 1916 488 1980 fratres
510 1914 719 2002 Ballerini¹);
756 1916 843 1980 hano
866 1917 1062 1980 sententiam
1086 1924 1176 1980 tenet

60 2013 242 2099 Piissipst),
276 2022 309 2077 et
331 2014 557 2078 recentissime
580 2011 827 2098 Hergenrttther
858 2023 974 2077 auotor
1003 2035 1083 2078 sane
1104 2035 1176 2099 gra·

60 2113 209 2175 sissimus
233 2121 267 2174 et
290 2113 324 2174 in
348 2109 447 2174 rebus
477 2132 563 2196 quas
586 2111 757 2176 historiam
781 2121 814 2175 et
836 2113 893 2197 jus
915 2110 1175 2176 ecclesiasticum

58 2219 202 2294 spectant
225 2210 378 2294 apprime
394 2208 588 2294 versatust)
625 2209 736 2274 Etiam
751 2209 788 2274 P.
803 2209 856 2273 De
872 2209 997 2290 Smedt,
1022 2211 1176 2295 quamvis

60 2413 119 2476 oiri,
147 2412 355 2468 fraternitatem
382 2419 458 2467 tuom
485 2413 519 2467 de
546 2413 632 2468 totius
655 2413 761 2482 negotii
789 2413 924 2480 qualitate
951 2413 1176 2480 metropolitanus

59 2493 159 2548 curabit
176 2493 325 2559 inardere,
344 2497 373 2548 et
390 2493 415 2548 si
433 2509 523 2548 eoram
541 2492 637 2561 positis
654 2493 779 2562 partibus
796 2509 846 2548 neo
863 2499 911 2548 tuo
929 2492 1016 2548 tuerit
1033 2508 1076 2548 res
1087 2493 1177 2562 sopita

57 2571 165 2638 judicio,
190 2573 226 2628 ad
250 2581 371 2627 nostram
396 2571 577 2642 cognitionem
602 2573 732 2642 quidquid
754 2573 824 2628 illud
848 2580 892 2628 est
915 2573 1123 2630 tromforatnr.“
1142 2603 1176 2616 -·

61 2657 85 2705 ι’.
102 2653 133 2707 Χ,
153 2653 199 2720 „Si
218 2667 301 2708 eausa
319 2653 411 2720 aliqua
429 2653 515 2722 major
533 2651 685 2719 exstiterit,
704 2653 737 2708 ob
756 2669 836 2720 qoam
854 2653 1034 2709 neeessariam
1052 2652 1102 2720 sit,
1120 2653 1176 2707 fra-

60 2741 160 2787 ternum
179 2733 313 2788 advocare
331 2738 501 2798 conventum,
521 2732 597 2788 binos
615 2733 649 2788 de
661 2732 777 2802 singulis
790 2733 936 2802 provinciis
956 2733 1092 2802 episcopos
1110 2746 1176 2801 quos

60 2813 257 2882 metropolitani
275 2813 440 2868 crediderint
458 2827 518 2867 esse
534 2813 682 2868 mittendos
707 2813 741 2866 ad
760 2813 963 2868 fraternitatem
988 2819 1064 2867 tuam
1082 2813 1176 2868 venire

59 2893 197 2948 solidam*
216 2932 267 2948 ...
294 2925 323 2934 -
352 2893 380 2948 C.
400 2893 448 2948 XI.
468 2892 513 2958 „Si
532 2897 624 2948 antem
642 2893 671 2948 in
690 2909 721 2948 eo
739 2894 809 2962 quod
828 2909 888 2948 oum
906 2893 1038 2948 tratribus
1056 2897 1176 2948 mmtan·

59 2972 115 3028 dnm
139 2974 357 3028 definiendumve
381 2973 539 3038 credideris,
567 2973 675 3030 diverso
702 2989 793 3028 eorum
817 2973 901 3028 fuerit
925 2990 942 3027 a
966 2979 1015 3028 tua
1032 2972 1175 3028 voluntate

59 3055 202 3120 sententis,
231 3053 266 3110 ad
293 3069 342 3108 nos
369 3053 460 3107 omnio
485 3052 535 3107 sub
562 3059 702 3122 gestorum
729 3053 921 3108 testificatione
948 3052 1114 3118 referantur,
1144 3061 1175 3108 nt

61 3133 165 3187 remotis
183 3133 410 3203 ambiguitatibus
429 3133 499 3199 quod
511 3133 567 3186 Deo
586 3133 693 3202 placeat
711 3133 895 3188 decernatur.“
910 3163 944 3172 —
957 3131 1037 3186 Hisoe
1055 3132 1175 3196 mandat,

59 3227 148 3267 causas
180 3214 296 3283 majores
321 3212 355 3266 ad
379 3213 455 3267 Sedis
478 3212 649 3280 apostolieae
674 3213 805 3267 viosriom
831 3213 874 3268 vel
898 3213 1005 3267 demum
1029 3211 1063 3265 ad
1088 3211 1175 3280 ipsum

60 3291 89 3346 ts
111 3293 271 3349 Pontidoem
295 3308 354 3348 esse
378 3291 545 3350 deferendas.
581 3293 615 3346 In
640 3293 693 3348 tine
717 3287 966 3362 bujm'Deoretulia
990 3291 1106 3346 babetur
1130 3292 1175 3347 ille

60 3381 161 3438 textus,
185 3389 265 3442 quem
283 3373 409 3428 Nieolsus
427 3373 456 3428 iu
474 3373 590 3442 epistola
617 3374 652 3428 sd
670 3374 806 3442 episeopos
825 3373 932 3428 Galliae
957 3389 981 3426 a
1000 3373 1054 3428 865
1071 3372 1174 3439 (Labbe

60 3451 131 3507 VIII.
151 3455 215 3523 7⁹7)
238 3453 352 3518 citavit,
375 3471 409 3506 no
435 3469 524 3508 omnes
541 3453 594 3508 ss‘bs'
611 3454 702 3508 omnio
720 3455 900 3508 vindicarent.
936 3451 1063 3506 Niooloue
1087 3451 1175 3521 igitur

59 3533 90 3586 ad
106 3533 175 3588 bano
187 3534 355 3588 Deoretalem
373 3533 500 3601 respexit,
519 3548 599 3600 quum
619 3533 766 3600 insisteret,
785 3538 818 3586 ut
836 3547 933 3587 oausae
945 3531 1066 3600 majores,
1086 3532 1173 3599 qualis

60 3626 90 3664 ex
112 3613 170 3682 ipso
192 3621 253 3669 erat
277 3613 408 3682 depositio
433 3613 564 3680 episcopi,
589 3630 643 3668 non
666 3613 843 3668 definirentur
866 3613 925 3668 siue
950 3627 1080 3666 consensu
1098 3612 1173 3667 Sedis

59 3693 230 3760 apamiae.
268 3693 430 3748 Hiuomorus
448 3709 512 3748 sero
530 3693 655 3760 tenebat,
681 3699 790 3748 mutum
808 3709 850 3748 res
868 3692 963 3748 dubias
988 3697 1016 3746 et
1035 3692 1173 3760 implexas,

59 3789 88 3826 se
104 3775 370 3842 metropolitanorum
388 3775 586 3840 aooosationes,
611 3787 670 3829 osse
687 3789 782 3827 oaosos
800 3773 914 3842 majores
939 3773 973 3828 ad
991 3773 1085 3828 Sedem
1102 3773 1173 3840 Apo·

59 3852 177 3908 stolimn
194 3854 357 3910 metendos

129 3943 152 4010 ¹)
169 3943 207 3998 De
224 3943 346 4010 antiquis
364 3943 474 3998 Colleot
493 3959 625 4000 cononum
647 3943 676 3998 in
695 3943 842 4012 appendite
866 3943 900 3998 ad
919 3943 1007 4012 Opera
1025 3957 1046 3998 s.
1066 3941 1171 3996 Leonis.

127 4020 150 4087 ²)
167 4023 367 4088 Kirebenreebt,
387 4024 417 4078 B.
436 4023 485 4076 IV.
504 4025 529 4093 ξ.
548 4025 609 4079 174.

127 4099 437 4172 ¹)Kirobsngesobiohte
461 4104 551 4164 (1876)
576 4104 608 4158 Β,
627 4102 649 4156 Ι.
669 4102 751 4157 Abtb.
776 4104 800 4156 2.
820 4102 845 4158 S.
865 4105 926 4160 590.
964 4102 1061 4168 „Palm
1080 4107 1122 4156 est
1140 4117 1172 4156 es

60 4181 207 4248 suppositio,
227 4183 365 4239 Nioolaom
383 4197 541 4251 prorooesse
566 4184 601 4238 od
619 4183 891 4238 Pseudo-Deorsteles
909 4183 1033 4238 Isidori.“
1070 4181 1174 4236 Existi·

62 4265 115 4313 nst
132 4269 228 4326 motor,
247 4260 387 4317 Nioolaom
404 4263 560 4318 Deoretsles
579 4263 676 4318 Isidori
695 4279 749 4318 non
767 4263 932 4332 mgnovisse.
