2952 4832
307 474 360 528 244
557 473 630 528 XXI.
650 473 690 528 De
708 473 734 529 S.
754 473 886 543 Gregorio
904 475 960 529 VH
979 475 1053 530 Rom.
1074 476 1215 530 Pantitae.

308 617 439 701 penitus
472 615 628 700 despecta
660 617 796 696 fuerint,
828 617 978 704 adeoque
1002 619 1175 702 illegitima
1199 621 1351 686 habenda
1377 627 1410 686 sit

307 713 491 778 Alexandri
516 713 641 780 electio.
669 714 780 802 Atque
804 714 867 779 hoc
890 715 962 781 loco
981 717 1054 801 jam
1070 719 1237 802 inquirere
1260 723 1409 788 convenit

139 832 373 896 sarmentique
405 813 531 876 ratione
555 811 805 878 Hildebrandus
829 814 965 899 ejusque
990 837 1065 898 pars
1099 817 1133 880 in
1157 817 1331 882 evectione
1352 817 1411 882 Ale-

137 903 428 1014 ‘wer-xenos
451 932 487 974 se
509 911 670 991 gesserint
693 922 855 995 quantum
878 912 921 976 ad
946 914 1073 976 cumam
1097 913 1316 998 imperialem.
1352 915 1410 978 Dis-

308 1009 454 1072 seutiunt
477 1017 627 1071 auctores
651 1010 751 1072 etiam
776 1011 878 1072 nostri
901 1012 1069 1096 temporis,
1094 1019 1206 1076 utrum
1230 1011 1412 1077 Hildebran-

309 1107 371 1172 dus
393 1129 433 1170 ac
456 1104 573 1190 reliqui
604 1105 753 1189 ejusdem
782 1105 971 1172 tendentiae
1004 1109 1068 1171 riri
1098 1107 1317 1174 ecclesiastici
1353 1123 1411 1195 pou

309 1215 447 1268 mortem
470 1202 599 1268 Nicolni
615 1203 649 1268 II
673 1225 748 1266 cum
772 1203 848 1268 aula
872 1204 1036 1290 imperiali
1060 1207 1197 1288 egerint,
1223 1217 1260 1270 ut
1284 1207 1327 1272 de
1347 1207 1413 1272 elec·

309 1304 397 1366 tione
421 1303 499 1364 novi
523 1301 695 1365 Pontificio
726 1303 942 1366 convenirent
966 1302 1103 1388 ejusque
1126 1325 1326 1370 consensum
1348 1305 1413 1370 obti-

310 1409 436 1464 nerent.
471 1397 511 1462 Id
526 1399 650 1463 factum
675 1421 745 1464 esse
769 1402 855 1464 varii
878 1421 997 1482 graves
1021 1409 1171 1466 auctores
1195 1415 1356 1484 asserunt,
1377 1407 1413 1466 uti

310 1497 500 1581 Gfrorerp,
524 1495 779 1579 Dambergerl),
805 1496 846 1560 de
870 1497 1036 1562 Reumont
1048 1497 1086 1584 ³),
1113 1500 1319 1580 Wouters⁴).
1362 1501 1414 1564 Hie

310 1619 337 1660 e.
362 1619 393 1679 g.
418 1594 549 1660 scribit:
578 1594 792 1678 „Cardinales
816 1617 894 1660 vero
918 1618 958 1659 ac
982 1595 1112 1660 honesti
1136 1600 1260 1684 quique
1289 1600 1414 1664 Romani

311 1716 461 1780 proceres
484 1691 690 1778 Stephanum
715 1691 926 1758 Cardinalem
950 1691 1103 1777 legarunt
1126 1695 1169 1759 ad
1186 1696 1415 1778 AgnetemAn-

310 1801 440 1876 gustam
465 1791 600 1877 ejusque
624 1789 728 1854 filium
754 1790 935 1856 Henricum
959 1791 1019 1871 IV,
1053 1815 1128 1858 cum
1162 1793 1280 1858 litteris
1312 1795 1352 1860 de
1373 1795 1415 1858 eli-

311 1889 419 1974 gendo
442 1910 528 1952 novo
552 1888 723 1952 Pontifice.
754 1888 879 1952 Verum
896 1889 1026 1954 factiosi
1051 1891 1222 1977 episcopos
1237 1892 1416 1976 Langobar-

312 1989 381 2068 dos,
406 2009 527 2070 magna
550 1995 642 2071 parte
666 1987 863 2052 simoniacos
887 1997 945 2050 aut
968 1988 1223 2072 incontinentes,
1255 1991 1417 2056 nonnullos

312 2088 410 2150 etiam
436 2086 606 2170 episcopos
630 2082 829 2148 Germaniae
858 2106 919 2149 nec
943 2107 1009 2150 non
1033 2085 1128 2150 aulae
1152 2088 1266 2170 regiae
1289 2099 1418 2154 rectores

312 2188 347 2249 in
370 2193 479 2270 partes
503 2205 578 2246 suas
601 2191 818 2262 attraxerant3
843 2183 889 2246 ita
913 2183 1047 2267 quidem
1071 2194 1108 2247 ut
1130 2183 1323 2271 Stephanus
1345 2188 1419 2271 lega·

311 2293 364 2346 tus
396 2279 604 2345 obstantibus
637 2280 794 2342 ministris
826 2281 926 2362 regiis
949 2279 992 2344 ad
1017 2279 1217 2368 colloquium
1244 2287 1333 2368 regis
1363 2306 1418 2350 uon

311 2379 411 2444 fuerit
433 2378 606 2458 admissus,
630 2376 820 2462 litterasque
845 2399 927 2462 quas
950 2378 1078 2444 ferebat
1095 2379 1235 2445 Romam
1251 2383 1418 2448 retulerit·

401 2515 454 2578 33.
481 2513 574 2576 Haec
589 2533 666 2574 vero
691 2522 841 2575 auctores
864 2511 898 2576 hi
924 2512 1084 2595 eolligunt
1108 2537 1149 2578 ex
1166 2514 1280 2579 verbis
1304 2517 1421 2580 s.Petri

311 2613 469 2676 Damiani
501 2613 535 2676 in
558 2611 796 2696 Disceptatioaa
822 2609 892 2694 jam
916 2609 1061 2676 laudata.
1108 2612 1186 2676 Post
1210 2635 1251 2676 ea
1275 2612 1421 2677 videlicet

313 2709 416 2775 verba
451 2731 535 2794 quae
570 2709 719 2793 superius
754 2709 930 2772 citavimus
965 2708 1082 2773 Petrus
1106 2712 1332 2796 prosequitur:
1369 2711 1423 2774 &el

311 2821 349 2874 at
380 2818 476 2871 totam
508 2807 673 2870 inauditae
704 2806 899 2870 calamitatis
926 2817 1053 2870 nostmm
1082 2831 1310 2894 percurramus
1339 2811 1420 2871 lieto-

312 2909 406 2984 m'am,
431 2903 609 2990 Stephanus
636 2903 822 2968 Cardiaalis
840 2905 1008 2990 presbyter·
1032 2905 1225 2990 apostolicae
1252 2905 1351 2982 Sedu,
1384 2909 1424 2968 eir

312 3003 457 3068 uidelicet
494 3012 602 3066 tautae
638 3003 807 3087 prauitatis
841 3012 870 3064 et
902 3003 1074 3066 honestatis
1106 3005 1208 3066 nitore
1238 3005 1422 3088 conspicuus.

314 3103 413 3167 tantis
436 3101 577 3186 denique,
608 3101 689 3164 sicat
710 3121 773 3164 aon
797 3099 959 3164 obscuram
983 3111 1038 3178 cst,
1062 3102 1212 3164 oirtostom
1233 3101 1360 3178 floribus
1382 3101 1422 3161 iu·

313 3202 457 3288 sipiritus,
482 3223 549 3262 cam
573 3195 755 3284 apostolicis
779 3197 893 3261 litteris
916 3197 960 3260 ad
983 3197 1090 3261 aulam
1104 3200 1224 3284 rapiam
1249 3199 1364 3274 arsisses,
1388 3197 1422 3258 ab

314 3297 429 3364 aulicis
452 3294 764 3360 administratoribus
787 3317 850 3359 aaa
874 3305 919 3358 est
942 3295 1107 3372 adromeus,
1141 3296 1198 3360 sed
1214 3319 1280 3382 per
1301 3298 1421 3382 quinque

306 3399 381 3486 fere
405 3397 473 3459 dics
496 3395 540 3458 ad
563 3393 647 3458 beati
670 3393 757 3458 Petri
780 3403 809 3458 ct
831 3393 1025 3479 apostoticae
1049 3391 1142 3458 Sedis
1170 3395 1324 3481 inparium
1347 3415 1421 3478 prus

305 3493 438 3582 foribus
469 3495 587 3556 mansit
617 3491 770 3556 exclusas.
820 3489 913 3562 Quod
942 3489 1013 3569 illa,
1051 3501 1158 3578 utpote
1189 3493 1241 3554 air
1269 3492 1369 3578 prame
1397 3501 1422 3552 a

308 3594 450 3681 patiens,
475 3592 703 3676 aequanimiter
727 3587 808 3667 tulit,
837 3588 933 3675 lopati
957 3600 1060 3654 tameo
1084 3589 1221 3674 officiam
1245 3613 1304 3674 quo
1318 3587 1422 3674 scope

315 3691 409 3754 batur
431 3689 553 3775 inplere
584 3711 648 3752 aco
672 3687 789 3773 potuit.
831 3685 982 3750 Clausam
1004 3687 1109 3772 itaque
1133 3689 1343 3772 εἰςηαῑιιηηυι
1362 3708 1422 3768 orep

315 3791 443 3856 sterium
467 3785 602 3866 concilii,
638 3789 726 3874 cujas
749 3795 818 3848 erat
848 3783 976 3870 perulas
999 3783 1115 3862 retulit,
1153 3786 1228 3869 qaia
1257 3785 1334 3868 repis
1358 3805 1421 3844 aare

308 3881 527 3974 praesentari
544 3883 758 3970 conspectibus
786 3881 956 3945 curialium
980 3880 1149 3968 plectenda
1178 3885 1334 3946 temeritas
1361 3902 1423 3942 aas

310 3985 468 4072 permisit.
504 4022 546 4030 -
586 3981 675 4046 Uada
700 3983 728 4045 si
750 3978 897 4044 vellemus
920 3981 1073 4068 iujuriam
1094 3989 1237 4044 aeonum
1259 3978 1421 4044 dutinus

392 4179 411 4246 ¹)
431 4177 543 4244 Gregor.
564 4177 625 4231 VII.
644 4176 666 4230 Ι.
686 4177 747 4230 630.
982 4178 1003 4238 ¹)
1023 4174 1117 4229 Gesch.
1137 4175 1168 4230 B.
1189 4175 1235 4228 VI.
1254 4175 1279 4229 S„
1297 4174 1349 4225 60⁶.

390 4255 410 4320 ³)
429 4255 523 4310 each.
543 4254 779 4311 Romanus
799 4256 860 4308 358.
980 4255 1001 4324 ⁴)
1021 4255 1133 4309 Dissert.
1154 4254 1186 4308 V.
1206 4253 1254 4308 tr.
1272 4270 1295 4322 p.
1312 4251 1347 4305 ii.
