2952 4832
156 2489 275 2532 Gultstnnrs
287 2493 301 2531 1.

329 521 383 573 308
573 519 646 572 XXI.
668 521 706 574 De
726 522 750 574 S.
771 521 905 589 Gregorio
925 521 979 574 VII
1000 522 1073 574 Rom.
1094 521 1235 577 Pontifices.

327 667 417 750 gitur
449 687 489 728 ex
516 663 653 748 epistola
684 665 755 749 eius
784 689 812 730 a.
840 665 920 728 1081
955 665 996 728 ad
1025 665 1199 746 Hugonem
1225 669 1381 732 Diensenr
1408 670 1441 731 le-

327 773 441 846 gatum
474 785 570 826 suurn
602 764 724 847 scripta
737 763 772 848 ¹).
828 765 899 828 Rea·
927 763 1112 848 nireplorann
1153 767 1278 850 scribit,
1318 767 1387 829 licet
1416 771 1440 828 in

327 861 515 948 quibasdam
538 885 601 924 non
626 861 842 946 itarelipiose,
867 862 948 924 sisset
972 873 1127 948 (notantes,
1152 885 1183 925 se
1200 863 1325 941 babeat,
1351 877 1438 926 tannes

328 963 361 1024 in
393 963 464 1038 boc,
502 960 584 1046 qreod
616 959 762 1024 ecclesias
794 961 856 1022 Dei
891 983 950 1022 non
985 960 1120 1024 destinat
1143 985 1239 1046 neque
1272 961 1390 1032 cendit,
1420 973 1440 1020 «t

321 1083 435 1144 pacem
457 1059 679 1148 jnstitiarnqne
712 1059 747 1120 in
777 1057 913 1121 subditis
946 1060 1011 1120 sais
1045 1059 1205 1122 moderari
1221 1072 1390 1145 procreent,
1422 1071 1442 1113 rt

326 1160 402 1242 qnia
433 1167 542 1220 contra
567 1154 783 1240 Apostolicom
806 1154 927 1233 Sedent,
961 1169 1091 1240 ropntns
1124 1181 1143 1220 a
1172 1158 1364 1243 quibusdam
1395 1160 1442 1218 ini·

327 1257 414 1320 inicis
437 1256 537 1316 erneis
564 1251 681 1318 Christi
697 1265 829 1339 pactrsm
852 1255 945 1332 inire,
977 1256 1151 1318 consentire
1175 1253 1302 1334 totuin·
1327 1255 1445 1341 presby

326 1365 409 1417 teros
432 1375 556 1433 cesores,
581 1352 680 1415 laicos
693 1351 831 1416 decimas
850 1375 929 1436 quos
945 1352 1137 1431 detinebant,
1156 1355 1252 1416 etiam
1268 1359 1444 1442 jin-ammte

325 1453 482 1515 dimittere
507 1449 666 1535 compulit,
691 1451 824 1514 caeteris
849 1450 971 1534 sepibus
996 1474 1026 1513 se
1042 1453 1121 1514 satis
1141 1451 1394 1536 probabiliorem
1418 1475 1447 1511 ac

324 1552 424 1635 incip-is
464 1549 682 1612 bonorandnm
725 1549 869 1612 ostendit.
932 1548 1021 1612 Unde
1057 1571 1121 1612 non
1157 1549 1327 1635 indipnurn
1369 1549 1447 1612 deba

324 1649 516 1724 escistimari,
552 1656 741 1731 potestatem
775 1645 863 1708 illias
894 1649 1001 1710 rnitins
1031 1669 1095 1709 csse
1128 1649 1332 1712 tractandam
1365 1661 1442 1732 atqa

323 1755 464 1833 respectu
493 1745 664 1829 probitatis
692 1744 794 1828 ipsine
824 1743 1020 1808 subditorum
1050 1756 1079 1808 et
1103 1767 1207 1808 eornm
1232 1768 1310 1830 qnos
1347 1745 1448 1829 dilipit

322 1843 539 1928 neplipentias,
565 1852 709 1925 cooperte
724 1841 802 1925 fore
820 1843 1005 1926 portandos
1030 1892 1085 1909 ...
1119 1843 1249 1906 l'idetnr
1265 1845 1352 1906 enim
1370 1844 1449 1906 stabis

323 1941 417 2006 multo
449 1937 560 2002 *melitis
590 1949 681 2024 atone
703 1939 858 2023 facilins,
895 1941 1038 2004 lenitatis
1062 1941 1227 2006 dulcedine
1251 1965 1291 2004 ac
1317 1943 1448 2004 rationis

322 2039 496 2104 ostensione
530 2059 622 2120 qnam
656 2039 842 2100 ansteritate
872 2036 921 2100 nel
953 2039 1056 2126 ripere
1080 2041 1229 2128 justitiae
1262 2039 1357 2102 illum
1390 2041 1449 2102 Dr>

321 2138 442 2202 lucrari
469 2146 498 2200 et
527 2135 571 2198 ad
597 2146 785 2220 perpetuom
815 2137 900 2200 beati
923 2138 1011 2200 Petri
1044 2161 1180 2200 cemos-en
1212 2159 1307 2222 posse
1338 2161 1447 2222 pron-‚-

322 2261 400 2298 ciere.

414 2369 486 2433 105.
534 2366 600 2430 Sed
636 2366 678 2430 ob
711 2370 905 2452 posteriores
945 2367 1019 2432 lites
1058 2383 1280 2453 opportunum
1318 2369 1452 2432 videtur

322 2467 431 2552 quood
455 2466 613 2551 Angliam
636 2464 748 2528 adhuc
771 2488 879 2551 peuce
902 2466 1057 2550 adjicere.
1095 2467 1145 2530 Dc
1171 2465 1336 2530 Gulielmi
1366 2491 1449 2530 usur-

321 2563 511 2650 pationibus
536 2565 624 2628 circs
640 2585 692 2627 rss
716 2562 966 2644 ecclesiasticas,
991 2564 1106 2628 scribit
1123 2565 1318 2642 Eedmerns‚
1339 2587 1451 2629 versus

320 2685 445 2727 annum
472 2662 558 2726 1120
582 2662 756 2747 episcopus
780 2685 805 2726 s.
823 2662 979 2726 Andreae
1003 2663 1036 2727 in
1061 2661 1189 2726 Scotis:
1217 2661 1330 2745 „Usus
1356 2677 1449 2748 atque

319 2760 417 2846 leges,
450 2783 531 2846 quas
561 2769 669 2844 patres
699 2762 749 2823 sui
775 2771 807 2823 et
830 2763 900 2846 ipse
930 2763 964 2826 in
989 2761 1194 2838 Norrnsnnin
1219 2760 1350 2825 habere
1379 2761 1448 2826 sols

319 2858 416 2940 bant,
448 2859 481 2922 in
507 2857 630 2940 Anglin
664 2880 795 2922 servare
830 2858 960 2937 volens,
998 2859 1038 2922 de
1069 2858 1259 2944 hujusmodi
1296 2863 1447 2944 personis

319 2957 501 3042 episcopos,
531 2954 668 3020 abbates
693 2967 724 3020 et
747 2956 829 3020 alios
852 2959 1020 3042 principes
1043 2979 1102 3043 per
1125 2967 1227 3020 totam
1253 2969 1386 3024 terram
1412 2962 1446 3022 in-

278 3115 281 3122 .
318 3055 433 3136 stituit,
459 3054 499 3118 de
523 3051 645 3138 quibus
669 3052 845 3138 indignum
865 3054 1083 3140 judicaretur,
1108 3056 1135 3118 si
1159 3077 1218 3140 per
1241 3059 1364 3120 omnia
1391 3059 1446 3120 sni.-

318 3151 457 3236 lcgibus,
482 3153 663 3238 postposite
688 3154 777 3217 omni
795 3152 861 3216 alis
876 3151 1150 3232 consideratione,
1176 3174 1242 3216 non
1260 3151 1443 3220 obedirent

319 3260 351 3314 et
374 3251 401 3312 si
425 3249 511 3314 ullus
535 3271 647 3314 sorum
672 3272 730 3335 pro
755 3251 875 3336 quavis
892 3252 1011 3314 terreni
1028 3249 1162 3314 honoris
1179 3254 1335 3336 potentia
1354 3271 1445 3338 capnt

319 3357 433 3412 contra
457 3369 532 3412 eum
557 3347 668 3412 levare
693 3348 838 3429 auderet,
874 3347 1054 3412 scientibus
1079 3349 1216 3430 cunctis,
1251 3349 1361 3425 unde,
1388 3353 1446 3436 qni.

318 3445 361 3510 sd
392 3444 427 3509 id
456 3447 616 3532 assumpti
649 3446 782 3512 suerint.
831 3445 959 3510 Cuncta
999 3467 1076 3529 ergo
1117 3445 1231 3510 divina
1273 3447 1383 3512 simul
1420 3463 1447 3508 et

318 3543 465 3608 humans
489 3543 559 3629 ejus
583 3555 701 3608 nutum
726 3544 975 3631 exspectabant.
1007 3543 1082 3608 Non
1106 3565 1182 3628 ergo
1207 3546 1276 3628 pati
1302 3545 1444 3610 volebat

318 3663 519 3728 quemquam
544 3643 685 3707 inomni
710 3643 936 3706 dominatione
960 3664 1019 3706 sus
1041 3641 1255 3705 constitutum
1274 3641 1444 3708 Romansr

318 3738 410 3804 urbis
434 3738 629 3803 Pontificem
653 3762 711 3826 pro
736 3739 938 3827 Apostoli00‚
970 3739 1034 3804 nisi
1058 3760 1092 3804 se
1120 3738 1262 3824 jubente
1285 3744 1443 3828 recipen.

317 3847 376 3902 sut
399 3838 470 3923 ejus
492 3835 628 3918 litteras,
653 3839 679 3900 si
695 3839 848 3922 primitus
872 3847 1022 3902 ostensae
1039 3835 1102 3901 sibi
1119 3858 1185 3902 non
1202 3835 1358 3918 inissem,
1385 3839 1443 3902 ull·-

319 3947 413 4022 peeto
448 3937 623 4020 suscipere.
672 3936 851 4000 Primatsm
883 3957 1015 4022 quoque
1045 3934 1138 4018 regni
1169 3935 1230 4018 sui,
1264 3937 1442 4023 archiepis·

318 4027 437 4118 copum
463 4033 537 4096 dico
555 4033 839 4115 Centunriensem,
865 4035 891 4096 si
909 4043 1023 4098 coneto
1048 4031 1194 4116 generali
1210 4034 1440 4120 episcoporum

393 4309 412 4378 ¹)
431 4308 538 4376 Regist.
559 4307 635 4362 vm.
656 4309 697 4362 28.
720 4308 779 4373 (IX.
798 4311 834 4363 in.
