3054 4834
363 501 416 552 336
597 503 671 556 XXI.
691 503 730 557 De
749 503 774 557 S.
794 504 927 571 Gregorio
946 503 1003 558 VII
1020 504 1096 559 Rom.
1116 505 1255 560 Pontifioe.

363 647 491 710 ratione
516 646 674 710 Pontifex
697 646 752 710 bic
777 647 877 711 etism
902 645 1004 734 lepam
1026 649 1234 714 bontacurtem
1257 655 1458 716 auctoritatem

364 754 608 820 commemorat,
632 743 723 808 nullo
747 744 845 809 modo
869 747 1018 830 sequitur
1042 768 1116 810 eum
1142 748 1251 830 iniis,
1277 771 1333 814 seu
1354 751 1459 835 injure

363 841 474 907 sociali
500 841 602 918 medii
625 844 711 924 aevi,
728 843 855 928 fontem
878 855 907 908 ct
931 844 1073 908 radicem
1096 847 1243 928 posuisse
1268 846 1353 912 illius
1373 861 1460 912 aucto-

361 942 468 1004 ritatis
501 962 567 1026 qua
599 941 632 1003 in
665 941 849 1006 Henrieum
883 965 961 1006 usus
991 953 1050 1008 est.
1095 942 1209 1008 Potuit
1234 944 1385 1010 Pontifex
1412 946 1461 1009 illis

362 1035 474 1102 verbis
504 1036 663 1120 indicare,
699 1038 778 1102 talia
810 1041 951 1104 crimina
982 1041 1167 1106 Henricum
1200 1045 1407 1124 commisisse,
1436 1060 1462 1106 ut

363 1147 542 1199 mereretur
588 1135 828 1221 depositionem
873 1138 917 1200 od
955 1138 1139 1224 ooolopiam
1182 1139 1293 1224 legum
1335 1141 1460 1205 civilium

361 1256 485 1312 earum,
528 1232 651 1318 quibus
688 1235 788 1298 etiem
822 1235 1006 1300 minoribus
1041 1236 1237 1302 criminibus
1268 1241 1461 1323 gravissima·

353 1353 497 1417 poenae,
532 1355 561 1397 e.
591 1355 622 1416 g.
657 1331 857 1418 supplicium
890 1332 1055 1418 ultimum,
1087 1334 1327 1400 statuebantur.
1372 1337 1463 1400 Potuit

361 1439 448 1494 certe
472 1433 571 1494 etiam
596 1429 742 1494 alludere
765 1430 809 1495 ad
833 1453 889 1495 eas
913 1432 1145 1517 dispositiones
1164 1434 1261 1518 juris,
1286 1434 1403 1519 quibus
1420 1436 1464 1498 im-

360 1530 407 1613 pii
441 1539 473 1591 et
496 1530 776 1593 excommunicati
810 1542 1023 1594 contumaees
1047 1530 1268 1616 privabantur
1291 1534 1464 1598 muneribus

361 1626 513 1712 publicis.
561 1627 790 1691 Determinata
819 1638 929 1693 tamen
960 1629 1015 1693 lex
1046 1628 1156 1693 civilis
1188 1653 1246 1715 pro
1278 1630 1465 1716 depositione

359 1726 547 1810 principum
581 1747 645 1788 non
678 1725 802 1806 ederat,
841 1739 874 1790 et
906 1726 1068 1812 ejusmodi
1106 1727 1230 1790 fectum
1267 1728 1466 1814 depositionis

359 1826 445 1908 regis
477 1846 536 1908 per
560 1823 754 1886 Pontificem
788 1826 822 1887 in
847 1823 1030 1889 Occidente
1061 1847 1119 1910 per
1141 1825 1237 1912 plura
1260 1826 1392 1890 saecula
1413 1849 1464 1890 oon

358 1923 549 1986 advenerat.
598 1919 693 1984 Certe
717 1921 829 2006 aliqua
852 1923 1041 1987 eonetoetudo
1065 1925 1154 2013 juris
1179 1923 1312 2010 publici,
1354 1923 1464 2010 qualem

358 2019 508 2083 Fenelon
537 2031 569 2081 et
592 2018 745 2082 Gosselin
770 2019 909 2103 fingunt,
944 2043 983 2084 ea
1014 2033 1120 2085 aetate
1151 2021 1208 2086 tali
1240 2023 1274 2087 in
1297 2045 1346 2105 re,
1376 2025 1418 2086 uti
1439 2023 1464 2084 in

358 2115 510 2202 pluribus
542 2115 616 2180 aliis
651 2116 797 2198 casibus,
837 2117 958 2202 quibus
983 2119 1050 2185 RR.
1076 2119 1254 2186 Pontifices
1285 2123 1464 2184 auetoritat-

213 2231 324 2284 ospocsro
361 2237 421 2278 aua
451 2236 604 2299 suprema
636 2215 686 2278 usi
717 2225 806 2299 sunt,
842 2218 951 2280 efferri
978 2239 1044 2281 non
1068 2228 1184 2303 potest.
1230 2218 1464 2303 Depositionen

188 2299 276 2344 ³⁸²⁶&
297 2303 498 2384 ¹’²¹3¹'Henrici
531 2311 707 2376 multorum
739 2315 867 2377 animos
899 2315 1112 2384 vehomenter
1141 2318 1298 2398 movisse,
1339 2317 1465 2381 advertit

186 2369 350 2415 sentement
360 2409 436 2474 Otto
470 2411 692 2494 Frisingensis
727 2411 892 2476 scribens:
936 2411 1033 2503 choa
1062 2416 1110 2478 rei
1148 2413 1229 2496 (scil.
1266 2414 1466 2500 depositionis

358 2507 511 2593 Henriei)
542 2531 576 2570 eo
603 2509 804 2573 uehementius
827 2509 1060 2598 iodipaotiooie
1085 2521 1199 2575 motum
1222 2516 1360 2600 antecepit
1383 2514 1463 2598 Impe-
1495 2581 1496 2592 ἶ

357 2607 448 2683 rium,
473 2630 533 2692 quo
551 2617 805 2694 nunquoruoote
829 2609 903 2671 boec
928 2619 1068 2696 tempora
1091 2611 1271 2699 hujusmodi
1292 2615 1466 2676 sententiaa
1495 2603 1496 2608 ἵ

358 2707 392 2766 in
420 2706 598 2790 pmnct'pem
628 2705 843 2768 Romanorum.
882 2707 1115 2793 promulpatam.
1158 2719 1287 2772 noverat
1303 2711 1340 2790 ¹).
1387 2709 1464 2772 Haec

358 2803 439 2864 tbrte
487 2800 725 2887 aliquantisper
773 2815 972 2888 exaggerata
1020 2816 1112 2888 sunt,
1166 2815 1235 2870 erat
1272 2809 1364 2871 enim
1402 2805 1496 2871 oter

356 2900 495 2964 Henrici
524 2899 572 2963 IV
608 2921 720 2984 nepos.
764 2901 921 2966 Attamen
959 2905 1039 2966 satis
1073 2913 1211 2986 cenetat,
1246 2904 1463 2969 vehementem
1495 2893 1496 2928 ³

357 2993 480 3082 passim
504 2996 595 3082 apud
627 3020 693 3061 non
719 3021 842 3082 paucos
866 3001 966 3064 fuisse
994 3003 1245 3087 oppositionem,
1269 3011 1342 3068 tum
1368 3018 1464 3068 eorm

356 3095 508 3180 Gregorii
535 3095 600 3159 VII
631 3107 701 3160 tum
726 3105 840 3161 contra
864 3096 1002 3162 aliorum
1026 3097 1225 3162 Pontificum
1256 3109 1368 3183 actus,
1400 3101 1463 3166 dun

355 3195 586 3258 auctoritatem
624 3216 718 3258 suam
755 3197 789 3259 in
824 3197 991 3282 principes
1022 3196 1236 3282 exercebant,
1271 3201 1464 3283 nimiumque·
1495 3229 1496 3310 p

430 3577 449 3647 ¹)
469 3577 539 3630 Hist.
560 3577 589 3632 L.
612 3577 658 3632 VI.
679 3594 700 3632 c.
720 3579 755 3632 35
782 3579 973 3646 —Gregorius
993 3579 1050 3646 ipse
1069 3578 1165 3634 scribit
1182 3581 1211 3634 in
1229 3581 1348 3648 epistola
1367 3581 1462 3636 adoer-

353 3673 446 3712 manos
467 3657 606 3726 Rudolpbo
634 3657 811 3712 adhaerentes
834 3675 859 3712 a.
881 3659 965 3712 1079:
1011 3659 1086 3726 ,Qua
1116 3667 1190 3714 certe
1220 3660 1248 3714 tn
1276 3675 1362 3714 ceusu
1387 3659 1461 3713 sullus
1495 3663 1496 3732 ζ

354 3745 474 3794 vestrum
494 3747 603 3807 praeter
621 3736 782 3792 instantiam
801 3737 971 3806 praeliorum,
989 3739 1106 3807 majores
1124 3755 1166 3794 me
1183 3747 1213 3794 et
1224 3742 1333 3808 patitur
1351 3739 1463 3809 injustia

353 3826 382 3874 et
406 3819 503 3874 suffert
528 3819 650 3888 injurios.
688 3819 826 3886 Quotquot
851 3819 922 3874 euim
947 3819 1009 3874 laici
1033 3825 1098 3876 sunt
1124 3836 1215 3875 omnes
1238 3836 1347 3874 mamm
1368 3815 1460 3874 nunti
1495 3815 1496 3840 ¹

354 3908 462 3968 praeter
486 3899 626 3954 elmodum
652 3915 750 3967 paucos
771 3899 883 3954 laudaut
902 3915 934 3953 ao
952 3900 1109 3965 defendunt,
1135 3911 1163 3954 et
1187 3900 1334 3967 pernimiae
1359 3899 1462 3954 durime

353 3995 385 4033 ac
410 3979 559 4046 impietatis
584 3979 655 4032 circa
674 3995 734 4033 eum
758 3996 801 4034 me
819 3979 1012 4047 redarguunt.“
1051 3979 1238 4048 seg.v11.³
1277 4011 1307 4019 -
1339 3979 1462 4034 Immerito

353 4067 443 4114 tamen
469 4059 534 4113 haec
559 4076 575 4112 a
600 4059 692 4113 Nateli
720 4060 871 4114 Alexandro
899 4059 942 4128 (In
967 4075 1036 4114 eaeo.
1056 4060 1104 4116 XI.
1124 4060 1194 4116 Dies.
1213 4059 1249 4114 11.
1273 4069 1326 4114 art.
1345 4061 1389 4125 K}
1409 4059 1460 4110 ate
1495 4065 1496 4090 ¹

320 4133 325 4154 ⁸
354 4149 460 4204 rentur,
486 4140 557 4192 acsi
586 4147 647 4208 post
665 4139 857 4208 depositionem
876 4138 986 4194 Henriei
1012 4140 1114 4208 scripta
1132 4147 1228 4194 essent.
1265 4139 1461 4207 episcobum

354 4219 398 4273 ‹lie
419 4221 448 4272 1⁰
469 4217 592 4273 Octobris
610 4221 674 4274 anni
696 4219 765 4275 1079
790 4220 892 4287 scripta
914 4227 963 4274 est
1001 4219 1033 4274 V.
1056 4219 1136 4284 Me,
1165 4221 1338 4274 Beneuenta
1362 4219 1458 4284 Grues-

353 4317 379 4367 r-
399 4301 460 4356 38³·
