2932 4836
310 493 413 546 Causae
431 489 527 558 quibus
545 490 660 545 schisma
678 501 878 558 pmeparatorn.
1102 493 1155 548 323

60 637 278 722 quinquaginta
303 645 334 698 et
359 645 431 700 octo
455 635 600 720 episcopi
626 633 737 698 sedem
755 631 923 698 OPtanam
939 656 1153 722 occupavero.

59 734 132 797 lnter
156 755 235 820 quos
268 733 403 797 luerunt
425 731 521 796 mnlti
553 733 726 796 sanctitate
759 740 792 794 et
815 731 965 796 doctrina
998 733 1154 818 insignes,

57 831 101 894 sed
121 853 182 896 non
204 833 320 916 pauci,
346 829 503 894 videlicet
526 830 645 914 viginti
669 839 703 892 et
725 850 826 914 unus,
860 838 897 892 ut
908 827 1076 903 ,haeretici
1100 831 1154 895 vel

57 928 207 992 haeresum
246 928 393 992 fautores
427 929 531 991 notati
571 927 796 991 inveniuntur.
849 925 1026 1012 Quumque
1061 928 1155 994 sedes

57 1023 171 1090 CPtana
192 1027 341 1111 potentia
372 1034 405 1088 et
429 1023 558 1088 influxu
589 1025 623 1089 in
649 1023 719 1088 dies
746 1031 844 1088 aucta
876 1023 1007 1107 fuisset,
1043 1025 1155 1090 multis

56 1125 138 1186 etiam
173 1121 278 1186 turbis
322 1122 386 1186 fnit
424 1135 563 1204 vexata3
604 1131 818 1186 recensentur
860 1121 949 1185 enim
987 1123 1155 1208 praesules

53 1223 158 1305 pariter
177 1219 264 1283 ultra
287 1220 426 1303 viginti,
459 1221 516 1304 qui
545 1218 588 1282 ab
612 1218 871 1304 Imperatoribus
903 1218 956 1284 vel
980 1219 1154 1286 haereticis

53 1318 96 1382 rel
123 1317 313 1382 orthodoxis
345 1317 504 1404 depositi,
539 1338 580 1380 ac
610 1317 733 1402 passim
758 1319 858 1380 etiam
890 1317 990 1382 valde
1018 1317 1154 1404 indigne

51 1417 163 1479 tractati
192 1425 279 1479 sunt.
325 1413 436 1500 Atque
469 1437 511 1478 ex
534 1415 580 1478 rei
605 1423 724 1478 natura
748 1413 912 1498 colligitur
944 1417 1089 1502 satisque
1112 1439 1154 1482 ex

52 1513 169 1578 historia
208 1517 355 1596 constat,
396 1511 637 1598 Imperatorum
676 1513 857 1598 potentiam
892 1511 961 1576 sedi
999 1511 1152 1579 OPtanae

51 1633 153 1696 magno
185 1611 286 1675 luisse
310 1609 468 1696 periculo.
516 1609 627 1674 Facile
651 1611 739 1674 eninr
774 1609 964 1692 accidebat,
997 1622 1033 1674 ut
1062 1633 1153 1698 prae-

50 1709 121 1774 sules
150 1708 201 1772 vel
226 1709 374 1772 favorem
399 1719 571 1794 captantes
595 1705 799 1794 imperialem
834 1710 867 1772 in
892 1709 1047 1794 ignavam
1070 1709 1153 1774 redi-

48 1818 187 1889 gerentur
209 1807 420 1886 servitutem,
455 1803 508 1869 vel
538 1828 559 1869 a
582 1804 759 1889 tyrannide
781 1805 1023 1892 Imperatorum
1046 1809 1153 1893 oppri-

50 1917 209 1969 merentur,
233 1905 384 1968 —Porro
404 1904 476 1990 jam
500 1903 578 1968 inde
601 1903 839 1990 atemporibus
853 1903 1151 1970 Justinianirobur

48 2023 79 2064 ac
103 2004 207 2066 virtus
230 2003 360 2065 interna
383 1999 518 2086 Imperii
543 1999 711 2064 orientalis
743 2001 848 2085 magis
881 2003 1052 2088 magisque
1076 2002 1152 2066 defi·

48 2098 179 2181 ciebant,
211 2100 318 2184 iisque
346 2099 458 2162 fucata
481 2098 645 2184 quaedam
674 2108 707 2161 et
729 2099 839 2164 inanis
870 2121 993 2185 pompa
1015 2109 1154 2165 externa

48 2199 198 2262 successit.
247 2195 367 2276 Quoad
390 2217 442 2260 res
465 2205 498 2260 et
521 2194 687 2260 doctrinas
703 2195 943 2261 ecclesiasticas
966 2199 1001 2261 in
1016 2195 1152 2263 Oriente

47 2297 195 2380 stagnatio
229 2295 332 2358 tristis
362 2301 475 2358 secuta
507 2303 556 2358 est
593 2295 791 2357 anteriorem
824 2295 989 2379 vigorem3
1026 2305 1059 2358 et
1089 2295 1151 2361 sub

47 2390 244 2458 leonoelastis
268 2413 329 2476 per
351 2389 453 2454 multa
477 2390 638 2454 decennia
661 2390 812 2454 Ecclesia
843 2390 898 2455 illa
922 2413 1082 2457 concussa
1104 2403 1154 2458 est

48 2489 178 2554 dissidiis
202 2491 341 2553 internis
364 2486 461 2552 valdo
485 2489 634 2552 funestis.

119 2591 149 2654 4.
185 2587 269 2651 'l'res
292 2586 533 2672 patriarchatus
559 2585 724 2667 Orientis,
749 2585 1012 2670 Alexandrinus,
1037 2588 1321 2704 Antio-3³:¹⁴2&

46 2685 154 2752 chenus
178 2695 211 2750 et
233 2682 572 2768 Hierosolymitanus,
601 2682 801 2769 jamdudum
825 2682 886 2747 sub
906 2687 988 2770 jugo
1018 2685 1151 2750 Sarace·
1216 2714 1266 2756 aa

46 2805 148 2848 norum
180 2781 374 2870 gemebant,
408 2791 441 2846 et
463 2803 514 2846 res
539 2780 801 2846 Christianorum
826 2781 949 2846 ibidem
973 2784 1008 2847 in
1033 2783 1153 2847 misera

46 2893 125 2946 erant
157 2881 357 2946 conditione.
404 2880 452 2944 Eo
477 2879 611 2966 majoris
643 2889 714 2944 erat
737 2881 911 2963 momenti,
947 2889 984 2944 ut
1014 2879 1153 2944 ecclesia

48 2979 167 3044 i'Ptana
189 2978 360 3043 Ecclesiae
385 2975 580 3042 occidentali
606 2979 816 3062 maximeque
840 2975 918 3042 Sedi
940 2976 1152 3062 Apostolioae

46 3077 147 3141 intime
169 3097 241 3140 sese
259 3077 425 3162 jungeret,
450 3085 549 3160 atque
572 3095 614 3138 ex
637 3073 695 3138 tali
719 3076 841 3139 unione
860 3094 964 3138 novas
983 3074 1149 3140 deficienti

46 3173 123 3237 ritae
150 3175 337 3260 acquireret
359 3173 463 3254 vires,
494 3181 526 3236 et
555 3181 669 3236 contra
698 3170 871 3236 arbitrium
899 3174 1070 3258 potestatis
1094 3175 1151 3238 im·

46 3271 164 3353 periclis
184 3281 217 3335 et
230 3270 366 3335 fraudes
386 3269 625 3334 haereticorum
644 3269 845 3354 adjutorium
863 3269 994 3334 firmum
1018 3292 1058 3333 ao
1071 3271 1151 3334 vali·

46 3367 115 3431 dum
143 3367 317 3433 obtineret.
364 3367 497 3431 Etenim
521 3366 623 3431 Sedes
646 3366 837 3452 Apostolica
862 3367 933 3452 jam
965 3367 1152 3453 frequenter

46 3466 250 3547 praecedente
272 3475 379 3530 aetate
407 3466 529 3529 sanctis
553 3463 760 3550 praesulibus
783 3463 945 3544 Orientis,
978 3467 1026 3528 uti
1051 3467 1151 3532 Atha·

46 3565 127 3627 nasio
149 3575 181 3628 et
201 3563 300 3628 Petro
323 3563 577 3644 Alexandrinis,
604 3561 851 3646 (lhrysostomo,
876 3561 1047 3646 Flaviano,
1073 3563 1150 3628 Ger·

47 3679 133 3724 mano
149 3660 299 3742 OPtanis,
324 3661 462 3747 aliisque
477 3683 543 3725 non
560 3661 685 3745 paucis,
706 3683 766 3723 sua
781 3659 933 3724 adfuerat
948 3661 1151 3746 protectione

47 3767 75 3818 et
104 3757 208 3824 valida
241 3759 441 3824 defensione.
497 3758 716 3845 Temporibus
743 3756 1022 3822 Iconoclastaram
1056 3759 1149 3824 multi

48 3854 105 3916 riri
136 3857 276 3943 religiosi
310 3857 448 3921 Rommn
483 3857 718 3940 confugerant,
754 3877 814 3919 nec
850 3855 986 3921 deerant
1020 3857 1149 3922 saeculo

47 3963 152 4018 semro
175 3966 206 4020 et
228 3977 315 4020 nono
341 3956 403 4019 viri
428 3957 590 4039 insignes,
624 3955 671 4018 uti
695 3952 890 4017 Theodorus
912 3953 1044 4018 Studita
1067 3954 1150 4039 ejus-

47 4070 107 4132 que
127 4052 291 4140 discipuli,
326 4054 382 4138 qui
407 4052 566 4138 majorem
590 4052 829 4116 connexionem
854 4071 928 4114 cum
953 4050 1038 4116 Sede
1061 4049 1149 4116 Petri

48 4151 230 4216 constituere
271 4161 303 4215 et
338 4171 534 4214 conservare
567 4147 813 4214 adnitebantur.
867 4146 932 4212 Sed
967 4149 1150 4231 generatim

48 4243 217 4314 Orientales
243 4249 376 4314 nonnisi
408 4249 441 4311 in
470 4246 722 4312 difficultatibus
746 4246 858 4330 positi,
891 4254 989 4331 atque
1014 4255 1151 4331 urgente

986 4352 1017 4404 21
1028 4351 1043 4382 *
