3054 4834
128 1557 495 1680 Dissertatio
534 1557 847 1703 vigesima
881 1555 1176 1678 seeundo.

160 1793 222 1872 lie
252 1789 588 1872 continuatione
617 1811 670 1870 ao
697 1789 787 1870 tine
817 1787 1148 1870 casanoversiae

418 1905 564 2007 arima
593 1904 891 1985 investituras.

575 2174 734 2182 —-—.—-—

183 2425 213 2486 1.
251 2405 297 2485 lo
321 2421 504 2486 tendebant
533 2442 648 2484 omnes
671 2417 822 2505 Gregorii
850 2419 915 2483 Vll
939 2429 1008 2483 tmn
1035 2400 1386 2506 antepon·1nsertuous

84 2521 253 2584 titicatum
277 2532 347 2585 tum
372 2529 519 2605 tempore
543 2519 757 2604 pontificatue
788 2528 926 2582 conatus
950 2528 982 2580 et
1005 2514 1144 2600 labores,
1181 2529 1215 2582 nt
1265 2507 1355 2549 illm·

83 2631 201 2683 sumto
227 2618 380 2694 &alesia
416 2639 533 2703 moneo
557 2617 630 2696 Dei,
666 2617 796 2680 (lomina
827 2625 857 2678 et
886 2625 987 2678 mater
1015 2627 1136 2694 nostru,
1172 2615 1216 2679 acl

78 2718 256 2804 proprium
271 2715 397 2780 rediens
413 2715 516 2792 (lectae,
532 2713 645 2791 libera,
661 2724 750 2778 casta
765 2724 795 2775 et
807 2712 961 2776 orrtholioo
970 2715 1215 2798 per·muneret¹).

82 2813 262 2878 Summam
295 2833 375 2875 vero
407 2810 636 2875 difficultatem
667 2821 704 2874 ut
735 2831 871 2896 scopum
906 2811 1107 2893 attingerent
1143 2823 1214 2875 tum

82 2912 251 2994 Gregorio
289 2921 359 2972 tum
401 2907 647 2972 successoribus
677 2909 749 2994 ejus
786 2908 921 2973 creabat
953 2909 1136 2973 inveterata
1168 2911 1215 2972 in·

80 3009 324 3072 vestiturarum
360 3006 573 3072 consuetudo.
625 3007 829 3071 Investitura
860 3005 1021 3070 laicorum
1052 3009 1140 3072 enim
1172 3029 1215 3072 ex

80 3129 154 3172 una
187 3118 280 3194 parte
311 3105 456 3169 maxime
488 3104 603 3168 oberat
628 3104 798 3168 Ecclesiae
832 3102 976 3168 libertati
1001 3114 1035 3167 et
1058 3103 1215 3190 indepen-

80 3205 233 3286 dentiae,
258 3224 297 3266 ac
313 3203 472 3267 simoniae
488 3213 520 3266 et
533 3203 795 3266 incontinentiae
819 3201 915 3266 malis
930 3201 1056 3266 aditum
1082 3201 1213 3268 facilem

81 3301 245 3389 parabat3
276 3301 385 3365 eidem
410 3323 488 3364 vero
512 3323 554 3364 ex
578 3299 682 3364 altera
700 3309 793 3385 parte
815 3301 982 3386 principes
1004 3302 1215 3366 tenacissime

78 3399 319 3481 inhaerebant,
343 3398 489 3485 eoquod
512 3400 709 3463 investitura
733 3397 863 3462 sublata
886 3398 1034 3478 legitima
1058 3420 1117 3462 sua
1136 3401 1215 3485 jura

77 3499 211 3562 aliferri
237 3497 289 3560 vel
314 3496 528 3562 vehementer
552 3495 731 3583 periclitari
756 3493 988 3581 opinabantur.
1036 3496 1132 3562 Unde
1156 3501 1211 3562 rni-

75 3620 157 3662 rum
187 3618 254 3660 non
278 3605 336 3673 est,
360 3597 460 3660 etiam
485 3594 546 3658 sub
571 3593 817 3659 suecessoribus
840 3591 992 3676 Gregorii
1010 3595 1086 3675 Vll,
1110 3618 1213 3682 qurum

75 3699 151 3782 jam
180 3693 223 3756 de
247 3695 408 3758 simoniae
432 3705 464 3756 et
488 3694 748 3758 incontinentiae
772 3690 932 3756 abusibus
950 3694 1089 3757 victoria
1106 3717 1213 3780 repor-

73 3809 151 3859 tata
179 3791 359 3874 videretur,
383 3789 507 3856 luctam
532 3791 573 3856 de
607 3791 813 3854 investituris
845 3812 904 3875 per
931 3789 1026 3876 plura
1051 3791 1214 3856 decennia

74 3913 153 3958 esse
182 3890 421 3954 continuatam.

158 4205 177 4262 ¹)
206 4201 239 4255 V.
259 4203 373 4268 (negor.
393 4197 446 4251 vn
472 4198 612 4266 Epistulae
636 4198 770 4263 collectae,
803 4213 843 4266 ep.
862 4197 907 4262 46,
930 4213 972 4266 ap.
990 4197 1063 4252 Jaiie
1094 4197 1212 4255 Monam.

71 4287 202 4354 Gregor.
224 4297 247 4349 p.
268 4281 326 4336 574.

1053 4360 1104 4412 23·
