3002 4836
501 471 667 524 convocatio
685 469 804 524 t‘cnciiii.
1177 476 1213 526 47

96 614 329 690 contonabitis,
352 613 535 678 nullatenus
555 615 771 678 necessitatem
785 613 947 699 facientes
969 615 1004 678 in
1027 639 1213 702 quocumque

96 710 230 798 mpitala
246 714 305 790 eis,
328 714 385 798 psci
407 736 428 775 a
450 711 734 798 nobisdiripsmmr
757 713 983 796 quoquomodo,
1008 714 1063 778 sed
1075 725 1116 800 'et
1131 717 1215 778 omni

94 810 204 872 honore
226 833 299 874 oum
320 809 536 894 munuficentia
558 820 746 894 cmsrpetente
770 831 821 874 eos
844 811 956 894 dipnoe
977 811 1138 876 melitis.
1172 813 1214 876 Iit

94 907 122 970 si
134 905 259 991 peridem
272 909 399 992 cisimus
413 909 621 985 emesam,
634 930 700 972 ecce
716 906 808 986 lene,
805 931 811 947 ·
834 910 863 972 si
886 919 989 973 autem
1004 912 1129 974 mndme
1143 935 1212 976 con-

92 1006 241 1082 mered,
275 1007 390 1070 ιἰονιιιιι
417 1029 485 1070 cum
515 1007 600 1068 omni
629 1006 824 1070 humanitate
854 1027 906 1070 eos
928 1008 972 1070 ad
993 1031 1051 1072 nos
1078 1009 1212 1097 diripere

92 1103 268 1216 satappatiu
301 1105 377 1190 auia
408 1103 528 1168 dudum
552 1103 668 1167 ibidem
693 1125 755 1188 pro
783 1101 847 1167 zelo
868 1105 946 1186 fidei
973 1118 1212 1172 acaemetarum

92 1203 263 1286 :mammone
286 1201 431 1286 relipioai
453 1203 517 1265 viri
539 1225 577 1265 ac
591 1202 656 1266 Dei
662 1200 787 1286 famuli
802 1202 961 1280 directi,
947 1226 983 1267 m
1006 1203 1102 1268 emilie
1126 1205 1215 1268 missi

93 1311 171 1381 nent,
194 1311 228 1362 et
252 1299 356 1364 boam
379 1297 588 1385 confessionis
609 1301 701 1389 mnus
724 1300 833 1364 mundi
845 1299 1002 1384 flamme
1023 1303 1130 1366 citam.

174 1397 230 1462 53.
258 1395 454 1461 Hadrianus
485 1398 584 1460 etiam
615 1399 776 1461 instanter
805 1397 957 1482 postulat,
982 1407 1018 1462 ut
1041 1401 1214 1465 restituant
1299 1417 1352 1457 esu

92 1495 315 1580 Imperatores
338 1495 537 1579 patrimonia
561 1493 593 1560 S.
618 1495 706 1558 Petri
730 1494 772 1558 ab
798 1495 989 1560 orthodoxis
1007 1498 1214 1582 principibus
1272 1489 1282 1517 ⁸
1318 1491 1359 1519 ⁸²¹·

91 1593 131 1656 ed
166 1594 464 1658 concinnationem
502 1592 716 1658 luminarium
747 1605 779 1656 et
809 1593 999 1658 alimoniam
1031 1615 1213 1678 pauperum

91 1690 165 1755 olim
189 1689 327 1765 collata,
352 1712 483 1755 necnon
506 1692 767 1756 consecrationes
801 1693 1028 1777 episcoporum
1053 1692 1130 1757 Sodi
1154 1693 1215 1756 iso-

92 1811 207 1852 manae
232 1810 280 1852 ex
305 1789 408 1852 veteri
439 1789 508 1870 jure
540 1799 773 1874 competentes.
820 1790 918 1853 Porro
950 1800 980 1852 et
1001 1791 1065 1871 loc,
1091 1791 1214 1869 scribit,

92 1898 224 1950 ocstnsm
248 1909 272 1948 a
296 1886 366 1949 Deo
396 1897 578 1950 coronamm
601 1910 638 1950 ac
655 1887 837 1972 piissimum
854 1889 1013 1972 poscimus
1040 1889 1214 1974 imperium,

91 1996 122 2048 ut
144 1987 173 2048 si
196 2007 310 2048 ceram
342 1995 372 2046 et
400 1984 604 2048 ortlmdoeam
634 1996 762 2050 nanctae
789 1983 959 2048 catholicae
983 1984 1129 2049 sedeciae
1152 1988 1212 2050 Ro·

92 2105 201 2146 manae
227 2083 374 2146 nitimini
403 2081 550 2169 amplecti
569 2083 676 2163 fidem,
709 2085 789 2146 sicud
812 2084 987 2168 antiquitis
1009 2083 1049 2146 ab
1073 2083 1215 2147 orthodo-

89 2182 140 2244 κίε
163 2179 429 2267 Imperatoribns,
454 2203 508 2244 sese
531 2203 552 2242 a
574 2183 706 2244 caeteris
738 2181 919 2244 christianis
937 2180 1086 2264 fidelibus
1109 2181 1216 2245 oblata

90 2288 118 2340 ct
139 2301 295 2342 concessa
317 2289 391 2342 suat
406 2279 610 2363 patrimonia
637 2279 722 2342 beati
746 2279 831 2342 Petri
854 2279 1077 2364 Apostclnnm
1094 2281 1216 2366 prinei-

87 2377 148 2460 pis,
165 2375 322 2463 fautoris
344 2377 450 2451 econ-i,
474 2377 509 2439 in
532 2377 686 2461 intem-um
708 2378 871 2440 resumere
895 2377 1067 2462 dignemini
1085 2400 1147 2464 pro
1172 2377 1217 2441 lu-

92 2476 307 2538 minariorum
338 2474 630 2538 commotionibus
660 2475 759 2537 eidem
782 2475 845 2537 Dei
872 2473 1018 2538 eccleciae
1042 2487 1134 2560 atque
1158 2476 1217 2539 ali·

92 2573 207 2635 moniis
240 2593 432 2657 pauperum.
486 2571 551 2634 Ima
582 2581 611 2634 et
640 2573 887 2636 consecrationes
916 2574 1218 2659 archiepiscoporum

92 2691 145 2732 scu
168 2671 401 2756 episcopatem
425 2671 506 2733 sicut
535 2667 660 2733 olitana
689 2681 811 2734 constat
834 2670 977 2748 traditio,
1001 2679 1127 2734 nostrae
1151 2671 1217 2735 dio-

91 2769 167 2830 cesia
199 2769 374 2831 uidentes
401 2769 531 2852 peniteas
559 2769 706 2832 camnice
736 2777 865 2831 smwtae
893 2769 1056 2832 Romanae
1090 2779 1216 2832 nostrae

92 2867 306 2929 ammonem
329 2865 486 2942 eccleciae,
510 2875 545 2928 ut
559 2887 756 2951 neqoeaqream
769 2867 902 2928 schisma
913 2867 997 2928 inter
1019 2866 1217 2930 concordiam

91 2985 296 3046 personasse
320 2961 427 3026 caleat
450 2963 654 3026 amanam.
700 2999 738 3010 -
781 2963 856 3043 Qua
887 2965 1060 3028 occasione
1092 2972 1125 3026 et
1154 2965 1216 3048 pri-

95 3071 220 3126 matum
251 3059 404 3124 vindicat
433 3059 574 3124 Romani
597 3059 782 3142 Pontificio,
822 3062 1018 3125 successoris
1047 3061 1086 3124 B.
1116 3060 1216 3142 Petri,

94 3164 181 3246 cajus
204 3159 295 3224 eadm
318 3159 353 3222 in
377 3169 441 3222 toto
464 3158 537 3222 orbe
554 3159 700 3243 primatu
710 3158 861 3244 fionpens,
885 3169 981 3244 capnt
1003 3159 1139 3222 omnium
1154 3159 1219 3223 Dei

95 3255 296 3321 ecelesiarum
319 3257 490 3320 comtituta
515 3266 569 3320 est.
594 3293 637 3302 -
661 3255 792 3320 Indicat
814 3265 924 3320 autem
939 3256 1131 3320 Hadrianus
1155 3254 1217 3320 hoc

96 3353 165 3418 loco
191 3354 361 3420 dioeceses
375 3351 515 3437 Illyrici,
533 3353 667 3419 Siciliae
690 3353 852 3418 etItaliae
877 3352 1111 3434 meridionalis,
1136 3375 1217 3440 quas

16 3495 21 3513 .
97 3449 317 3538 Imperatores
339 3451 547 3516 iconomachi
567 3452 636 3536 juri
661 3450 903 3537 patriarchatus
927 3452 1067 3516 Romani
1092 3449 1217 3515 subtra-

99 3561 224 3614 xernnt.
249 3587 291 3597 -—

184 3649 236 3712 54.
261 3647 418 3712 Pontifex
449 3649 527 3713 dein
558 3648 785 3733 conqueritur,
817 3647 906 3735 quod
936 3647 1072 3710 'Petusio
1104 3645 1218 3710 titulus

100 3745 308 3826 patriarchae
324 3747 511 3810 oecumenici
533 3744 707 3811 tribuatur.
731 3747 848 3810 Mirmi
870 3768 985 3824 nunus,
1002 3746 1119 3830 inquit,
1135 3745 1219 3831 quod

101 3843 134 3903 in
155 3845 267 3907 vatris
290 3843 511 3930 inopesialilus
526 3845 629 3932 jussis
637 3865 701 3929 pro
712 3843 900 3929 patriarcha
922 3845 1028 3928 sepiae
1049 3843 1138 3907 urbis
1161 3845 1217 3907 aci·

101 3936 171 4002 licet
194 3939 332 4005 Tarasic
357 3941 495 4019 directis,
523 3939 738 4005 Universalem
764 3939 812 4004 ibi
837 3943 1011 4026 reperimus
1034 3951 1218 4020 cerasetum·

102 4037 154 4102 scd
174 4050 278 4103 unum
298 4061 359 4126 per
381 4040 583 4126 imperitiam,
608 4048 665 4103 aut
687 4039 828 4118 adama,
851 4039 900 4103 eel
923 4039 1074 4104 haeresim
1097 4040 1217 4123 irripue-

102 4159 168 4198 rum
188 4139 340 4222 scriptum
362 4147 417 4216 est,
440 4138 631 4222 ipsoramue.
652 4137 885 4222 ...Deinceps
908 4139 1073 4202 suademus
1096 4147 1217 4200 cestrae

103 4231 352 4300 ἀωιιιιίιιίπιαι
375 4235 596 4322 imperialique
625 4237 799 4322 potentiae,
829 4247 864 4298 ut
886 4235 1011 4299 minime
1032 4235 1067 4297 in
1091 4255 1218 4298 suarum
