2922 4832
308 471 361 527 150
557 469 632 525 xm
663 470 869 526 Controversise
888 473 918 522 et
936 467 1047 537 Imperii
1065 469 1177 525 indoles.

305 615 398 679 nisus
422 621 480 678 est.
526 613 733 679 Tendentiae
767 612 843 679 illae
873 613 1100 698 Imperatoris,
1133 635 1216 700 quas
1248 637 1291 680 ex
1312 615 1406 680 matris

197 759 198 762 ,
305 711 388 776 forte
419 711 549 777 influxu
580 710 748 792 hauserat,
784 713 900 776 merito
933 709 1024 775 haud
1054 711 1210 778 omnibus
1239 712 1405 799 placebant

305 831 368 874 nec
390 811 524 894 ingenio
549 807 816 874 Occidentalium
841 806 1095 874 conveniebant.

152 930 281 1036 awt-
394 933 448 1000 52.
486 933 581 998 Varii
612 935 787 1020 scriptores
804 935 931 998 coaevi
962 943 994 998 et
1021 955 1182 1020 suppares
1210 935 1252 1001 ds
1276 938 1343 1001 istis
1364 935 1407 1001 0t·

305 1034 392 1096 tonis
415 1031 466 1096 111
506 1030 678 1096 desideriis
708 1040 741 1096 et
772 1030 900 1097 nisibus
933 1033 1027 1096 varia
1057 1032 1215 1099 referunt.
1261 1033 1313 1098 Ita
1340 1055 1365 1099 e.
1384 1057 1408 1118 g.

306 1128 517 1195 Thietmarus
549 1131 584 1194 in
616 1152 675 1195 suo
700 1129 865 1194 Chronico
889 1129 929 1194 L.
952 1129 1018 1194 IV:
1057 1130 1234 1216 Imperator
1266 1135 1411 1218 ammaon

307 1230 522 1292 Romanorum
545 1227 799 1292 consuetudinem
807 1232 879 1316 jam
902 1238 1050 1314 enpanti
1073 1251 1189 1313 maprra
1204 1228 1340 1294 deletam
1359 1233 1412 1293 mi
1453 1307 1454 1328 ¹

306 1327 435 1413 cupiens
458 1347 608 1390 renovare
633 1325 834 1412 temporibus,
858 1324 958 1390 multa
972 1325 1120 1411 faciebat
1138 1348 1218 1411 quae
1240 1327 1357 1391 diuersi
1375 1327 1410 1388 di·
1453 1339 1454 1388 t

305 1445 392 1488 verse
415 1423 602 1488 renuebant.
650 1421 743 1488 Solus
767 1423 812 1487 ad
839 1445 978 1488 mnsam
1006 1423 1100 1508 quasi
1129 1425 1341 1490 amminiculor
1354 1425 1413 1511 sac-
1453 1419 1454 1428 ’

308 1529 372 1585 tam
395 1521 461 1586 loeo
485 1523 618 1585 caemris
641 1521 840 1586 eminentiori
866 1519 1036 1602 sedebat.²)
1088 1519 1132 1584 Et
1155 1519 1344 1587 Chronioon
1366 1520 1413 1586 Ca·

308 1640 507 1700 meracense,
532 1639 647 1684 versus
668 1618 815 1683 medium
839 1616 1007 1682 saecrdum
1032 1617 1083 1682 XI
1107 1622 1341 1706 conscriptum,
1364 1620 1413 1684 hac
1453 1611 1454 1666 l

308 1718 350 1783 dc
373 1739 407 1781 re
437 1719 500 1782 ists
523 1716 638 1782 habet:
675 1717 796 1782 Eoelem
823 1726 958 1802 tempore
987 1717 1165 1801 imperator
1191 1719 1329 1782 Romam
1351 1741 1412 1806 pro

299 1815 409 1902 fectus
429 1817 465 1879 in
489 1817 619 1901 antiqno
637 1815 783 1902 palatio,
817 1813 900 1898 quod
923 1823 969 1878 est
990 1815 1026 1878 in
1048 1824 1150 1878 monte
1172 1814 1342 1896 Auentino,
1364 1839 1414 1880 ner·

308 1913 457 1994 sabotam·
488 1924 518 1978 et
547 1916 640 1978 mcuti
662 1913 790 2002 juvenis
821 1923 884 1975 tam
915 1911 1035 1976 uiribus
1065 1911 1177 1976 audac
1203 1935 1300 1998 quam
1321 1935 1414 2000 pensu
1453 1903 1454 1992 l

303 2022 429 2098 potens,
453 2035 599 2097 mapnum
621 2011 774 2097 quiddam
796 2012 858 2073 imo
883 2019 913 2073 et
927 2009 1134 2097 improbabile
1158 2013 1313 2097 capitanus,
1336 2013 1415 2076 cirta
1453 2039 1454 2096 ξ

310 2119 370 2172 tem
392 2111 531 2173 Romani
553 2109 685 2196 Imperii
711 2109 755 2172 ad
779 2109 959 2194 potentiam
984 2119 1120 2172 aearum
1149 2132 1256 2194 repam
1286 2107 1414 2174 attollere

310 2207 492 2271 conabatur.
539 2207 647 2272 Mores
670 2208 766 2271 ctiam
789 2205 1025 2284 ecclesiasticos,
1048 2229 1125 2291 qnos
1148 2208 1293 2271 aaamtia
1316 2209 1416 2271 Roma·

310 2328 421 2369 norum
439 2309 553 2392 prauis
575 2305 864 2370 commercatioaum
892 2303 1002 2368 usibus
1023 2303 1178 2382 vitiabat,
1214 2305 1263 2368 'ad
1291 2327 1417 2369 norman

305 2404 429 2490 prioris
458 2406 583 2490 pretim
612 2401 810 2467 assumebat.
861 2401 902 2467 Ut
933 2412 1037 2465 autem
1065 2401 1226 2487 efficacias
1246 2403 1308 2467 lroc
1326 2401 1417 2489 persc-

310 2502 412 2579 sisset,
445 2525 596 2566 sammam
618 2500 865 2586 familiaritatis
897 2500 1034 2585 matiam
1067 2498 1232 2565 coebibebat
1266 2501 1417 2574 Roamnie,

309 2600 454 2685 ipsosque
486 2609 522 2663 ut
559 2599 697 2664 locorum
734 2597 860 2662 accolas
892 2609 923 2661 ct
953 2619 1074 2661 morum
1106 2621 1143 2661 ae
1173 2599 1418 2663 conantudinan

308 2717 425 2782 aaaron
448 2696 514 2760 ouis
541 2697 719 2761 Teutonicis
741 2694 945 2782 praeferens,
977 2694 1178 2759 cormiliacinse
1207 2695 1270 2760 ribi
1300 2693 1418 2759 babebat

309 2804 340 2858 et
358 2795 489 2880 primos.
530 2793 691 2858 Nimirum
715 2792 789 2857 bene
813 2803 843 2858 et
866 2793 1048 2857 satismute
1071 2793 1271 2879 dispositum,
1296 2796 1327 2858 si
1347 2791 1419 2880 effer-

310 2902 375 2956 tum
397 2893 596 2977 contingeret.
644 2890 707 2955 Sed
729 2902 873 2956 neutuna
895 2890 1043 2956 habitum.
1094 2889 1162 2964 Quo
1191 2892 1275 2955 enim
1298 2891 1419 2956 inclina·

310 2991 419 3052 tiorem
440 2991 596 3054 Romanis
612 2990 804 3077 praestabat
825 2991 975 3074 qratiam,
1000 2999 1088 3053 tanto
1112 2989 1348 3054 cervicatiorem
1359 3011 1419 3074 pro·

310 3087 420 3152 dielcre
447 3086 635 3174 superbiam.
684 3086 867 3172 Plerumque
900 3088 1013 3151 etenim
1047 3087 1190 3150 maccima
1211 3085 1420 3173 familiaritas

311 3195 517 3271 contemptum
534 3185 669 3272 periti)

398 3301 452 3366 53.
476 3301 587 3366 Etiam
611 3302 647 3365 in
669 3300 768 3365 rebus
783 3299 1015 3365 ecclesiasticis
1038 3299 1194 3365 Ottonem
1217 3299 1271 3364 111
1295 3301 1420 3364 nimiam

309 3397 373 3463 sibi
398 3399 626 3464 auctoritatem
653 3398 849 3481 vindicasse,
875 3421 918 3463 ex
935 3399 1037 3464 variis
1061 3399 1157 3462 factis
1181 3397 1358 3484 colligitur.
1379 3395 1420 3460 In

310 3517 413 3582 quum
442 3519 529 3561 anno
563 3497 648 3562 1000
672 3495 749 3562 Otto
774 3494 956 3562 Gnesniam
988 3498 1023 3562 in
1046 3496 1184 3562 Polonia
1216 3497 1420 3582 pervenisset

310 3615 368 3679 pro
392 3593 528 3659 arbitrio
553 3617 611 3660 suo
635 3594 939 3681 archiepiscopatus
967 3605 1000 3659 et
1023 3596 1275 3680 episcopatuum
1300 3593 1420 3658 erectio

309 3713 385 3758 nem
409 3702 442 3756 et
465 3692 732 3758 distributionem
765 3691 950 3780 instituit‚³)
985 3716 1024 3757 ac
1049 3692 1134 3757 forte
1158 3695 1186 3757 si
1209 3691 1348 3758 consilia
1372 3711 1422 3754 sus

310 3811 431 3875 magna
461 3789 502 3854 de
530 3793 738 3856 testinatione
767 3791 903 3878 Imperii
934 3791 1076 3856 Romani
1108 3793 1228 3877 exequi
1260 3792 1419 3877 potuisset

309 3888 383 3975 plus
413 3911 518 3975 aequo
542 3890 563 3955 J
567 3891 724 3954 ustiniani
747 3889 954 3977 aliorumque
976 3911 1171 3976 graecorum
1192 3889 1421 3973 Imperatorum

311 4025 521 4036 ..—

384 4093 404 4157 ι)
422 4093 473 4161 Ap.
492 4093 574 4148 Perta
593 4093 629 4150 M.
648 4093 680 4149 G.
699 4093 754 4148 Sor.
774 4092 826 4150 111.
847 4093 906 4148 781.

382 4171 406 4242 ¹)
424 4171 514 4238 Perta,
533 4174 587 4229 Ser.
607 4173 669 4228 VII.
688 4174 750 4228 tol.

381 4251 403 4321 ⁵)
423 4252 478 4308 Cir.
498 4253 671 4323 Damberger‚
689 4252 722 4306 V.
741 4268 766 4322 p.
785 4251 847 4308 530.
