2952 4832
278 447 331 496 em
510 443 583 496 XXI.
604 443 643 495 De
662 443 685 496 S.
707 441 838 508 Gregorio
860 443 913 497 VII
931 444 1006 498 Rom.
1028 447 1168 501 pontifice.

279 601 308 650 et
338 587 514 663 abbatibus,
546 585 669 650 clericis
699 597 728 648 et
747 588 914 663 monacbis,
951 589 1213 652 consentientibus
1240 591 1385 675 piso-imis.
1453 552 1458 591 1

280 685 379 749 turbis
404 687 562 770 utriusque
592 707 683 748 senus
708 696 736 746 et
759 684 879 748 diuersi
902 685 1026 749 ordinis
1056 688 1312 764 acclamantibus,
1340 692 1384 754 eii·
1457 686 1458 722 ³

279 787 379 869 pimus
403 783 491 846 uobis
515 785 549 846 iu
575 783 735 846 Pastorem
759 793 788 844 et
811 806 960 846 summum
985 785 1163 868 Pontificem
1197 789 1296 848 rit-um
1324 787 1385 851 rdi-

278 884 407 966 piosum,
431 881 584 966 penuiuae
608 883 767 958 scientiae,
787 881 963 966 pmrdentia
972 880 1156 966 pollentem,
1181 886 1347 970 aequitatis
1364 897 1387 946 rt
1453 934 1458 945 .

272 981 421 1068 justitiae
446 991 617 1042 amatorem
634 981 955 1065 praestantissimum,
986 981 1021 1041 in
1045 980 1191 1043 adcersis
1205 981 1334 1066 fertem,
1360 985 1387 1044 in
1455 1003 1459 1013 ·

275 1078 443 1163 prosperis
467 1087 679 1162 temperatum,
714 1087 743 1140 et
759 1080 858 1166 justa
884 1077 1031 1161 Apostoli
1055 1079 1172 1141 dictum
1197 1079 1288 1144 benis
1311 1085 1387 1143 niori·

282 1175 338 1238 bus
354 1185 509 1251 ornatum,
519 1175 683 1260 pudicum,
699 1176 878 1252 modestum,
895 1175 1041 1252 sobrium,
1057 1187 1187 1252 castum,
1204 1177 1388 1263 hospitalem,
1454 1198 1460 1213 ¹

281 1273 404 1336 domam
428 1295 516 1336 tuam
541 1271 615 1336 bene
638 1284 802 1356 repentem,
827 1275 861 1336 in
876 1275 992 1356 premio
1016 1274 1107 1361 brrjus
1127 1276 1240 1336 orabis
1256 1275 1390 1338 ecclesius
1454 1296 1460 1311 ·

281 1397 302 1434 a
314 1374 458 1457 pueritia
481 1371 560 1434 satis
582 1370 732 1432 nobiliter
755 1371 919 1433 educatum
934 1380 964 1432 et
979 1371 1111 1449 doctum,
1137 1384 1229 1456 stipite
1243 1396 1304 1456 pro
1319 1375 1391 1435 citos

281 1472 390 1533 merito
421 1472 455 1531 in
478 1469 755 1532 archidiaconatus
778 1469 923 1532 bonorem
946 1491 1042 1553 resqrte
1075 1471 1166 1532 bodie
1189 1470 1390 1545 sublimatum,
1461 1525 1462 1529 ,

282 1567 506 1632 ildebrandum.
537 1567 682 1630 uidelicet
706 1567 969 1642 archidiaconum,
1002 1591 1089 1651 qreem
1113 1569 1226 1630 aurardo
1255 1581 1287 1630 et
1310 1593 1391 1654 rosque

281 1670 315 1730 in
340 1669 560 1752 serrrpiteruum
585 1675 614 1727 et
637 1687 701 1727 esse
726 1675 755 1727 et
779 1665 844 1726 dici
870 1663 1055 1748 Greporium
1078 1667 1200 1752 Pupam
1224 1677 1252 1728 ei
1271 1667 1391 1753 Aposto-

282 1767 375 1826 Iicum
400 1764 537 1827 rolunuus
562 1773 591 1825 et
614 1761 835 1848 approbamur.
863 1799 904 1807 -
929 1761 1037 1824 Placet
1061 1763 1170 1826 robis?
1207 1763 1328 1827 Placet.
1357 1802 1391 1810 -

291 1863 504 1926 Vobiscum?
550 1860 705 1924 Volumus.
742 1897 785 1906 -·—
822 1860 979 1924 [maderiis
1007 1863 1096 1924 eumd
1137 1863 1330 1926 [arcidamus.
1358 1901 1391 1910 -

282 1961 365 2024 Acta
389 1963 518 2038 Romae,
543 1959 581 2022 X.
606 1957 673 2021 Kal
708 1960 801 2028 binii,
827 1959 1003 2020 indictione
1027 1960 1078 2021 XI
1089 1961 1123 2040 ¹).
1149 1997 1192 2006 -
1218 1961 1320 2046 Apud
1343 1961 1392 2024 Bo-

282 2061 433 2122 nizonem
466 2057 612 2143 aliosque
642 2060 816 2142 scriptores
844 2056 973 2140 legitur,
1006 2057 1181 2142 Hugonem
1213 2057 1392 2123 Candidum
1467 2137 1468 2140 Ἴ

284 2155 494 2221 Oardinsirm
520 2159 553 2220 in
578 2153 718 2218 ecclesie
741 2155 958 2218 Laterunensi
982 2156 1111 2220 fervore
1136 2157 1284 2241 quodam
1308 2180 1392 2244 pecu·
1467 2151 1468 2164 ¹

281 2255 354 2319 lieri
380 2257 580 2338 promovisse
606 2253 800 2316 electionem
825 2263 857 2315 et
873 2253 1165 2338 proclamationem
1183 2255 1394 2322 Hildebrandi
1462 2257 1468 2335 j

283 2355 317 2416 in
342 2352 547 2415 Pontificem.
596 2351 708 2430 Quum
733 2351 810 2434 jum
834 2352 963 2415 rideret
996 2353 1142 2415 oninium
1168 2363 1247 2416 vota
1271 2356 1307 2416 in
1331 2375 1396 2416 eum

283 2451 434 2530 conferri,
461 2451 512 2512 vir
526 2449 707 2512 ambitione
731 2447 847 2533 plenus
863 2449 919 2512 sed
936 2451 1097 2512 anteactis
1113 2463 1299 2536 suspectus
1324 2451 1396 2514 forre
1465 2459 1466 2462 ’

284 2549 348 2612 hac
380 2550 507 2612 ratione
539 2548 606 2610 suis
637 2549 825 2632 prospicere
856 2557 993 2610 conatus
1026 2556 1075 2610 est
1099 2547 1295 2628 commodis,
1327 2549 1398 2612 dum

284 2667 441 2728 magnum
465 2643 615 2708 ardorem
641 2646 674 2708 in
698 2647 902 2730 promotione
921 2643 1140 2709 Hildebrandi
1167 2647 1387 2711 manifestarit

373 2789 426 2853 54.
474 2787 653 2871 Gregorius
677 2785 742 2850 VII
774 2787 827 2850 die
864 2787 1072 2851 Pentecostes
1106 2789 1163 2869 (22
1188 2789 1285 2870 Maii)
1323 2809 1397 2874 pres-

284 2887 454 2971 byteratus
479 2885 626 2948 ordinem
653 2887 806 2968 suscepit,
833 2883 889 2948 sed
914 2907 979 2948 non
1005 2887 1068 2950 nisi
1093 2886 1147 2950 die
1172 2887 1256 2950 festo
1281 2899 1397 2950 sancto-

286 3007 357 3048 rum
383 2984 470 3047 Petri
495 2993 527 3047 et
550 2981 644 3047 Pauli
670 2984 704 3046 in
727 2982 923 3046 Pontificem
954 2993 1162 3047 consec-ratus
1187 2993 1247 3050 est.
1296 2985 1399 3048 Morse

284 3085 366 3146 ratio
390 3083 463 3164 fuit,
488 3081 576 3166 quod
601 3082 727 3145 nuntiis
752 3090 784 3144 et
799 3080 916 3144 litteris
933 3083 1042 3144 missis
1066 3103 1141 3144 oum
1161 3080 1307 3146 chrico
1330 3101 1399 3162 rege

285 3181 326 3245 de
359 3203 520 3244 consensu
554 3182 587 3242 in
613 3179 807 3243 electionem
837 3189 998 3263 ageretur.
1047 3180 1097 3242 Ex
1122 3179 1294 3243 Bonizone
1317 3180 1397 3242 enin

285 3279 459 3363 colligitur,
485 3277 682 3360 Gregorium
706 3299 765 3363 per
781 3275 951 3361 epistolum
969 3275 1162 3341 electionem
1188 3279 1259 3360 regi
1280 3297 1399 3340 annun-

285 3381 392 3458 tiasse,
417 3377 482 3439 imo
507 3375 681 3456 studuisse,
706 3383 742 3438 ut
766 3375 926 3459 denegato
950 3377 1037 3458 regis
1061 3397 1223 3439 consensu
1237 3375 1398 3460 pontifice·

285 3491 355 3540 tum
380 3474 545 3538 declinare
569 3484 687 3558 posset.
737 3473 908 3552 Quinercns
925 3473 1081 3537 videlicet
1104 3475 1230 3536 evitare
1256 3472 1400 3536 sublimis

285 3574 431 3637 muneris
463 3571 619 3658 pericula,
652 3595 716 3635 non
748 3571 838 3635 aliud
868 3573 997 3650 incenit,
1029 3596 1121 3658 qztnm
1153 3584 1188 3635 ut
1220 3575 1288 3656 repi
1317 3593 1399 3634 erton

283 3671 460 3756 notificaret
483 3671 662 3734 electionem
685 3681 714 3734 et
726 3693 786 3756 per
809 3694 886 3746 enm,
911 3672 940 3733 si
949 3681 1068 3756 posset,
1093 3670 1154 3733 sibi
1163 3669 1285 3756 papale
1309 3671 1398 3754 impu

285 3773 378 3835 eitum
403 3792 480 3832 emus
503 3769 667 3833 devitaret.
716 3769 804 3831 Nam
825 3769 930 3832 missis
954 3769 998 3831 ad
1021 3791 1089 3831 eum
1111 3771 1258 3832 continuo
1282 3767 1398 3837 litteris,

286 3881 315 3934 et
339 3879 467 3932 martem
492 3855 601 3953 Popoe
624 3867 806 3949 notificavit,
843 3877 873 3929 et
896 3887 985 3930 suum
1008 3868 1039 3928 ei
1061 3865 1242 3929 electionem
1264 3864 1398 3928 denunti·

286 3971 362 4046 (trit,
387 3967 617 4044 interminatus,
649 3987 680 4028 se
704 3967 734 4028 si
757 3969 823 4053 ejus
847 3963 994 4028 electioni
1017 3985 1178 4027 assensum
1196 3962 1397 4049 praebuisset,

361 4231 381 4295 ¹)
401 4229 450 4296 Ap.
471 4229 633 4297 witterici,
653 4231 674 4285 I.
695 4233 747 4285 293
