2932 4836
311 474 366 529 314
467 473 541 529 XVI.
579 473 683 528 Causae
702 473 819 529 celebres
838 479 867 528 et
884 475 1039 530 Decretales
1059 474 1278 530 Pseudo-Isidori.

313 617 512 703 praesulum,
537 615 716 682 Guntbarii
733 615 939 682 Coloniensis
963 628 996 682 et
1013 617 1196 683 Zachariae
1211 619 1419 703 Anagniensis

312 717 532 795 tractarent.¹)
885 747 900 780 ι

134 870 258 915 moun
277 873 300 914 in
404 859 476 924 lll.
491 858 531 922 In
551 867 661 922 monte
675 855 822 940 Cassino,
841 879 942 944 quum
956 856 1148 922 Hadrianus
1160 857 1194 922 II
1209 868 1242 921 ct
1256 855 1420 921 Lotharius

150 932 288 1038 ¹⁰22&
310 957 537 1040 convenirent,
564 956 793 1042 episcoporum
810 955 974 1040 synodum
990 955 1188 1020 celebratam
1208 955 1319 1037 fuisse,
1342 953 1419 1018 nullo

310 1054 434 1119 indicio
461 1077 503 1118 cx
527 1051 691 1118 historicis
712 1052 891 1138 colligitur,
917 1055 982 1118 imo
999 1053 1158 1139 adjuncta
1178 1052 1326 1134 suadent,
1350 1053 1419 1116 Pon-

309 1151 434 1216 tificem
460 1153 531 1216 sine
555 1152 785 1237 episcoporum
818 1151 962 1237 plurium
987 1152 1145 1215 comitatu
1176 1151 1219 1215 ad
1244 1149 1334 1214 illum
1358 1172 1419 1214 eon·

310 1260 447 1314 ventum
473 1248 638 1313 adscitum
661 1247 771 1329 fuisse,
797 1271 861 1334 quo
885 1248 1016 1314 facilius
1035 1248 1214 1314 Lotharius
1238 1249 1326 1335 quod
1350 1247 1419 1312 desi-

311 1346 449 1412 derabat
480 1345 652 1410 obtineret.
699 1346 754 1410 Ab
779 1346 960 1410 Hincmaro
994 1348 1026 1410 in
1052 1345 1241 1411 Annalibus
1270 1369 1321 1410 res
1343 1346 1419 1410 hisce

308 1446 466 1509 refertur:
504 1443 701 1527 ,Lotharius
734 1453 846 1508 autem
870 1443 1009 1508 Romam
1042 1444 1190 1524 rediens,
1223 1467 1243 1508 a
1266 1442 1364 1508 latere
1385 1443 1419 1506 ad

309 1565 408 1607 suum
438 1542 573 1606 fratrem
613 1543 647 1605 in
678 1541 908 1606 Beneventum
939 1564 1042 1628 usque
1078 1542 1246 1627 pervenit,
1283 1553 1316 1605 et
1343 1539 1418 1626 apud

309 1662 387 1704 eum
412 1637 729 1725 perEngelbcrgam
755 1637 866 1702 multis
887 1639 1103 1723 petitionibus
1128 1637 1281 1722 obtinuit,
1307 1651 1342 1703 ut
1361 1641 1419 1724 ipsa

310 1722 521 1822 Erigelberga
554 1758 630 1800 cum
655 1758 692 1800 eo
730 1735 898 1822 usquead
932 1738 1166 1800 monasterium
1201 1739 1307 1800 sancti
1330 1737 1419 1800 Bene·

310 1837 409 1916 dicti,
444 1835 531 1921 quod
566 1836 599 1898 in
634 1843 744 1898 monte
777 1833 914 1898 Cassino
949 1836 1047 1898 situm
1081 1845 1146 1916 est,
1179 1834 1312 1899 rediret.
1358 1833 1418 1914 Quo

310 1935 411 1998 ctiam
444 1932 631 1996 Adrianum
666 1955 786 2018 papam
820 1932 927 1996 eidem
961 1931 1190 2018 Engelbergae
1231 1944 1263 1997 et
1296 1932 1357 1997 sibi
1386 1953 1418 1994 cx

302 2032 455 2118 jussione
488 2033 694 2115 imperatoris
718 2032 832 2094 venire
856 2029 950 2110 fecit,
983 2041 1015 2094 et
1038 2030 1127 2115 opud
1152 2053 1245 2109 eum,
1277 2031 1360 2094 datis
1381 2029 1416 2092 illi

311 2127 423 2194 multis
447 2127 640 2192 muneribus
664 2127 817 2210 obtinuit,
846 2139 883 2191 ut
906 2127 995 2191 idem
1020 2150 1107 2215 papa
1131 2127 1177 2193 illi
1202 2131 1335 2192 missam
1358 2149 1418 2191 can·

308 2229 446 2309 taverit,
479 2237 510 2290 et
533 2249 661 2290 sacram
689 2227 955 2292 communionem
980 2223 1043 2289 hac
1067 2227 1303 2291 convenientia
1326 2229 1353 2290 ei
1376 2225 1417 2288 do·

308 2326 458 2406 navarit,
490 2326 535 2404 si,
567 2333 741 2410 postquam
765 2323 922 2387 Nicolaus
952 2345 1038 2409 papa
1063 2323 1281 2388 Waldradam
1306 2343 1419 2388 excom·

310 2423 513 2506 municavit,
545 2421 674 2487 nullum
698 2444 774 2486 cum
799 2445 838 2485 ea
862 2420 1116 2485 contubernium
1141 2422 1193 2486 vel
1220 2421 1359 2486 carnalis
1380 2441 1418 2483 co-

308 2519 408 2608 pulae
442 2521 710 2600 mercimonium,
747 2521 827 2605 quin
860 2541 922 2583 nec
956 2518 1155 2605 colloquium
1189 2520 1354 2607 quoddam
1376 2518 1419 2581 ba·

310 2619 430 2684 buerit.
476 2617 552 2702 Ipse
583 2627 694 2682 autem
719 2616 853 2698 infelix,
891 2639 980 2681 more
1003 2616 1132 2698 Judae,
1168 2616 1321 2681 simulata
1349 2617 1419 2680 bona

307 2717 513 2782 conscientia
545 2725 576 2778 et
600 2714 785 2802 impudenti
817 2713 924 2778 fronte
949 2714 1099 2779 eamdem
1133 2737 1261 2779 sacram
1293 2735 1419 2780 commu·

310 2815 443 2880 nionem
476 2814 536 2878 sub
569 2813 632 2877 hac
657 2815 878 2877 conventione
910 2813 1059 2897 accipere
1084 2834 1150 2876 non
1174 2815 1344 2899 pertimuit
1371 2831 1418 2874 nec

308 2913 492 2992 recusavit3
530 2910 587 2975 sed
611 2921 643 2976 ct
667 2913 716 2975 sui
740 2911 885 2974 fautores
918 2932 994 2973 cum
1018 2931 1056 2974 eo
1092 2908 1229 2996 abipso
1254 2931 1418 2998 papapcr·

308 3031 428 3095 cepere
452 3010 730 3092 communionem,
756 3009 840 3071 inter
864 3029 945 3093 quos
970 3018 1002 3070 et
1024 3005 1239 3088 Guntharius,
1265 3019 1375 3073 auctor
1394 3021 1418 3067 et

310 3108 462 3170 incentor
485 3107 583 3193 hujus
607 3105 732 3192 publici
755 3105 919 3188 adulterii,
946 3107 1213 3170 communionem
1234 3107 1321 3170 inter
1335 3106 1418 3170 laicos

308 3205 353 3270 ab
387 3206 503 3269 eodem
532 3204 682 3269 Adriano
707 3227 793 3290 papa
818 3204 1010 3290 accepit.“²)
1062 3203 1185 3287 Vides,
1219 3203 1346 3268 nullum
1375 3199 1418 3264 ali·

308 3303 406 3390 cujus
438 3303 556 3388 synodi
587 3301 643 3366 hic
675 3303 818 3366 inveniri
849 3303 1043 3385 vestigium,
1079 3303 1145 3366 imo
1177 3324 1219 3365 ex
1248 3303 1418 3366 narratione

309 3401 486 3467 Hincmari
510 3411 542 3464 et
566 3423 608 3464 ex
632 3399 799 3486 adjunctis
823 3401 932 3486 potius
957 3400 1150 3485 conjicitur,
1182 3399 1371 3464 Lotharium
1392 3397 1416 3458 iu

309 3501 422 3563 animo
446 3497 621 3580 habuisse,
653 3508 689 3561 ut
712 3521 814 3584 quum
839 3496 926 3562 solus
949 3497 1105 3562 Pontifex
1129 3520 1231 3562 senex
1260 3500 1302 3563 ad
1326 3516 1416 3562 mona·

307 3599 448 3662 sterium
478 3620 503 3662 s.
534 3596 709 3661 Benedicti
738 3598 884 3674 veniret,
919 3597 988 3681 ipse
1023 3594 1112 3659 molli
1136 3617 1287 3661 sermone
1319 3605 1348 3659 ct
1368 3612 1416 3677 ope

309 3695 541 3780 Engelbergao
560 3694 799 3779 Imperatricis,
825 3693 972 3757 mulieris
996 3694 1030 3756 in
1054 3694 1194 3778 negotiis
1219 3689 1414 3780 disponendis

308 3794 397 3858 beno
421 3802 581 3872 versatae,
606 3791 817 3855 Hadrianum
842 3790 904 3855 sibi
930 3789 1131 3856 conciliaret.

309 3971 524 3982 ..μ-...-

387 4077 406 4144 ¹)
425 4077 458 4130 A.
486 4074 604 4143 Lapotre
623 4075 648 4130 S.
668 4074 707 4140 J.,
732 4074 852 4130 Hadrian
871 4075 897 4129 Π
922 4079 951 4128 et
969 4073 1008 4128 les
1027 4073 1133 4128 fausses
1149 4073 1315 4128 Decretales.
1338 4069 1416 4124 aene

308 4155 358 4212 des
379 4155 521 4223 Questions
540 4154 703 4223 historiques
723 4155 800 4210 1880.
839 4155 901 4211 Vol.
919 4157 962 4210 27.
982 4171 1007 4222 p.
1027 4155 1087 4210 877.

387 4245 407 4317 ²)
430 4251 510 4299 reas
530 4245 566 4299 n.
586 4243 618 4298 o.
638 4243 660 4297 1.
680 4245 740 4298 rer.
