2932 4836
138 1627 221 1672 tuscul
236 1629 280 1680 spi-

178 1691 240 1732 uon

299 495 353 552 308
452 491 526 548 XVI.
564 492 668 547 Causae
686 490 803 546 celebres
822 496 851 544 et
868 491 1025 548 Decrstsles
1043 491 1265 548 Pseudo-Isidori.

299 648 447 724 tempore
477 636 709 722 perdurarunt.
756 635 931 699 Praeterea
961 635 1164 700 Nomenoius
1193 659 1253 702 rex
1285 639 1406 725 ejusque

300 757 512 816 successores,
538 733 730 817 Heruspeus
753 754 793 795 ac
817 732 895 796 dein
920 732 1092 814 Salomon,
1118 737 1290 821 episcopos
1314 740 1406 801 crimi-

299 857 379 898 num
404 842 574 896 accusatos
603 852 662 916 per
680 830 812 915 judiees
834 830 936 894 laicos
955 831 1171 916 judicabant,
1206 834 1406 914 damnabant,
1454 895 1455 898 ,

299 943 332 996 et
352 953 394 995 ex
409 933 476 994 suis
493 929 627 993 sedibus
644 927 832 1013 ejiciebant.
859 928 880 992 J
883 949 937 992 am
954 929 1223 1014 praedecessores
1238 955 1264 997 s.
1280 933 1406 1000 Nicolai.
1454 985 1455 1016 ,

297 1031 367 1094 Leo
398 1028 446 1092 IV
477 1038 510 1091 et
537 1026 738 1092 Benedictus
761 1025 830 1106 ΙΙΙ,
867 1028 1021 1111 quamvis
1051 1028 1084 1090 in
1115 1029 1285 1114 principes
1314 1033 1407 1094 vixe
1454 1103 1455 1118 Ι

298 1128 493 1213 paganismo
517 1145 694 1188 conversos
716 1122 871 1208 prudenti
892 1125 1083 1188 oeconomia
1109 1135 1286 1206 uterentur,
1310 1127 1408 1213 plures
1454 1153 1455 1216 Ι

299 1223 452 1310 epistolas
480 1224 522 1287 ad
548 1221 620 1286 illus
644 1242 736 1304 reges
768 1220 928 1285 dederant
959 1221 1057 1286 etad
1081 1223 1265 1307 praesules,
1299 1237 1336 1290 ut
1363 1247 1408 1288 eos
1454 1229 1455 1322 Ι

299 1324 501 1388 deterrerent
531 1321 573 1384 ab
604 1319 778 1383 arbitrario
803 1320 900 1383 modo
931 1321 1071 1404 agendi,
1104 1331 1206 1406 utque
1236 1323 1455 1408 metropoli*

297 1433 374 1485 tano
398 1421 584 1485 Turonensi
609 1439 669 1481 sua
695 1417 774 1502 jura
796 1420 1055 1483 restituerentur.
1102 1418 1157 1482 Ad
1181 1418 1264 1483 haec
1287 1423 1408 1506 negotia

298 1521 397 1583 etiam
422 1517 559 1604 epistola
582 1515 711 1580 Nicolai
735 1517 888 1600 pertinet.

390 1616 462 1680 104.
495 1615 586 1678 Inter
617 1613 682 1678 alia
714 1614 869 1678 Pontifex
901 1612 1033 1677 scribit:
1069 1614 1141 1696 „De
1175 1625 1248 1678 caet
1250 1637 1304 1679 ero
1337 1617 1455 1679 sciat
1454 1597 1455 1648 Ι

297 1714 473 1799 prudentia
497 1722 563 1794 tua,
589 1734 648 1775 nos
673 1712 714 1775 de
738 1712 852 1796 ejectis
875 1723 908 1775 et
931 1713 966 1775 in
989 1664 1084 1776 locis„
1094 1711 1225 1776 illorum
1249 1712 1323 1777 aliis
1344 1712 1455 1816 snb·

296 1813 418 1896 'rogatis
449 1812 613 1922 episcopis
645 1809 858 1900 diligenter
850 1833 884 1873 ιιι
915 1809 1061 1874 archivis
1092 1820 1224 1874 sanctae
1248 1763 1455 1874 Romanae

296 1909 454 1973 ecclesiae
478 1909 758 1994 requisivisse,et
725 1907 883 1970 etmulto
908 1906 1034 1970 aliter
1026 1931 1060 1971 1n
1085 1907 1330 1993 exemplaribus
1351 1910 1455 2043 epi
1454 1949 1455 1956 ι

295 2007 451 2072 stolarum
462 2027 581 2092 ,quae
605 2027 624 2068 a
650 2004 877 2068 decessoribus
902 2006 1000 2083 meis,
1032 2005 1148 2070 beatae
1172 2005 1330 2070 videlicet
1352 2029 1409 2070 me·

295 2107 419 2170 moriae
453 2103 565 2166 Leone
600 2125 639 2166 ac
671 2102 851 2166 Benedicto
887 2055 1124 2184 Pontificibus,
1164 2111 1263 2188 atque
1298 2127 1318 2166 a
1352 2125 1408 2175 me,

294 2203 494 2279 Nomenoio,
529 2210 561 2264 et
584 2199 664 2280 tibi,
698 2221 826 2264 necnon
858 2200 1105 2286 archiepiscopo
1130 2201 1295 2264 Turonico
1319 2201 1409 2265 datae

295 2309 381 2381 sunt,
406 2320 527 2384 papam
541 2249 689 2361 Leoneiu
708 2298 887 2361 Nomenoio
913 2297 1086 2362 consilium
1110 2297 1164 2361 vel
1186 2301 1407 2362 auctoritatem
1454 2279 1455 2368 Ι

295 2396 483 2482 deponendi
509 2397 680 2480 episcopos
703 2396 897 2476 tradidisse3
922 2397 1045 2481 quippe
1069 2417 1168 2482 quem
1193 2406 1319 2461 constat
1335 2369 1455 2464 mul-l

294 2495 403 2558 tifarie
435 2493 613 2578 multisque
646 2493 770 2576 modis,
807 2515 849 2557 ne
884 2445 947 2556 lloc
979 2493 1119 2558 ebullis
1151 2516 1251 2580 quam
1285 2517 1305 2558 a
1328 2505 1410 2560 certo
1454 2491 1455 2552 Ι

295 2595 524 2679 episcoporum
552 2613 699 2654 numero
719 2592 826 2672 tieret,
860 2593 1077 2676 praecepisse.
1124 2593 1209 2656 Nam
1233 2593 1409 2657 Nomenoio
1454 2615 1455 2640 Ι

295 2688 478 2753 consulenti
502 2688 583 2774 quid
608 2688 648 2751 de
664 2686 806 2773 Spiritus
831 2689 944 2754 Sancti
968 2691 1109 2801 gratiam
1133 2689 1410 2755 venumdantibus

294 2797 458 2872 oporteret
490 2787 578 2870 fieri,
611 2785 803 2871 respondet,
776 2785 937 2868 tnihil,
972 2788 1141 2872 inquiens,
1174 2799 1305 2873 praeter
1328 2787 1455 2874 qnodl

294 2886 399 2948 sancti
424 2905 567 2948 canones
592 2905 691 2969 super
705 2883 756 2947 liis
771 2886 990 2969 praecipiunt,
1016 2886 1103 2969 ipsas
1118 2885 1249 2969 regulas
1263 2871 1455 2980 apicibusl

294 2984 363 3044 suis
379 2983 630 3046 interserens..
666 2981 762 3062 ,Nam
780 2981 904 3045 nullum
923 2981 1168 3052 damnationem
1185 2985 1410 3068 episcoporum

294 3101 364 3142 esse
388 3101 534 3164 unquam
560 3100 741 3160 censemus,
766 3080 827 3142 nisi
853 3089 911 3142 aut
933 3089 1011 3144 ante
1034 3079 1218 3164 legitimum
1240 3102 1410 3145 numerum

294 3179 539 3263 episcoporum,
574 3178 630 3260 qui
660 3175 697 3238 fit
727 3197 786 3263 per
809 3176 985 3241 duodecim
1017 3180 1203 3265 episcopos,
1239 3191 1296 3242 aut
1329 3189 1410 3243 certe

294 3275 432 3360 probate
456 3276 619 3339 sententia
642 3295 701 3359 per
725 3277 935 3359 septuaginta
959 3275 1041 3339 duos
1064 3276 1200 3340 idoneos
1224 3286 1335 3358 testes,
1359 3277 1410 3362 qui
1454 3253 1455 3348 Ι

293 3373 374 3436 tales
398 3374 472 3454 sint,
497 3374 553 3457 qui
578 3381 610 3435 et
633 3393 788 3435 accusare
804 3373 941 3457 possint,
966 3385 999 3437 et
1012 3376 1104 3459 prins
1124 3374 1167 3438 ad
1182 3397 1276 3438 sacra
1291 3373 1410 3439 Christi
1454 3385 1455 3430 Ι

293 3481 434 3556 quatuor
456 3469 643 3554 Evangelia
667 3479 873 3534 sacramenta
896 3480 1079 3555 praestent,
1111 3471 1199 3558 quod
1223 3472 1270 3536 nil
1294 3473 1410 3537 falsum

293 3571 499 3653 depromant,
523 3569 609 3630 sicut
631 3567 726 3630 nobis
750 3566 866 3631 beatus
890 3567 1049 3634 Silvester
1073 3583 1105 3634 et
1128 3581 1243 3635 sancte
1263 3571 1411 3636 Romana
1454 3595 1455 3646 Ι

293 3677 404 3729 tenere
444 3664 576 3728 videtur
604 3663 765 3729 ecclesia!
812 3664 922 3745 Quam
963 3677 1094 3732 secutus
1136 3669 1288 3733 decessor
1324 3692 1411 3734 meus
1454 3663 1455 3752 Ι

293 3771 427 3826 sanctae
460 3763 637 3825 memoriae
661 3762 878 3848 Benedictus,
912 3765 990 3850 quia
1013 3775 1128 3830 contra
1158 3767 1342 3832 decessoris
1365 3774 1410 3832 sui
1454 3767 1455 3792 Ι

293 3860 482 3940 decretum,
517 3882 584 3924 non
617 3859 659 3923 ab
694 3862 857 3946 episcopis
893 3861 951 3925 sed
984 3885 1004 3926 a
1026 3862 1139 3946 laicis,
1175 3866 1348 3952 episcopos
1380 3867 1410 3928 in
1454 3887 1455 3906 Ι

292 3959 426 4042 regione
459 3967 516 4021 tua
540 3967 741 4042 cognoverat
773 3980 843 4022 esse
867 3959 1027 4044 dejectos,
1062 3960 1165 4027 multa
1188 3965 1353 4028 moestitia
1383 3973 1411 4026 et

293 4055 520 4139 indignatione
553 4056 713 4142 repletus,
751 4059 898 4142 scripsit,
933 4059 1022 4143 quod
1054 4059 1145 4125 nulla
1175 4062 1259 4125 ratio
1294 4063 1411 4126 sineret

293 4155 464 4238 episcopos
487 4176 507 4216 a
531 4155 597 4218 suia
621 4153 755 4218 sedibus
780 4155 872 4239 pelli,
904 4177 986 4242 quos
1009 4157 1233 4223 duodenarius
1256 4183 1411 4225 numerus
1454 4169 1455 4176 ’

293 4273 358 4315 non
392 4252 551 4336 ejecisset.
600 4251 749 4331 Quorum
782 4255 924 4339 vestigia
960 4265 993 4319 et
1025 4277 1084 4340 ego
1117 4279 1248 4344 quoque
1283 4269 1411 4323 secutus
