2932 4836
309 447 362 500 372
622 447 712 503 XVII.
749 447 789 504 De
807 449 951 504 schismate
969 448 1112 503 Photisnc.

309 599 342 654 et
371 589 579 676 patriarchae
599 588 755 672 ¹(lPtano,
777 592 928 658 addictas
957 592 1068 657 fuisse.
1115 589 1181 657 Sed
1210 589 1349 675 Bulgari
1378 613 1427 676 pn-

308 689 387 771 gani
406 688 477 774 jam
502 711 531 754 a.
556 685 621 752 678
645 683 706 752 s'ub
732 689 949 755 Constantino
973 687 1143 774 Pogonato
1167 709 1308 800 regnum
1334 711 1427 753 suum

309 785 570 850 fundaverant
561 807 596 849 ιιι
619 797 712 871 parte
735 785 879 873 illyrici·
910 785 1060 874 adeoque
1090 782 1151 850 illa
1176 789 1266 872 regio
1301 809 1429 874 semper

163 886 275 989 ww&
309 881 352 947 ad
376 883 636 969 patriarchatum
649 883 835 950 Romanum
860 886 1073 970 pertinuerat,
1098 883 1204 948 donec
1228 883 1430 950 irruentibus

197 958 260 998 Μ
308 979 461 1066 B'ulga'ris
485 983 624 1068 paganis
653 982 768 1068 religio
793 981 973 1047 chr1s1ana
1003 979 1129 1046 ibidem
1162 983 1328 1046 exstincta
1362 983 1430 1048 fuir.

306 1077 411 1143 Vides
434 1078 584 1167 proinde,
609 1079 774 1145 Romanos
797 1077 985 1160 Pontifices,
1005 1079 1052 1143 uti
1077 1101 1205 1144 summo
1224 1080 1301 1165 jure
1325 1091 1430 1146 totum

306 1173 478 1262 illyricum
493 1177 583 1263 ipsis
607 1189 756 1263 ereptum
781 1178 844 1244 sibi
868 1173 1101 1258 vindicabant,
1132 1179 1178 1242 ita
1202 1200 1221 1240 a
1245 1177 1376 1242 fortiori
1401 1181 1430 1242 in

306 1273 483 1359 Bulgariae
506 1291 645 1359 regnum
669 1275 712 1339 ad
736 1275 836 1340 fidem
860 1293 1057 1340 conversum
1089 1294 1185 1339 suum
1209 1275 1380 1342 inflexum
1404 1290 1431 1340 ct

301 1371 567 1457 jurisdictionem
598 1371 853 1459 patriarchalem
885 1373 1030 1458 potuisse
1069 1383 1101 1436 et
1133 1369 1285 1436 debuisse
1320 1383 1431 1438 exten·

307 1469 394 1536 dere.
426 1469 568 1552 Quando
592 1479 703 1534 autem
728 1471 866 1558 Bogoris
890 1471 960 1556 ipse
984 1493 1004 1533 a
1028 1467 1165 1534 llicolao
1189 1472 1294 1556 petiit,
1320 1481 1431 1534 utres

306 1565 546 1644 ecclesiasticas
569 1567 799 1653 Bulgarorum,
812 1589 1048 1633 conversorum
1077 1564 1279 1654 disponeret,
1315 1567 1430 1634 sollici-

306 1663 385 1729 tudo
410 1664 623 1731 ecclesiarum
648 1659 892 1754 quaesNioolao
908 1661 1133 1746 incumbebat,
1158 1671 1195 1730 ut
1208 1663 1255 1730 illi
1271 1665 1430 1731 obsecun-

306 1760 402 1827 daret
435 1766 569 1828 omnino
608 1765 812 1849 requirebat,
853 1763 1016 1849 simulque
1052 1785 1091 1827 ea
1125 1765 1299 1828 occasione
1334 1765 1431 1852 plane

306 1857 466 1938 utendrini
491 1870 577 1941 erat,
612 1873 648 1925 ut
666 1861 856 1947 jurisdictio
881 1860 1111 1948 patriarchalis
1135 1861 1169 1924 in
1193 1859 1257 1925 illis
1279 1861 1431 1949 partibus

305 1961 543 2038 restitueretur.
591 1959 717 2040 Quodsi
756 1961 974 2025 missiones-iis
1008 1957 1223 2023 orientalibus
1255 1959 1430 2024 molestum

307 2065 393 2138 erat,
418 2079 437 2120 a
460 2055 589 2140 Begore
612 2053 677 2120 tale
702 2055 875 2121 consilium
900 2057 1023 2144 suscipi
1048 2065 1080 2120 et
1103 2077 1123 2120 a
1145 2055 1282 2121 Nicolao
1307 2061 1431 2144 episco-
1456 2045 1457 2124 J

306 2173 366 2239 pos
392 2165 424 2217 et
446 2153 658 2239 presbyteros
681 2153 800 2218 latinos
824 2157 927 2234 mitti,
960 2155 1047 2240 ipsos
1071 2173 1149 2218 vero
1174 2175 1216 2217 cx
1238 2156 1432 2240 regionibns

305 2253 375 2316 istis
399 2275 418 2316 a
441 2274 517 2337 rege
541 2253 680 2316 dimitti:
706 2253 830 2317 motiva
856 2205 991 2339 quidem
1007 2252 1141 2338 politica
1155 2250 1431 2348 regisdisplicere
1456 2248 1457 2342 l

304 2372 346 2436 po
349 2359 473 2434 t,erant
514 2349 684 2414 Pontificis
717 2371 795 2415 vero
828 2361 903 2415 acta
936 2349 1134 2437 reprehendi
1167 2369 1234 2414 non
1265 2359 1457 2450 poterant.

306 2445 388 2512 Caet
375 2457 481 2511 terum
504 2449 648 2532 ipsorum
667 2447 888 2513 Orientalium
913 2447 1011 2532 culpa
1035 2469 1156 2532 magna
1180 2456 1259 2512 erat.
1294 2428 1457 2520 Etenim

306 2566 406 2631 quum
431 2545 587 2609 Nicolaus
611 2556 721 2609 nosset
745 2567 857 2609 eorum
882 2546 1031 2609 animum
1057 2544 1100 2608 ad
1125 2541 1267 2609 schisma
1290 2565 1429 2634 propec-

306 2663 376 2705 sum
402 2651 435 2704 et
448 2641 576 2706 Latmia
600 2643 750 2706 hostilem
752 2665 950 2730 ,quumque
969 2642 1079 2728 justae
1103 2639 1256 2706 adessent
1276 2645 1457 2749 querelor

306 2741 347 2804 de
377 2739 516 2824 presbyt
517 2743 598 2804 eris
612 2741 740 2825 graecis
773 2743 807 2804 in
842 2739 1017 2826 Bulgaria,
1055 2734 1124 2805 Pon
1128 2739 1210 2803 tifex
1243 2727 1457 2830 necessariol

304 2837 480 2923 providere
521 2834 664 2902 debebat
701 2839 800 2903 rebus
845 2838 1025 2903 ecclesias
1002 2848 1077 2902 sors
1117 2848 1149 2902 et
1190 2836 1355 2923 religiosis
1395 2843 1427 2904 iu
1456 2808 1457 2916 l

305 2933 359 2999 illo
384 2957 496 3020 regno.

143 3049 231 3152 mill·
238 3061 287 3092 uxo-
394 3033 447 3098 64.
472 3035 639 3097 Immerito
664 3035 763 3097 etiam
793 3033 899 3118 carpit
920 3031 1084 3119 Pichler¹)
1107 3029 1298 3118 Nicolaum,
1331 3059 1368 3100 ac
1401 3040 1426 3100 si

214 3113 241 3153 ““
305 3135 339 3197 in
363 3131 541 3216 Responsis
565 3131 608 3194 ad
623 3131 785 3216 Bulgaros
809 3130 934 3195 clerum
958 3129 1187 3196 orientalem
1179 3135 1457 3198 inconvenienti

303 3232 431 3293 ratione
456 3231 662 3309 tractaverit,
696 3252 723 3294 e.
747 3251 778 3312 g.
802 3249 904 3313 agens
929 3227 970 3293 de
993 3227 1194 3316 presbyteris
1219 3232 1425 3296 matrimonio

299 3329 435 3413 junctis.
483 3325 596 3412 Ipsum
621 3325 791 3390 Pontificis
822 3325 885 3389 hac
920 3325 961 3389 dc
992 3347 1027 3390 re
1050 3347 1245 3412 responsum
1278 3331 1425 3394 citemus.

308 3422 538 3490 Consulendom
561 3425 748 3501 decernitis,
785 3422 899 3488 scribit
932 3445 959 3488 c.
986 3423 1044 3503 70,
1079 3434 1184 3488 otram
1209 3425 1457 3514 presbyterum

305 3543 433 3586 uxorem
455 3519 615 3586 habentem
636 3521 777 3586 debeatis
795 3531 971 3586 sustentare
995 3531 1024 3586 ot
1048 3521 1212 3638 bonorare,
1237 3548 1279 3587 on
1303 3549 1359 3590 a
1341 3525 1457 3589 cobis

298 3621 465 3710 projicero
516 3615 584 3694 Quo
605 3617 838 3704 respondemus,
863 3619 1020 3705 pecaniam,
1045 3619 1149 3684 licet
1135 3621 1199 3706 apsi
1219 3614 1312 3685 calda
1326 3597 1457 3708 repre-l

303 3715 469 3784 mestitias
500 3717 579 3800 aiat,
612 3741 666 3786 vos
699 3728 803 3780 tamen
831 3717 1001 3780 Dominum
1031 3717 1153 3780 imitari
1181 3721 1337 3798 convenit,
1371 3744 1420 3804 qm
1456 3679 1457 3788 l

304 3813 399 3882 solem
421 3837 520 3894 auum,
545 3827 579 3882 ιιι
602 3813 808 3900 Ευαιιιιίἱιιιιι
832 3826 978 3894 testatur,
1010 3815 1089 3878 oris-r
1084 3815 1193 3902 facit
1216 3839 1310 3904 super
1331 3817 1422 3880 bonos
1456 3881 1457 3884 ,

304 3924 334 3976 ιι
361 3911 478 3993 malos
512 3923 541 3977 ιι
565 3913 652 4000 pluit
677 3937 774 4006 snper
794 3915 900 4006 justos
934 3923 963 3976 ιι
990 3913 1133 4002 injustos.
1181 3913 1323 4006 Dejicere
1351 3937 1420 3977 veru

245 4045 246 4050 κ
304 4033 372 4076 eom
405 4036 424 4076 a
457 4010 544 4075 cobis
576 4012 648 4076 idco
681 4035 744 4081 ιιοιι
776 4011 910 4092 debetis,
947 4011 1095 4098 quoniam
1125 4033 1180 4074 reae
1213 4011 1332 4077 Judom
1355 4011 1417 4074 Do-
1456 4025 1457 4057 i

378 4221 398 4292 ²)
420 4219 451 4276 L.
473 4238 495 4276 c.
