2926 4840
311 497 364 552 268
465 492 539 550 XVI.
577 493 681 548 Census
698 491 815 546 celebres
834 496 863 546 et
881 490 1036 548 Damoteles
1055 493 1279 551 Pseudo-Isidori.

249 635 253 640 ’
310 640 462 706 Romana
478 636 593 702 Codex
607 635 846 719 Dionysiam,
871 635 1008 721 ejusque
1027 657 1106 700 usus
1125 641 1311 704 communis
1326 640 1423 705 factis

311 746 370 802 est.
416 733 530 800 Facile
563 743 674 798 autem
707 732 821 813 vides,
857 731 915 796 tali
948 731 1142 800 collectione
1176 757 1245 801 non
1280 739 1326 804 ita
1357 761 1420 804 con·

312 836 459 900 strictam
492 833 593 898 fuisse
625 831 850 896 Romanorum
881 829 1082 896 Pontificum
1115 835 1360 916 auctoritatem,
1391 849 1423 900 ut

311 931 451 998 aliorum
465 928 666 995 Pontificum
689 937 760 992 tum
784 929 998 1010 anteriorum,
1022 929 1065 1017 (e.
1080 953 1113 1015 g.
1136 931 1251 997 JuliiI
1275 932 1319 998 ad
1333 934 1423 998 Euse-

312 1031 429 1097 bianos
452 1024 614 1115 epistola),
638 1035 710 1092 tum
733 1044 847 1090 eorum
872 1025 928 1112 qui
952 1037 1027 1111 post
1048 1026 1263 1095 Anastasium
1288 1031 1321 1096 ll
1345 1032 1422 1096 sede·

311 1137 390 1192 runt
411 1123 618 1208 Demetrias,
650 1122 740 1189 baud
763 1124 887 1209 pariter
908 1122 1060 1189 adhiberi
1084 1128 1252 1212 potuerint
1275 1137 1420 1215 tanquam

306 1226 394 1312 juris
407 1222 551 1308 regulae,
574 1223 767 1307 praesertim
782 1242 885 1306 quum
900 1222 935 1288 in
951 1224 1048 1287 novis
1064 1226 1322 1291 circumstantiis
1337 1249 1422 1312 saepe

312 1345 419 1389 novae
451 1322 661 1407 requirantur
693 1319 888 1385 decisiones.
933 1319 1009 1384 Non
1039 1331 1110 1386 erat
1139 1321 1297 1388 videlicet
1320 1323 1422 1390 Codex

312 1421 541 1504 Dionysianus
569 1418 689 1503 aliquis
714 1414 829 1480 Codex
853 1416 940 1501 juris
963 1416 1178 1484 ecclesiastici
1209 1443 1249 1486 ea
1271 1422 1421 1506 significa·

312 1521 402 1584 tione
425 1517 567 1597 recenti,
592 1537 658 1602 qua
682 1516 728 1578 ita
753 1514 981 1598 designaveris
1006 1512 1163 1582 Codicem
1187 1518 1297 1603 legum
1323 1520 1423 1584 delini·

313 1620 383 1682 tiva
416 1617 543 1680 ratione
575 1613 778 1694 confectum,
814 1633 857 1676 ex
889 1633 953 1697 quo
985 1614 1084 1678 unice
1117 1623 1150 1678 et
1182 1616 1351 1682 exclusive
1375 1619 1424 1704 jus

315 1713 494 1779 dicendum
519 1721 575 1778 est.

215 1905 220 1916 Ι
404 1828 458 1894 45.
492 1825 683 1891 Hadrianus
706 1823 861 1888 Pontifex
885 1823 1042 1890 Codicem
1066 1828 1330 1913 Dionysianum,
1363 1832 1423 1916 qui-

288 1932 294 1944 '
315 1927 457 1993 busdam
481 1923 650 2010 additis1),
682 1924 773 1986 misit
795 1920 913 1986 Oarolo
937 1923 1075 2008 Magno,
1107 1935 1206 2012 atque
1230 1949 1271 1991 ex
1295 1950 1333 1992 eo
1355 1939 1422 1992 tem

314 2047 393 2112 pore
417 2025 581 2108 insignem
605 2022 834 2085 auctoritatem
858 2018 912 2085 ille
940 2018 1047 2086 Codes
1062 2023 1271 2089 Hadrianeus
1293 2025 1425 2090 obtinuit

315 2122 404 2210 apud
430 2121 592 2201 Francos3
630 2116 767 2182 Carolus
797 2117 955 2182 videlicet
986 2139 1062 2182 eum
1096 2121 1130 2184 in
1155 2123 1282 2206 synodo
1315 2147 1344 2189 a.
1367 2123 1422 2188 802

315 2219 517 2307 Aquisgrani
542 2215 660 2280 habita
682 2215 725 2279 ab
745 2217 908 2301 episcopis
927 2217 1031 2302 recipi
1055 2220 1225 2300 curavittt
1263 2221 1422 2286 Nominsri

315 2317 441 2384 solebat
468 2313 574 2380 Codes
598 2335 762 2378 cormeum.
796 2351 840 2360 -
875 2312 1050 2379 Praeterea
1073 2315 1107 2379 in
1132 2316 1243 2382 Gallia
1265 2329 1424 2383 notuerat

320 2415 468 2482 Collectio
501 2435 655 2477 canonum
686 2411 883 2498 Hirpanicu,
920 2433 1005 2497 quae
1038 2435 1062 2478 s.
1096 2413 1222 2478 Isidoro
1247 2415 1422 2501 Hispalensi

195 2505 205 2535 ⁸
233 2505 287 2536 ¹²¹⁰*
317 2519 373 2596 (m.
398 2535 428 2577 a.
453 2509 533 2598 636)
556 2508 774 2589 adscribitur3
799 2510 833 2574 in
858 2531 897 2573 ea
922 2507 1123 2574 Collectione
1147 2509 1263 2596 Oodjci
1281 2513 1423 2596 Dionysii

316 2610 412 2696 plura
436 2609 567 2695 adjecta
600 2616 693 2670 erant
717 2627 759 2669 ex
783 2605 953 2688 Patribus,
990 2616 1088 2671 etex
1112 2609 1261 2674 conciliis
1294 2611 1423 2696 quaein

317 2710 482 2793 Hispania
514 2706 653 2792 aliisque
677 2702 868 2790 regionibus
900 2703 1014 2769 habita
1046 2705 1188 2772 fuerant.
1235 2707 1424 2794 Hispanicae

318 2807 529 2871 Collectionis
565 2802 735 2887 exemplar
769 2823 856 2866 anno
894 2803 956 2867 787
998 2803 1142 2868 describi
1176 2805 1278 2889 jussit
1311 2805 1425 2869 Baebio

317 2903 606 2988 Argentoratensis
639 2900 842 2988 (strasburg)
876 2902 1066 2986 episcopus,
1105 2902 1192 2967 unde
1224 2901 1368 2968 breviter
1396 2905 1422 2966 in

317 3003 460 3066 Francia
483 2998 655 3083 divulgata
688 3007 745 3063 est.
780 3035 823 3044 -
856 2997 922 3062 Sed
946 2999 1113 3065 mediante
1136 3000 1267 3066 saeculo
1292 3023 1374 3066 nono
1396 3003 1423 3062 in

317 3100 521 3163 Francorum
544 3117 663 3181 regno,
697 3105 730 3160 et
753 3095 830 3160 dein
860 3097 892 3158 in
917 3095 992 3161 aliis
1015 3097 1222 3182 regionibus,
1256 3107 1424 3185 propagata

318 3209 366 3261 est
392 3194 540 3261 Collectio
564 3194 683 3259 Isidori
706 3195 936 3276 Mercasosuss)
983 3194 1110 3260 Auctor
1143 3195 1317 3261 consilium
1340 3217 1423 3260 suum

392 3444 412 3514 ¹)
430 3443 492 3498 Jam
511 3449 576 3496 ante
588 3441 756 3496 Hadrianum
775 3441 841 3496 haee
860 3441 952 3496 addita
970 3448 1057 3496 erant.
1089 3443 1156 3498 Post
1168 3443 1335 3498 Hadrianum
1353 3443 1422 3497 etism

318 3523 447 3590 quaedam
473 3524 632 3578 documento
657 3522 762 3576 adnexa
786 3525 861 3586 sunt,
886 3521 989 3576 scilicet
1016 3523 1164 3578 Concilium
1188 3523 1365 3593 apocryphum
1382 3521 1423 3576 Sil·

319 3604 403 3658 vestri
423 3603 461 3666 Ρ.,
482 3608 510 3657 et
528 3603 597 3657 dnae
616 3601 746 3670 epistolae
764 3617 784 3656 s.
805 3601 899 3669 Cyrilli
918 3601 967 3656 sub
986 3602 1067 3656 titulo
1087 3603 1200 3658 Consilii
1219 3603 1354 3672 Ephesin't

391 3692 412 3759 ⁹)
432 3692 528 3746 Annal.
553 3689 725 3746 Laureshsm.
751 3689 785 3743 sd
815 3705 840 3745 a.
866 3693 933 3745 802:
965 3689 1022 3756 „lbi
1047 3689 1115 3746 tecit
1139 3691 1277 3755 (Karalus)
1302 3693 1421 3761 spumeos

318 3771 560 3838 compresbyteris
584 3786 631 3826 seu
650 3769 806 3826 diaconibus
831 3771 916 3840 relegi
944 3771 1084 3826 universos
1102 3786 1230 3837 canonos,
1259 3787 1325 3838 qnos
1342 3777 1423 3824 sancta

319 3851 434 3918 synodus
459 3851 572 3919 recepit,
604 3857 633 3904 et
657 3850 764 3905 decreta
787 3849 963 3916 Pontificum,
994 3856 1023 3905 et
1050 3850 1168 3918 pleniter
1188 3851 1272 3918 J'ussit
1297 3867 1340 3907 eos
1362 3846 1421 3904 trsdi

318 3947 407 3985 coram
424 3929 546 3984 omnibns
565 3929 699 3998 episcopis,
717 3929 881 3997 presbyteris
900 3937 929 3984 et
947 3929 1128 3984 dieoonibm.¹‘
1160 3931 1242 3986 Perta
1260 3931 1295 3986 nt
1308 3932 1339 3986 G.
1356 3931 1375 3984 l.
1386 3925 1422 3982 39.

392 4019 413 4087 8)
435 4021 597 4073 Mercatoris
616 4034 762 4088 cognomen
781 4019 901 4087 plerique
920 4019 1023 4074 codices
1036 4019 1232 4089 praeseferunt,
1251 4035 1321 4076 unus
1333 4019 1421 4074 alterve

319 4107 427 4154 tantum
447 4099 605 4154 Peccatoria
642 4101 699 4154 Hoc
724 4099 848 4153 ultimum
866 4113 1012 4167 cognomen
1040 4100 1141 4167 passim
1159 4116 1193 4154 ex
1210 4099 1362 4156 bumilitate
1378 4095 1420 4164 epi·

319 4179 390 4246 scopi
409 4178 451 4233 vel
470 4177 592 4233 monachi
610 4179 661 4234 sibi
680 4177 845 4232 tribuebant.
883 4179 933 4234 Sed
951 4177 1013 4234 fidei
1032 4179 1152 4234 codicum
1170 4181 1305 4246 standum
1324 4187 1351 4236 et
1365 4179 1420 4233 iler-

320 4259 418 4312 catoris
443 4273 590 4326 cognomen
614 4265 647 4314 nt
664 4258 812 4328 genuinum
836 4257 995 4316 babendum.
1032 4258 1203 4328 significatio
1232 4266 1321 4316 autem
1339 4269 1420 4326 cogno
