2922 4832
352 501 394 554 De
412 501 473 570 lege
492 499 638 555 coelibatus
657 498 769 554 violata.
1096 503 1147 554 169

45 649 130 711 ruinae
151 646 329 730 mancipent
350 645 505 708 servituti.
514 647 538 726 Ι)
585 643 660 708 Tali
683 645 900 729 permissione
924 645 1049 708 dixeris
1073 667 1146 730 sup-

45 747 124 829 poni,
159 743 407 807 matrimonium
443 741 606 827 ejusmodi
641 743 774 807 omnino
808 741 994 806 invalidum
1026 744 1146 825 esae32)

44 843 89 906 sed
108 840 324 928 praecedente
348 851 495 930 tempore
519 840 555 904 id
579 863 647 904 non
670 841 842 904 invenitur
865 849 1034 906 statutum.

117 950 165 1016 19.
191 947 311 1012 Clerici
335 957 447 1012 autem
468 949 713 1012 incontinentes
730 947 984 1028 contendebant,
1010 951 1148 1034 antiqua
1169 952 1310 996 U¹⁰²⁸l⁰¹¹¹⁰

44 1045 158 1110 decreta
181 1055 296 1110 contra
319 1047 383 1110 ista
407 1046 576 1110 connubia
595 1047 668 1132 jam
692 1067 754 1110 usu
769 1055 801 1108 et
825 1046 1147 1110 eonsuetudineesse
1169 1024 1303 1074 arguments

43 1145 162 1223 caduca,
186 1165 287 1230 seque
311 1143 501 1209 nullatenus
524 1142 691 1208 adulteros
716 1165 796 1222 esse,
821 1142 879 1207 sed
902 1142 993 1206 licito
1018 1145 1148 1208 vinctos

43 1243 244 1306 matrimonio.
292 1239 348 1305 Sic
372 1243 442 1327 ipse
466 1239 578 1305 Guido
603 1243 778 1327 episeopus
799 1240 1057 1306 Mediolanensis
1073 1263 1147 1307 eon·

43 1357 81 1402 tra
102 1340 274 1404 Arialdum
299 1349 332 1402 et
356 1339 611 1425 Landulphum,
646 1340 748 1404 duces
781 1360 894 1403 eorum
919 1336 1067 1402 fidelium
1091 1340 1147 1424 qui

42 1440 263 1502 continentiam
300 1460 321 1501 a
350 1436 479 1502 clericis
508 1437 704 1522 exigebant,
752 1438 887 1521 ingerit:
933 1437 994 1500 Vos
1031 1435 1147 1515 dicitis,

42 1538 103 1619 quia
123 1535 300 1599 sacerdotes
331 1533 526 1620 impossibile
550 1545 595 1598 est
626 1535 808 1599 adulterare
839 1545 869 1598 et
892 1535 1087 1619 samaflcare,
1120 1544 1150 1597 et

42 1657 130 1698 reram
158 1635 276 1697 dicitis.
329 1631 393 1696 Sed
424 1635 527 1696 nostri
555 1634 747 1712 sacerdotes,
781 1634 850 1696 Deo
879 1634 1018 1718 9111111,
1052 1656 1148 1718 usqua

40 1732 116 1794 lodie
139 1755 193 1796 aea
216 1739 291 1794 eunt
317 1753 373 1794 aec
402 1732 561 1794 nominati
583 1743 656 1795 aaut
686 1729 844 1810 adulteri,
876 1731 932 1794 sed
955 1733 1075 1794 cumeae
1099 1731 1148 1793 ob·

40 1840 152 1893 servant
175 1826 383 1914 apostolicam
401 1840 609 1916 praeceptum
640 1840 676 1894 at
699 1830 881 1893 sintarine
908 1832 1019 1893 terroris
1042 1830 1148 1910 virid)

40 1927 139 2013 Atque
162 1924 317 1990 Andreas
341 1926 494 1990 sacerdos
518 1929 551 1991 in
577 1928 724 1991 oratione
748 1927 909 1992 adversus
925 1925 1100 1992 Arialdum
1117 1937 1150 1990 et

40 2023 264 2110 Landulphum
290 2025 353 2088 ait:
377 2026 521 2090 Dicisti:
545 2027 694 2089 sacerdos
717 2027 771 2111 qui
793 2026 923 2090 dumeta
946 2025 1148 2089 1111111111-

34 2135 174 2208 1111111.
221 2122 307 2185 Bene
331 2122 426 2201 dicis,
458 2133 488 2185 et
512 2145 565 2206 epo
589 2123 677 2201 dico,
709 2125 739 2186 ei
762 2133 840 2208 poet
867 2134 1024 2208 occeptum
1048 2146 1148 2186 sacer-

38 2221 146 2286 dotium
168 2221 298 2284 demerit
320 2243 464 2300 tenorem,
496 2222 548 2284 sai
571 2221 695 2284 ardinio
713 2220 856 2306 periculo
880 2220 1061 2310 subjaceat:
1099 2221 1149 2284 sia

41 2330 132 2383 erstem
166 2320 200 2383 ia
238 2319 415 2382 sacerdotio
456 2320 550 2383 unius
587 2319 700 2383 1111111
733 2320 834 2382 cirtam
865 2319 1039 2398 inveneris,
1074 2319 1152 2402 quid

37 2440 161 2502 separas
183 2416 269 2502 qaod
284 2437 348 2480 aaa
363 2415 494 2502 licett⁴)
508 2453 552 2463 —
568 2413 815 2480 Continentiam
839 2419 940 2501 igitur
963 2415 1059 2498 cleri,
1084 2439 1150 2502 qua

38 2513 196 2579 Ecclesiae
227 2513 330 2579 robur
362 2523 395 2578 et
432 2515 617 2578 sanctitatis
651 2512 807 2600 splendor
841 2517 985 2578 maxime
1023 2515 1148 2596 nititur,

36 2613 80 2675 isti
104 2615 213 2678 conati
239 2624 316 2678 sunt
339 2613 508 2697 abrogare,
534 2621 565 2676 et
587 2621 701 2677 contra
725 2634 868 2677 canones
893 2622 991 2698 atque
1016 2611 1149 2675 decreta

36 2710 243 2776 saluberrima
282 2711 491 2776 introducere
530 2709 733 2775 Graecorum
772 2710 883 2775 laxam
924 2709 1147 2796 disciplinam.

35 2807 133 2874 Simul
156 2820 268 2874 autem
284 2819 391 2873 aetate
414 2808 481 2890 illa,
505 2829 608 2894 quum
633 2807 810 2892 disciplina
834 2809 879 2871 ita
904 2808 1148 2890 dissolveretur,

36 2908 131 2972 multa
155 2907 220 2972 alia
244 2909 328 2971 vitia
357 2909 467 2992 turpia
499 2917 615 2970 contra
647 2908 832 2970 castitatem
856 2929 890 2970 se
914 2920 1150 2991 propagarunt.

114 3006 168 3070 20.
210 3005 382 3086 Quantum
407 3027 483 3068 vero
509 3007 544 3068 in
568 3005 671 3068 variis
693 3003 885 3089 regionibus
909 3004 1001 3068 labes
1017 3005 1079 3067 istu
1103 3005 1152 3067 in·

34 3105 254 3169 continentiae
278 3102 473 3186 invaluerit,
508 3101 707 3166 documenta
740 3101 828 3166 illius
852 3105 1009 3187 temporis
1033 3111 1150 3166 testan·
1199 3125 1201 3132 ’

34 3211 93 3265 tur.
139 3201 218 3266 Ι11111
242 3201 390 3266 vidimus
414 3223 456 3264 ex
479 3199 628 3264 Ratherii
653 3201 793 3286 seriptis,
820 3211 1022 3285 quantopere
1047 3201 1153 3284 ipsius

34 3314 174 3385 tempore
199 3321 237 3362 eo
254 3299 341 3363 malo
366 3298 505 3362 ecelesia
521 3298 722 3362 Veronensis
738 3297 920 3380 laboraret3
945 3307 1060 3382 postea
1073 3319 1151 3363 vero

31 3398 60 3459 in
93 3409 196 3461 totam
228 3399 296 3461 fere
325 3395 456 3461 Italiam
493 3395 575 3459 haec
607 3397 847 3460 incontinentia
877 3405 1059 3482 propagata
1092 3407 1152 3462 est.

30 3493 80 3558 Sic
104 3496 222 3561 scribit
241 3495 436 3560 Desiderius
450 3493 566 3559 Abbas
583 3491 789 3558 Cassinensis
814 3493 944 3582 (Victor
966 3493 1047 3581 Ill):
1076 3491 1152 3558 Cam

32 3595 136 3680 culpae
160 3592 341 3658 elericorum
360 3616 421 3680 per
444 3594 529 3658 viam
552 3591 746 3679 effraenatae
762 3591 919 3670 licentiae,
943 3593 1064 3656 nemine
1072 3615 1151 3678 pro·

29 3691 190 3778 liberast)
213 3692 433 3778 proderentur,
462 3700 629 3777 coeperant
651 3691 717 3775 ipsi
734 3691 915 3777 presbyteri
942 3713 979 3753 aa
1003 3691 1153 3754 diacones

97 3836 117 3902 ¹)
138 3835 216 3902 Corp.
236 3833 295 3888 Jnr.
315 3833 377 3886 dist.
397 3831 503 3886 XXXII
531 3848 553 3886 c.
575 3831 616 3884 10.

97 3915 119 3976 'l
141 3915 197 3970 Cfr.
217 3913 313 3968 Helele
330 3912 462 3980 Beitrttge
480 3911 496 3965 l.
519 3928 539 3966 c.
558 3912 585 3966 S.
605 3911 665 3966 132.
683 3909 798 3980 Phillips
817 3912 851 3966 X.
869 3913 902 3966 R.
922 3911 945 3966 1.
964 3915 989 3968 2.
1009 3911 1034 3983 ξ.
1054 3913 1095 3966 64.
1117 3943 1152 3952 -

26 3994 226 4060 Thomassinus,
245 3991 403 4061 Disciplina,
423 3993 453 4048 P.
472 3992 494 4045 Ι.
514 3990 546 4048 L.
565 3991 586 4045 1.
606 4007 628 4047 o.
646 3989 730 4047 LXV.
750 4009 775 4046 n.
794 3994 819 4047 4.

95 4077 114 4130 ³2
136 4073 285 4142 Landulpb.
306 4073 379 4130 Hist.
399 4072 506 4127 Mediol.
526 4071 578 4126 111.
600 4075 629 4138 73
650 4071 686 4126 11.
707 4071 739 4126 G.
759 4075 813 4128 Ser.
833 4071 910 4128 VIII.
932 4071 974 4128 78.

95 4157 118 4224 ⁴)
138 4153 349 4222 Ibid.111.26;
370 4153 385 4207 l.
406 4169 427 4206 c.
447 4169 473 4220 p.
492 4152 535 4206 94.

96 4241 119 4308 5)
140 4237 196 4290 Per
214 4233 455 4303 exaggerationem
473 4232 538 4287 haee
556 4231 694 4299 dicuntur,
715 4229 785 4284 varii
798 4231 943 4286 Pontifices
962 4231 1040 4298 enim,
1060 4246 1152 4299 quam-

28 4319 66 4372 111
85 4319 201 4382 lmstra,
220 4313 383 4368 studuerunt
401 4313 443 4368 illi
461 4313 531 4367 malo
550 4313 668 4368 obviare.
