<?xml version="1.0" encoding="UTF-8"?>
<!DOCTYPE html PUBLIC "-//W3C//DTD XHTML 1.0 Transitional//EN"
    "http://www.w3.org/TR/xhtml1/DTD/xhtml1-transitional.dtd">
<html xmlns="http://www.w3.org/1999/xhtml" xml:lang="en" lang="en">
 <head>
  <title>
</title>
<meta http-equiv="Content-Type" content="text/html;charset=utf-8" />
  <meta name='ocr-system' content='tesseract 3.04.00' />
  <meta name='ocr-capabilities' content='ocr_page ocr_carea ocr_par ocr_line ocrx_word'/>
</head>
<body>
  <div class='ocr_page' id='page_1' title='image "./dissertationess01junggoog/dissertationess01junggoog_0393.png"; bbox 0 0 2904 4834; ppageno 0'>
   <div class='ocr_carea' id='block_1_1' title="bbox 318 451 1117 510">
    <p class='ocr_par' dir='ltr' id='par_1_1' title="bbox 318 451 1117 510">
     <span class='ocr_line' id='line_1_1' title="bbox 318 451 1117 510; baseline 0.005 -8"><span class='ocrx_word' id='word_1_1' title='bbox 318 451 371 502; x_wconf 79' lang='grc'><strong>382</strong></span> <span class='ocrx_word' id='word_1_2' title='bbox 632 451 712 506; x_wconf 86' lang='lat' dir='ltr'>XVII</span> <span class='ocrx_word' id='word_1_3' title='bbox 756 452 799 506; x_wconf 85' lang='lat' dir='ltr'><strong>De</strong></span> <span class='ocrx_word' id='word_1_4' title='bbox 815 451 958 510; x_wconf 72' lang='lat' dir='ltr'><strong>schismate</strong></span> <span class='ocrx_word' id='word_1_5' title='bbox 975 451 1117 508; x_wconf 82' lang='lat' dir='ltr'><strong>Photisuo.</strong></span> 
     </span>
    </p>
   </div>
   <div class='ocr_carea' id='block_1_2' title="bbox 467 794 1285 992">
    <p class='ocr_par' dir='ltr' id='par_1_2' title="bbox 467 794 1274 992">
     <span class='ocr_line' id='line_1_2' title="bbox 835 794 920 860; baseline -0.024 0"><span class='ocrx_word' id='word_1_6' title='bbox 835 794 920 860; x_wconf 85' lang='lat'><em>111.</em></span> 
     </span>
     <span class='ocr_line' id='line_1_3' title="bbox 467 922 1285 992; baseline 0.006 -6"><span class='ocrx_word' id='word_1_7' title='bbox 467 923 537 986; x_wconf 87' lang='lat' dir='ltr'><strong>Dc</strong></span> <span class='ocrx_word' id='word_1_8' title='bbox 560 922 773 990; x_wconf 77' lang='lat' dir='ltr'><strong>Goucttto</strong></span> <span class='ocrx_word' id='word_1_9' title='bbox 795 927 1092 992; x_wconf 73' lang='lat' dir='ltr'><strong>oecumenico</strong></span> <span class='ocrx_word' id='word_1_10' title='bbox 1115 931 1285 992; x_wconf 78' lang='lat' dir='ltr'><strong>octauo.</strong></span> 
     </span>
    </p>
   </div>
   <div class='ocr_carea' id='block_1_3' title="bbox 151 1071 1421 4288">
    <p class='ocr_par' dir='ltr' id='par_1_3' title="bbox 166 1071 1416 2724">
     <span class='ocr_line' id='line_1_4' title="bbox 166 1071 1411 1179; baseline 0.002 -45"><span class='ocrx_word' id='word_1_11' title='bbox 166 1075 288 1179; x_wconf 39' lang='lat' dir='ltr'><strong>,Rudiae</strong></span> <span class='ocrx_word' id='word_1_12' title='bbox 408 1071 459 1136; x_wconf 72' lang='lat'><strong>74.</strong></span> <span class='ocrx_word' id='word_1_13' title='bbox 495 1071 639 1138; x_wconf 83' lang='lat' dir='ltr'>Basilius</span> <span class='ocrx_word' id='word_1_14' title='bbox 671 1073 810 1138; x_wconf 79' lang='lat' dir='ltr'>Macedo</span> <span class='ocrx_word' id='word_1_15' title='bbox 843 1071 1062 1160; x_wconf 84' lang='lat' dir='ltr'><strong>Adriauopoli</strong></span> <span class='ocrx_word' id='word_1_16' title='bbox 1100 1096 1187 1140; x_wconf 86' lang='lat' dir='ltr'><strong>anno</strong></span> <span class='ocrx_word' id='word_1_17' title='bbox 1221 1076 1284 1140; x_wconf 85' lang='lat'><strong>812</strong></span> <span class='ocrx_word' id='word_1_18' title='bbox 1315 1075 1411 1138; x_wconf 85' lang='lat' dir='ltr'><strong>humili</strong></span> 
     </span>
     <span class='ocr_line' id='line_1_5' title="bbox 178 1139 1411 1257; baseline 0.002 -26.049"><span class='ocrx_word' id='word_1_19' title='bbox 178 1139 281 1187; x_wconf 53' lang='lat' dir='ltr'><strong>&#39;nm‘</strong></span> <span class='ocrx_word' id='word_1_20' title='bbox 314 1168 387 1234; x_wconf 86' lang='lat' dir='ltr'><strong>loeo</strong></span> <span class='ocrx_word' id='word_1_21' title='bbox 413 1179 526 1250; x_wconf 87' lang='lat' dir='ltr'><strong>natus,</strong></span> <span class='ocrx_word' id='word_1_22' title='bbox 560 1192 662 1255; x_wconf 89' lang='lat' dir='ltr'><strong>quum</strong></span> <span class='ocrx_word' id='word_1_23' title='bbox 687 1171 833 1257; x_wconf 89' lang='lat' dir='ltr'><strong>corporis</strong></span> <span class='ocrx_word' id='word_1_24' title='bbox 856 1169 973 1236; x_wconf 85' lang='lat' dir='ltr'><strong>robore</strong></span> <span class='ocrx_word' id='word_1_25' title='bbox 998 1173 1125 1256; x_wconf 80' lang='lat' dir='ltr'>vigeret</span> <span class='ocrx_word' id='word_1_26' title='bbox 1147 1182 1180 1236; x_wconf 89' lang='lat' dir='ltr'><strong>et</strong></span> <span class='ocrx_word' id='word_1_27' title='bbox 1203 1174 1238 1236; x_wconf 90' lang='lat' dir='ltr'><strong>in</strong></span> <span class='ocrx_word' id='word_1_28' title='bbox 1262 1171 1411 1240; x_wconf 76' lang='lat' dir='ltr'><strong>domandis</strong></span> 
     </span>
     <span class='ocr_line' id='line_1_6' title="bbox 316 1265 1410 1356; baseline 0.003 -25"><span class='ocrx_word' id='word_1_29' title='bbox 316 1269 409 1354; x_wconf 87' lang='lat' dir='ltr'><strong>equis</strong></span> <span class='ocrx_word' id='word_1_30' title='bbox 433 1265 625 1350; x_wconf 78' lang='lat' dir='ltr'><strong>excelleret,</strong></span> <span class='ocrx_word' id='word_1_31' title='bbox 659 1267 807 1331; x_wconf 85' lang='lat' dir='ltr'><strong>favorem</strong></span> <span class='ocrx_word' id='word_1_32' title='bbox 831 1279 1000 1334; x_wconf 91' lang='lat' dir='ltr'><strong>assecutus</strong></span> <span class='ocrx_word' id='word_1_33' title='bbox 1024 1279 1073 1333; x_wconf 89' lang='lat' dir='ltr'><strong>est</strong></span> <span class='ocrx_word' id='word_1_34' title='bbox 1095 1269 1268 1336; x_wconf 78' lang='lat' dir='ltr'><strong>Michaelis</strong></span> <span class='ocrx_word' id='word_1_35' title='bbox 1289 1270 1410 1356; x_wconf 85' lang='lat' dir='ltr'><strong>Impera-</strong></span> 
     </span>
     <span class='ocr_line' id='line_1_7' title="bbox 315 1363 1411 1456; baseline 0.005 -28"><span class='ocrx_word' id='word_1_36' title='bbox 315 1367 403 1431; x_wconf 87' lang='lat' dir='ltr'><strong>toris.</strong></span> <span class='ocrx_word' id='word_1_37' title='bbox 452 1363 517 1446; x_wconf 78' lang='lat' dir='ltr'><strong>Qui</strong></span> <span class='ocrx_word' id='word_1_38' title='bbox 550 1366 693 1452; x_wconf 91' lang='lat' dir='ltr'><strong>primum</strong></span> <span class='ocrx_word' id='word_1_39' title='bbox 722 1367 815 1452; x_wconf 89' lang='lat' dir='ltr'><strong>equis</strong></span> <span class='ocrx_word' id='word_1_40' title='bbox 846 1376 879 1430; x_wconf 90' lang='lat' dir='ltr'><strong>et</strong></span> <span class='ocrx_word' id='word_1_41' title='bbox 902 1366 1039 1432; x_wconf 88' lang='lat' dir='ltr'><strong>stabulis</strong></span> <span class='ocrx_word' id='word_1_42' title='bbox 1063 1368 1130 1432; x_wconf 89' lang='lat' dir='ltr'><strong>suis</strong></span> <span class='ocrx_word' id='word_1_43' title='bbox 1159 1389 1235 1436; x_wconf 88' lang='lat' dir='ltr'><strong>eum</strong></span> <span class='ocrx_word' id='word_1_44' title='bbox 1265 1367 1411 1456; x_wconf 82' lang='lat' dir='ltr'><strong>pracfecit</strong></span> 
     </span>
     <span class='ocr_line' id='line_1_8' title="bbox 315 1461 1413 1550; baseline 0 -24"><span class='ocrx_word' id='word_1_45' title='bbox 315 1461 393 1528; x_wconf 87' lang='lat' dir='ltr'><strong>dein</strong></span> <span class='ocrx_word' id='word_1_46' title='bbox 417 1484 511 1544; x_wconf 86' lang='lat' dir='ltr'><strong>vero,</strong></span> <span class='ocrx_word' id='word_1_47' title='bbox 543 1485 644 1548; x_wconf 87' lang='lat' dir='ltr'><strong>quum</strong></span> <span class='ocrx_word' id='word_1_48' title='bbox 676 1486 737 1528; x_wconf 89' lang='lat' dir='ltr'><strong>uec</strong></span> <span class='ocrx_word' id='word_1_49' title='bbox 761 1465 864 1528; x_wconf 91' lang='lat' dir='ltr'><strong>animi</strong></span> <span class='ocrx_word' id='word_1_50' title='bbox 896 1475 928 1528; x_wconf 88' lang='lat' dir='ltr'><strong>ct</strong></span> <span class='ocrx_word' id='word_1_51' title='bbox 952 1466 1077 1550; x_wconf 88' lang='lat' dir='ltr'><strong>ingenii</strong></span> <span class='ocrx_word' id='word_1_52' title='bbox 1109 1465 1202 1532; x_wconf 88' lang='lat' dir='ltr'><strong>dotes</strong></span> <span class='ocrx_word' id='word_1_53' title='bbox 1225 1466 1346 1535; x_wconf 88' lang='lat' dir='ltr'><strong>bomini</strong></span> <span class='ocrx_word' id='word_1_54' title='bbox 1373 1463 1413 1528; x_wconf 82' lang='lat' dir='ltr'><strong>de·</strong></span> 
     </span>
     <span class='ocr_line' id='line_1_9' title="bbox 315 1559 1413 1648; baseline 0.002 -24"><span class='ocrx_word' id='word_1_55' title='bbox 315 1569 439 1644; x_wconf 89' lang='lat' dir='ltr'><strong>essent,</strong></span> <span class='ocrx_word' id='word_1_56' title='bbox 473 1561 566 1646; x_wconf 89' lang='lat' dir='ltr'><strong>isque</strong></span> <span class='ocrx_word' id='word_1_57' title='bbox 590 1583 624 1624; x_wconf 89' lang='lat' dir='ltr'><strong>se</strong></span> <span class='ocrx_word' id='word_1_58' title='bbox 647 1559 842 1647; x_wconf 79' lang='lat' dir='ltr'><strong>Imperatori</strong></span> <span class='ocrx_word' id='word_1_59' title='bbox 866 1562 1040 1648; x_wconf 81' lang='lat' dir='ltr'><strong>praeberet</strong></span> <span class='ocrx_word' id='word_1_60' title='bbox 1063 1573 1194 1648; x_wconf 85' lang='lat' dir='ltr'><strong>gratum</strong></span> <span class='ocrx_word' id='word_1_61' title='bbox 1224 1565 1259 1630; x_wconf 90' lang='lat' dir='ltr'><strong>in</strong></span> <span class='ocrx_word' id='word_1_62' title='bbox 1289 1563 1413 1628; x_wconf 86' lang='lat' dir='ltr'><strong>venatio·</strong></span> 
     </span>
     <span class='ocr_line' id='line_1_10' title="bbox 314 1657 1413 1747; baseline 0.002 -25"><span class='ocrx_word' id='word_1_63' title='bbox 314 1657 431 1740; x_wconf 90' lang='lat' dir='ltr'><strong>nibus,</strong></span> <span class='ocrx_word' id='word_1_64' title='bbox 472 1657 783 1742; x_wconf 82' lang='lat' dir='ltr'><strong>comessationibus,</strong></span> <span class='ocrx_word' id='word_1_65' title='bbox 823 1681 863 1724; x_wconf 93' lang='lat' dir='ltr'><strong>ac</strong></span> <span class='ocrx_word' id='word_1_66' title='bbox 904 1659 992 1724; x_wconf 92' lang='lat' dir='ltr'><strong>ludis</strong></span> <span class='ocrx_word' id='word_1_67' title='bbox 1026 1660 1235 1747; x_wconf 84' lang='lat' dir='ltr'><strong>equestribus</strong></span> <span class='ocrx_word' id='word_1_68' title='bbox 1270 1663 1413 1732; x_wconf 87' lang='lat' dir='ltr'><strong>comitem,</strong></span> 
     </span>
     <span class='ocr_line' id='line_1_11' title="bbox 314 1755 1414 1844; baseline -0.002 -24"><span class='ocrx_word' id='word_1_69' title='bbox 314 1755 457 1820; x_wconf 71' lang='lat' dir='ltr'><strong>Michsel</strong></span> <span class='ocrx_word' id='word_1_70' title='bbox 480 1779 539 1844; x_wconf 90' lang='lat' dir='ltr'><strong>per</strong></span> <span class='ocrx_word' id='word_1_71' title='bbox 555 1757 664 1819; x_wconf 85' lang='lat' dir='ltr'><strong>varios</strong></span> <span class='ocrx_word' id='word_1_72' title='bbox 680 1755 842 1822; x_wconf 90' lang='lat' dir='ltr'><strong>honorum</strong></span> <span class='ocrx_word' id='word_1_73' title='bbox 859 1757 983 1844; x_wconf 87' lang='lat' dir='ltr'><strong>gradus</strong></span> <span class='ocrx_word' id='word_1_74' title='bbox 1006 1781 1080 1824; x_wconf 90' lang='lat' dir='ltr'><strong>eum</strong></span> <span class='ocrx_word' id='word_1_75' title='bbox 1098 1760 1220 1840; x_wconf 81' lang='lat' dir='ltr'><strong>evexit,</strong></span> <span class='ocrx_word' id='word_1_76' title='bbox 1244 1758 1414 1827; x_wconf 81' lang='lat' dir='ltr'><strong>eudemum</strong></span> 
     </span>
     <span class='ocr_line' id='line_1_12' title="bbox 314 1851 1415 1940; baseline 0 -23"><span class='ocrx_word' id='word_1_77' title='bbox 314 1865 386 1940; x_wconf 90' lang='lat' dir='ltr'><strong>post</strong></span> <span class='ocrx_word' id='word_1_78' title='bbox 415 1853 543 1918; x_wconf 86' lang='lat' dir='ltr'><strong>Bardae</strong></span> <span class='ocrx_word' id='word_1_79' title='bbox 574 1875 690 1918; x_wconf 84' lang='lat' dir='ltr'><strong>necem</strong></span> <span class='ocrx_word' id='word_1_80' title='bbox 713 1853 904 1940; x_wconf 82' lang='lat' dir='ltr'><strong>Augustum</strong></span> <span class='ocrx_word' id='word_1_81' title='bbox 929 1857 1065 1922; x_wconf 87' lang='lat' dir='ltr'><strong>creavit.</strong></span> <span class='ocrx_word' id='word_1_82' title='bbox 1111 1857 1158 1920; x_wconf 85' lang='lat' dir='ltr'><strong>At</strong></span> <span class='ocrx_word' id='word_1_83' title='bbox 1190 1879 1267 1922; x_wconf 86' lang='lat' dir='ltr'><strong>mox</strong></span> <span class='ocrx_word' id='word_1_84' title='bbox 1290 1851 1415 1925; x_wconf 75' lang='lat' dir='ltr'><strong>Michasl</strong></span> 
     </span>
     <span class='ocr_line' id='line_1_13' title="bbox 313 1949 1415 2040; baseline -0.003 -24"><span class='ocrx_word' id='word_1_85' title='bbox 313 1961 502 2038; x_wconf 86' lang='lat' dir='ltr'><strong>suspectum</strong></span> <span class='ocrx_word' id='word_1_86' title='bbox 525 1949 644 2014; x_wconf 88' lang='lat' dir='ltr'><strong>habuit</strong></span> <span class='ocrx_word' id='word_1_87' title='bbox 658 1951 829 2036; x_wconf 85' lang='lat' dir='ltr'><strong>Basilium,</strong></span> <span class='ocrx_word' id='word_1_88' title='bbox 855 1975 954 2040; x_wconf 90' lang='lat' dir='ltr'><strong>quem</strong></span> <span class='ocrx_word' id='word_1_89' title='bbox 977 1954 1040 2018; x_wconf 88' lang='lat' dir='ltr'><strong>sibi</strong></span> <span class='ocrx_word' id='word_1_90' title='bbox 1066 1955 1267 2040; x_wconf 88' lang='lat' dir='ltr'><strong>superiorem</strong></span> <span class='ocrx_word' id='word_1_91' title='bbox 1286 1950 1415 2020; x_wconf 86' lang='lat' dir='ltr'><strong>animad-</strong></span> 
     </span>
     <span class='ocr_line' id='line_1_14' title="bbox 313 2048 1416 2136; baseline 0 -26"><span class='ocrx_word' id='word_1_92' title='bbox 313 2050 479 2130; x_wconf 85' lang='lat' dir='ltr'><strong>vertebat,</strong></span> <span class='ocrx_word' id='word_1_93' title='bbox 503 2048 669 2134; x_wconf 88' lang='lat' dir='ltr'><strong>hujusque</strong></span> <span class='ocrx_word' id='word_1_94' title='bbox 693 2051 763 2113; x_wconf 89' lang='lat' dir='ltr'><strong>vita</strong></span> <span class='ocrx_word' id='word_1_95' title='bbox 786 2050 966 2136; x_wconf 88' lang='lat' dir='ltr'><strong>periclitari</strong></span> <span class='ocrx_word' id='word_1_96' title='bbox 991 2053 1064 2118; x_wconf 86' lang='lat' dir='ltr'><strong>visa</strong></span> <span class='ocrx_word' id='word_1_97' title='bbox 1088 2061 1144 2116; x_wconf 88' lang='lat' dir='ltr'><strong>est.</strong></span> <span class='ocrx_word' id='word_1_98' title='bbox 1192 2053 1288 2118; x_wconf 85' lang='lat' dir='ltr'><strong>Tunc</strong></span> <span class='ocrx_word' id='word_1_99' title='bbox 1309 2049 1416 2116; x_wconf 91' lang='lat' dir='ltr'><strong>Basilio</strong></span> 
     </span>
     <span class='ocr_line' id='line_1_15' title="bbox 312 2146 1415 2238; baseline -0.002 -26"><span class='ocrx_word' id='word_1_100' title='bbox 312 2159 446 2212; x_wconf 89' lang='lat' dir='ltr'><strong>auctore</strong></span> <span class='ocrx_word' id='word_1_101' title='bbox 470 2147 652 2232; x_wconf 87' lang='lat' dir='ltr'><strong>conjuratio</strong></span> <span class='ocrx_word' id='word_1_102' title='bbox 685 2149 719 2211; x_wconf 92' lang='lat' dir='ltr'><strong>in</strong></span> <span class='ocrx_word' id='word_1_103' title='bbox 742 2146 980 2234; x_wconf 83' lang='lat' dir='ltr'><strong>Imperatorem</strong></span> <span class='ocrx_word' id='word_1_104' title='bbox 1003 2149 1091 2215; x_wconf 86' lang='lat' dir='ltr'><strong>facta</strong></span> <span class='ocrx_word' id='word_1_105' title='bbox 1115 2161 1179 2234; x_wconf 88' lang='lat' dir='ltr'><strong>est,</strong></span> <span class='ocrx_word' id='word_1_106' title='bbox 1212 2152 1306 2238; x_wconf 87' lang='lat' dir='ltr'><strong>isque</strong></span> <span class='ocrx_word' id='word_1_107' title='bbox 1329 2168 1415 2236; x_wconf 87' lang='lat' dir='ltr'><strong>quum</strong></span> 
     </span>
     <span class='ocr_line' id='line_1_16' title="bbox 312 2243 1415 2333; baseline -0.002 -25"><span class='ocrx_word' id='word_1_108' title='bbox 312 2243 461 2309; x_wconf 88' lang='lat' dir='ltr'><strong>ebriosus</strong></span> <span class='ocrx_word' id='word_1_109' title='bbox 478 2243 690 2310; x_wconf 84' lang='lat' dir='ltr'><strong>decumberet</strong></span> <span class='ocrx_word' id='word_1_110' title='bbox 710 2257 806 2310; x_wconf 86' lang='lat' dir='ltr'><strong>nocte</strong></span> <span class='ocrx_word' id='word_1_111' title='bbox 823 2247 865 2311; x_wconf 82' lang='lat'><strong>23</strong></span> <span class='ocrx_word' id='word_1_112' title='bbox 884 2245 1087 2333; x_wconf 82' lang='lat' dir='ltr'><strong>Septembris</strong></span> <span class='ocrx_word' id='word_1_113' title='bbox 1108 2249 1187 2313; x_wconf 89' lang='lat' dir='ltr'><strong>anni</strong></span> <span class='ocrx_word' id='word_1_114' title='bbox 1204 2249 1267 2314; x_wconf 81' lang='grc'><strong>867</strong></span> <span class='ocrx_word' id='word_1_115' title='bbox 1289 2245 1415 2314; x_wconf 88' lang='lat' dir='ltr'><strong>incubi·</strong></span> 
     </span>
     <span class='ocr_line' id='line_1_17' title="bbox 312 2341 1415 2434; baseline -0.004 -26"><span class='ocrx_word' id='word_1_116' title='bbox 312 2341 384 2408; x_wconf 90' lang='lat' dir='ltr'><strong>culo</strong></span> <span class='ocrx_word' id='word_1_117' title='bbox 409 2364 467 2408; x_wconf 88' lang='lat' dir='ltr'><strong>suo</strong></span> <span class='ocrx_word' id='word_1_118' title='bbox 491 2351 540 2407; x_wconf 93' lang='lat' dir='ltr'><strong>est</strong></span> <span class='ocrx_word' id='word_1_119' title='bbox 563 2343 755 2410; x_wconf 89' lang='lat' dir='ltr'><strong>trucidatus.</strong></span> <span class='ocrx_word' id='word_1_120' title='bbox 802 2342 889 2409; x_wconf 88' lang='lat' dir='ltr'><strong>Malo</strong></span> <span class='ocrx_word' id='word_1_121' title='bbox 912 2355 1044 2432; x_wconf 84' lang='lat' dir='ltr'><strong>partum</strong></span> <span class='ocrx_word' id='word_1_122' title='bbox 1069 2347 1244 2434; x_wconf 89' lang='lat' dir='ltr'><strong>imperium</strong></span> <span class='ocrx_word' id='word_1_123' title='bbox 1270 2367 1335 2412; x_wconf 86' lang='lat' dir='ltr'><strong>non</strong></span> <span class='ocrx_word' id='word_1_124' title='bbox 1357 2345 1415 2408; x_wconf 83' lang='lat' dir='ltr'><strong>siue</strong></span> 
     </span>
     <span class='ocr_line' id='line_1_18' title="bbox 311 2440 1416 2532; baseline -0.004 -26"><span class='ocrx_word' id='word_1_125' title='bbox 311 2441 409 2506; x_wconf 87' lang='lat' dir='ltr'><strong>laude</strong></span> <span class='ocrx_word' id='word_1_126' title='bbox 431 2440 573 2506; x_wconf 82' lang='lat' dir='ltr'><strong>Basilius</strong></span> <span class='ocrx_word' id='word_1_127' title='bbox 597 2441 851 2524; x_wconf 83' lang='lat' dir='ltr'><strong>administrauit,</strong></span> <span class='ocrx_word' id='word_1_128' title='bbox 877 2441 1024 2532; x_wconf 86' lang='lat' dir='ltr'><strong>illudque</strong></span> <span class='ocrx_word' id='word_1_129' title='bbox 1049 2443 1210 2530; x_wconf 87' lang='lat' dir='ltr'><strong>imprimis</strong></span> <span class='ocrx_word' id='word_1_130' title='bbox 1234 2441 1416 2518; x_wconf 85' lang='lat' dir='ltr'><strong>benefecit,</strong></span> 
     </span>
     <span class='ocr_line' id='line_1_19' title="bbox 311 2538 1415 2630; baseline -0.004 -26"><span class='ocrx_word' id='word_1_131' title='bbox 311 2539 400 2626; x_wconf 87' lang='lat' dir='ltr'><strong>quod</strong></span> <span class='ocrx_word' id='word_1_132' title='bbox 423 2538 579 2604; x_wconf 88' lang='lat' dir='ltr'><strong>Photium</strong></span> <span class='ocrx_word' id='word_1_133' title='bbox 603 2538 965 2625; x_wconf 84' lang='lat' dir='ltr'><strong>pseudo-patriarcham</strong></span> <span class='ocrx_word' id='word_1_134' title='bbox 990 2563 1008 2604; x_wconf 87' lang='lat' dir='ltr'><strong>e</strong></span> <span class='ocrx_word' id='word_1_135' title='bbox 1031 2539 1109 2605; x_wconf 90' lang='lat' dir='ltr'><strong>sede</strong></span> <span class='ocrx_word' id='word_1_136' title='bbox 1133 2541 1302 2630; x_wconf 88' lang='lat' dir='ltr'><strong>dejiceret,</strong></span> <span class='ocrx_word' id='word_1_137' title='bbox 1334 2541 1415 2623; x_wconf 84' lang='lat' dir='ltr'><strong>lgna·</strong></span> 
     </span>
     <span class='ocr_line' id='line_1_20' title="bbox 310 2635 1416 2724; baseline -0.002 -23"><span class='ocrx_word' id='word_1_138' title='bbox 310 2639 393 2702; x_wconf 90' lang='lat' dir='ltr'><strong>tium</strong></span> <span class='ocrx_word' id='word_1_139' title='bbox 417 2638 611 2718; x_wconf 84' lang='lat' dir='ltr'><strong>restitueret,</strong></span> <span class='ocrx_word' id='word_1_140' title='bbox 636 2646 668 2700; x_wconf 90' lang='lat' dir='ltr'><strong>et</strong></span> <span class='ocrx_word' id='word_1_141' title='bbox 692 2637 733 2701; x_wconf 86' lang='lat' dir='ltr'><strong>de</strong></span> <span class='ocrx_word' id='word_1_142' title='bbox 753 2659 836 2724; x_wconf 86' lang='lat' dir='ltr'><strong>pace</strong></span> <span class='ocrx_word' id='word_1_143' title='bbox 855 2639 890 2702; x_wconf 92' lang='lat' dir='ltr'><strong>in</strong></span> <span class='ocrx_word' id='word_1_144' title='bbox 905 2637 1044 2704; x_wconf 87' lang='lat' dir='ltr'><strong>ecclesia</strong></span> <span class='ocrx_word' id='word_1_145' title='bbox 1061 2637 1197 2706; x_wconf 85' lang='lat' dir='ltr'><strong>OPtana</strong></span> <span class='ocrx_word' id='word_1_146' title='bbox 1216 2635 1416 2706; x_wconf 78' lang='lat' dir='ltr'><strong>instauranda</strong></span> 
     </span>
    </p>

    <p class='ocr_par' dir='ltr' id='par_1_4' title="bbox 151 2734 1421 4288">
     <span class='ocr_line' id='line_1_21' title="bbox 310 2734 763 2801; baseline -0.002 -1"><span class='ocrx_word' id='word_1_147' title='bbox 310 2758 344 2801; x_wconf 91' lang='lat' dir='ltr'><strong>sc</strong></span> <span class='ocrx_word' id='word_1_148' title='bbox 368 2734 544 2800; x_wconf 88' lang='lat' dir='ltr'><strong>sollicitum</strong></span> <span class='ocrx_word' id='word_1_149' title='bbox 569 2734 763 2800; x_wconf 86' lang='lat' dir='ltr'><strong>ostenderet.</strong></span> 
     </span>
     <span class='ocr_line' id='line_1_22' title="bbox 151 2829 1417 2918; baseline -0.004 -22"><span class='ocrx_word' id='word_1_150' title='bbox 151 2845 241 2886; x_wconf 71' lang='lat' dir='ltr'><strong>ruscius</strong></span> <span class='ocrx_word' id='word_1_151' title='bbox 256 2845 291 2887; x_wconf 67' lang='lat' dir='ltr'><strong>de</strong></span> <span class='ocrx_word' id='word_1_152' title='bbox 401 2831 452 2898; x_wconf 79' lang='lat'><strong>75.</strong></span> <span class='ocrx_word' id='word_1_153' title='bbox 478 2830 624 2912; x_wconf 83' lang='lat' dir='ltr'><strong>Quidam</strong></span> <span class='ocrx_word' id='word_1_154' title='bbox 641 2843 791 2897; x_wconf 88' lang='lat' dir='ltr'><strong>auctores</strong></span> <span class='ocrx_word' id='word_1_155' title='bbox 807 2834 918 2918; x_wconf 87' lang='lat' dir='ltr'><strong>graeei</strong></span> <span class='ocrx_word' id='word_1_156' title='bbox 931 2843 1077 2916; x_wconf 84' lang='lat' dir='ltr'><strong>narrant,</strong></span> <span class='ocrx_word' id='word_1_157' title='bbox 1101 2831 1258 2900; x_wconf 85' lang='lat' dir='ltr'><strong>Photium</strong></span> <span class='ocrx_word' id='word_1_158' title='bbox 1271 2857 1292 2897; x_wconf 90' lang='lat' dir='ltr'><strong>a</strong></span> <span class='ocrx_word' id='word_1_159' title='bbox 1306 2829 1417 2900; x_wconf 84' lang='lat' dir='ltr'><strong>Basilio</strong></span> 
     </span>
     <span class='ocr_line' id='line_1_23' title="bbox 171 2883 1418 3017; baseline -0.002 -21.973"><span class='ocrx_word' id='word_1_160' title='bbox 171 2907 226 2948; x_wconf 64' lang='lat'><strong>&#39;¹¹²¹‘</strong></span> <span class='ocrx_word' id='word_1_161' title='bbox 227 2907 271 2948; x_wconf 56' lang='lat'><strong>&#39;¹¹&#39;</strong></span> <span class='ocrx_word' id='word_1_162' title='bbox 311 2929 410 2996; x_wconf 88' lang='lat' dir='ltr'><strong>destit</strong></span> <span class='ocrx_word' id='word_1_163' title='bbox 397 2938 504 2995; x_wconf 90' lang='lat' dir='ltr'><strong>tutum</strong></span> <span class='ocrx_word' id='word_1_164' title='bbox 526 2929 638 3012; x_wconf 87' lang='lat' dir='ltr'><strong>fuisse,</strong></span> <span class='ocrx_word' id='word_1_165' title='bbox 663 2930 795 3016; x_wconf 88' lang='lat' dir='ltr'><strong>quod</strong></span> <span class='ocrx_word' id='word_1_166' title='bbox 767 2953 837 3016; x_wconf 81' lang='lat' dir='ltr'><strong>eJus</strong></span> <span class='ocrx_word' id='word_1_167' title='bbox 855 2932 888 2996; x_wconf 90' lang='lat' dir='ltr'><strong>in</strong></span> <span class='ocrx_word' id='word_1_168' title='bbox 904 2883 1102 2996; x_wconf 79' lang='lat' dir='ltr'><strong>llieha&#39;e&#39;leln</strong></span> <span class='ocrx_word' id='word_1_169' title='bbox 1116 2931 1247 2996; x_wconf 86' lang='lat' dir='ltr'><strong>facinus</strong></span> <span class='ocrx_word' id='word_1_170' title='bbox 1261 2937 1418 3017; x_wconf 83' lang='lat' dir='ltr'><strong>argueret·</strong></span> 
     </span>
     <span class='ocr_line' id='line_1_24' title="bbox 310 3027 1417 3116; baseline -0.001 -25"><span class='ocrx_word' id='word_1_171' title='bbox 310 3029 368 3092; x_wconf 90' lang='lat' dir='ltr'><strong>sed</strong></span> <span class='ocrx_word' id='word_1_172' title='bbox 393 3050 468 3093; x_wconf 88' lang='lat' dir='ltr'><strong>cum</strong></span> <span class='ocrx_word' id='word_1_173' title='bbox 493 3027 682 3094; x_wconf 84' lang='lat' dir='ltr'><strong>charactere</strong></span> <span class='ocrx_word' id='word_1_174' title='bbox 698 3027 810 3092; x_wconf 89' lang='lat' dir='ltr'><strong>Photti</strong></span> <span class='ocrx_word' id='word_1_175' title='bbox 835 3029 868 3092; x_wconf 93' lang='lat' dir='ltr'><strong>id</strong></span> <span class='ocrx_word' id='word_1_176' title='bbox 892 3051 1009 3112; x_wconf 89' lang='lat' dir='ltr'><strong>parum</strong></span> <span class='ocrx_word' id='word_1_177' title='bbox 1035 3027 1197 3110; x_wconf 81' lang='lat' dir='ltr'><strong>cohaeret,</strong></span> <span class='ocrx_word' id='word_1_178' title='bbox 1222 3039 1320 3116; x_wconf 89' lang='lat' dir='ltr'><strong>atquc</strong></span> <span class='ocrx_word' id='word_1_179' title='bbox 1335 3029 1417 3094; x_wconf 82' lang='lat' dir='ltr'><strong>Nice-</strong></span> 
     </span>
     <span class='ocr_line' id='line_1_25' title="bbox 310 3125 1418 3214; baseline -0.004 -24"><span class='ocrx_word' id='word_1_180' title='bbox 310 3137 370 3208; x_wconf 81' lang='lat' dir='ltr'><strong>tes,</strong></span> <span class='ocrx_word' id='word_1_181' title='bbox 395 3136 511 3190; x_wconf 90' lang='lat' dir='ltr'><strong>auctor</strong></span> <span class='ocrx_word' id='word_1_182' title='bbox 533 3126 601 3192; x_wconf 86' lang='lat' dir='ltr'><strong>fere</strong></span> <span class='ocrx_word' id='word_1_183' title='bbox 625 3148 783 3208; x_wconf 87' lang='lat' dir='ltr'><strong>coaevus,</strong></span> <span class='ocrx_word' id='word_1_184' title='bbox 818 3128 853 3192; x_wconf 89' lang='lat' dir='ltr'><strong>in</strong></span> <span class='ocrx_word' id='word_1_185' title='bbox 884 3125 957 3190; x_wconf 81' lang='lat' dir='ltr'><strong>Vita</strong></span> <span class='ocrx_word' id='word_1_186' title='bbox 980 3127 1101 3214; x_wconf 73' lang='lat' dir='ltr'><strong>Ipnctii</strong></span> <span class='ocrx_word' id='word_1_187' title='bbox 1122 3126 1220 3211; x_wconf 86' lang='lat' dir='ltr'><strong>plene</strong></span> <span class='ocrx_word' id='word_1_188' title='bbox 1243 3126 1337 3194; x_wconf 85' lang='lat' dir='ltr'><strong>aliter</strong></span> <span class='ocrx_word' id='word_1_189' title='bbox 1359 3143 1418 3190; x_wconf 84' lang='lat' dir='ltr'><strong>rem</strong></span> 
     </span>
     <span class='ocr_line' id='line_1_26' title="bbox 310 3221 1418 3312; baseline -0.005 -24"><span class='ocrx_word' id='word_1_190' title='bbox 310 3225 419 3289; x_wconf 81' lang='lat' dir='ltr'><strong>refert.</strong></span> <span class='ocrx_word' id='word_1_191' title='bbox 465 3223 614 3302; x_wconf 69' lang='lat' dir='ltr'><strong>Pbctius,</strong></span> <span class='ocrx_word' id='word_1_192' title='bbox 647 3224 779 3306; x_wconf 87' lang='lat' dir='ltr'><strong>scribit,</strong></span> <span class='ocrx_word' id='word_1_193' title='bbox 815 3225 850 3289; x_wconf 83' lang='lat' dir='ltr'><strong>iu</strong></span> <span class='ocrx_word' id='word_1_194' title='bbox 873 3221 1019 3312; x_wconf 85' lang='lat' dir='ltr'><strong>operibus</strong></span> <span class='ocrx_word' id='word_1_195' title='bbox 1045 3247 1194 3288; x_wconf 81' lang='lat' dir='ltr'><strong>manuum</strong></span> <span class='ocrx_word' id='word_1_196' title='bbox 1216 3248 1342 3290; x_wconf 74' lang='lat' dir='ltr'><strong>cuonem</strong></span> <span class='ocrx_word' id='word_1_197' title='bbox 1365 3245 1418 3284; x_wconf 83' lang='lat' dir='ltr'><strong>mu·</strong></span> 
     </span>
     <span class='ocr_line' id='line_1_27' title="bbox 311 3319 1419 3410; baseline -0.004 -24"><span class='ocrx_word' id='word_1_198' title='bbox 311 3323 437 3410; x_wconf 74' lang='lat' dir='ltr'><strong>lipncus</strong></span> <span class='ocrx_word' id='word_1_199' title='bbox 469 3321 662 3408; x_wconf 82' lang='lat' dir='ltr'><strong>capiebatur.</strong></span> <span class='ocrx_word' id='word_1_200' title='bbox 718 3319 781 3396; x_wconf 89' lang='lat' dir='ltr'><strong>Qui</strong></span> <span class='ocrx_word' id='word_1_201' title='bbox 812 3344 904 3408; x_wconf 80' lang='lat' dir='ltr'><strong>quum</strong></span> <span class='ocrx_word' id='word_1_202' title='bbox 936 3321 1050 3386; x_wconf 84' lang='lat' dir='ltr'><strong>dubius</strong></span> <span class='ocrx_word' id='word_1_203' title='bbox 1079 3323 1236 3400; x_wconf 73' lang='lat' dir='ltr'><strong>haereret,</strong></span> <span class='ocrx_word' id='word_1_204' title='bbox 1268 3319 1311 3386; x_wconf 76' lang='lat' dir='ltr'><strong>cd</strong></span> <span class='ocrx_word' id='word_1_205' title='bbox 1342 3339 1419 3408; x_wconf 77' lang='lat' dir='ltr'><strong>pseu</strong></span> 
     </span>
     <span class='ocr_line' id='line_1_28' title="bbox 312 3417 1419 3508; baseline -0.002 -24"><span class='ocrx_word' id='word_1_206' title='bbox 312 3419 439 3484; x_wconf 80' lang='lat' dir='ltr'><strong>taudem</strong></span> <span class='ocrx_word' id='word_1_207' title='bbox 453 3441 572 3482; x_wconf 84' lang='lat' dir='ltr'><strong>summu</strong></span> <span class='ocrx_word' id='word_1_208' title='bbox 587 3419 715 3504; x_wconf 78' lang='lat' dir='ltr'><strong>imperii</strong></span> <span class='ocrx_word' id='word_1_209' title='bbox 728 3429 808 3484; x_wconf 85' lang='lat' dir='ltr'><strong>ceeat</strong></span> <span class='ocrx_word' id='word_1_210' title='bbox 816 3429 1021 3506; x_wconf 75' lang='lat' dir='ltr'><strong>perventura,</strong></span> <span class='ocrx_word' id='word_1_211' title='bbox 1045 3417 1177 3484; x_wconf 77' lang='lat' dir='ltr'><strong>subinde</strong></span> <span class='ocrx_word' id='word_1_212' title='bbox 1193 3419 1281 3508; x_wconf 80' lang='lat' dir='ltr'><strong>apud</strong></span> <span class='ocrx_word' id='word_1_213' title='bbox 1295 3417 1419 3484; x_wconf 63' lang='lat' dir='ltr'><strong>Midiae</strong></span> 
     </span>
     <span class='ocr_line' id='line_1_29' title="bbox 311 3513 1420 3604; baseline -0.002 -22"><span class='ocrx_word' id='word_1_214' title='bbox 311 3517 370 3582; x_wconf 84' lang='lat' dir='ltr'><strong>lem</strong></span> <span class='ocrx_word' id='word_1_215' title='bbox 394 3516 543 3604; x_wconf 77' lang='lat' dir='ltr'><strong>carpebat</strong></span> <span class='ocrx_word' id='word_1_216' title='bbox 556 3515 724 3595; x_wconf 78' lang='lat' dir='ltr'><strong>Racilium,</strong></span> <span class='ocrx_word' id='word_1_217' title='bbox 749 3527 778 3580; x_wconf 85' lang='lat' dir='ltr'><strong>et</strong></span> <span class='ocrx_word' id='word_1_218' title='bbox 799 3517 937 3581; x_wconf 81' lang='lat' dir='ltr'><strong>uicissim</strong></span> <span class='ocrx_word' id='word_1_219' title='bbox 959 3515 1047 3604; x_wconf 84' lang='lat' dir='ltr'><strong>opud</strong></span> <span class='ocrx_word' id='word_1_220' title='bbox 1061 3516 1220 3582; x_wconf 77' lang='lat' dir='ltr'><strong>Basilicus</strong></span> <span class='ocrx_word' id='word_1_221' title='bbox 1239 3513 1420 3582; x_wconf 78' lang='lat' dir='ltr'><strong>obtrectabat</strong></span> 
     </span>
     <span class='ocr_line' id='line_1_30' title="bbox 312 3613 1420 3702; baseline -0.004 -24"><span class='ocrx_word' id='word_1_222' title='bbox 312 3615 478 3694; x_wconf 83' lang='lat' dir='ltr'><strong>Micbc‘e&#39;li,</strong></span> <span class='ocrx_word' id='word_1_223' title='bbox 508 3625 614 3693; x_wconf 84' lang='lat' dir='ltr'><strong>ratus,</strong></span> <span class='ocrx_word' id='word_1_224' title='bbox 644 3613 804 3678; x_wconf 85' lang='lat' dir='ltr'><strong>amborum</strong></span> <span class='ocrx_word' id='word_1_225' title='bbox 827 3638 858 3678; x_wconf 83' lang='lat' dir='ltr'><strong>sc</strong></span> <span class='ocrx_word' id='word_1_226' title='bbox 885 3614 932 3678; x_wconf 87' lang='lat' dir='ltr'><strong>ita</strong></span> <span class='ocrx_word' id='word_1_227' title='bbox 956 3615 1128 3678; x_wconf 82' lang='lat' dir='ltr'><strong>amicitiam</strong></span> <span class='ocrx_word' id='word_1_228' title='bbox 1151 3613 1213 3678; x_wconf 85' lang='lat' dir='ltr'><strong>sibi</strong></span> <span class='ocrx_word' id='word_1_229' title='bbox 1235 3621 1420 3702; x_wconf 77' lang='lat' dir='ltr'><strong>comparatu-</strong></span> 
     </span>
     <span class='ocr_line' id='line_1_31' title="bbox 310 3711 1421 3799; baseline -0.009 -21"><span class='ocrx_word' id='word_1_230' title='bbox 310 3737 395 3795; x_wconf 81' lang='lat' dir='ltr'><strong>rum,</strong></span> <span class='ocrx_word' id='word_1_231' title='bbox 432 3713 505 3777; x_wconf 85' lang='lat' dir='ltr'><strong>dum</strong></span> <span class='ocrx_word' id='word_1_232' title='bbox 536 3736 611 3798; x_wconf 81' lang='lat' dir='ltr'><strong>erpa</strong></span> <span class='ocrx_word' id='word_1_233' title='bbox 633 3723 794 3799; x_wconf 79' lang='lat' dir='ltr'><strong>utrumque</strong></span> <span class='ocrx_word' id='word_1_234' title='bbox 818 3711 1063 3776; x_wconf 78' lang='lat' dir='ltr'><strong>benevolentium</strong></span> <span class='ocrx_word' id='word_1_235' title='bbox 1093 3711 1272 3790; x_wconf 76' lang='lat' dir='ltr'><strong>simularet,</strong></span> <span class='ocrx_word' id='word_1_236' title='bbox 1305 3721 1339 3774; x_wconf 87' lang='lat' dir='ltr'><strong>ut</strong></span> <span class='ocrx_word' id='word_1_237' title='bbox 1360 3719 1421 3772; x_wconf 76' lang='lat' dir='ltr'><strong>uter</strong></span> 
     </span>
     <span class='ocr_line' id='line_1_32' title="bbox 311 3808 1420 3896; baseline -0.004 -21"><span class='ocrx_word' id='word_1_238' title='bbox 311 3811 438 3875; x_wconf 84' lang='lat' dir='ltr'><strong>taudem</strong></span> <span class='ocrx_word' id='word_1_239' title='bbox 461 3833 500 3873; x_wconf 83' lang='lat' dir='ltr'><strong>coc</strong></span> <span class='ocrx_word' id='word_1_240' title='bbox 522 3810 590 3874; x_wconf 83' lang='lat' dir='ltr'><strong>illis</strong></span> <span class='ocrx_word' id='word_1_241' title='bbox 612 3811 698 3874; x_wconf 85' lang='lat' dir='ltr'><strong>aolus</strong></span> <span class='ocrx_word' id='word_1_242' title='bbox 713 3812 879 3896; x_wconf 83' lang='lat' dir='ltr'><strong>imperium</strong></span> <span class='ocrx_word' id='word_1_243' title='bbox 901 3809 1062 3888; x_wconf 78' lang='lat' dir='ltr'><strong>obtineret,</strong></span> <span class='ocrx_word' id='word_1_244' title='bbox 1086 3809 1177 3874; x_wconf 85' lang='lat' dir='ltr'><strong>illum</strong></span> <span class='ocrx_word' id='word_1_245' title='bbox 1192 3809 1254 3874; x_wconf 84' lang='lat' dir='ltr'><strong>sibi</strong></span> <span class='ocrx_word' id='word_1_246' title='bbox 1269 3808 1420 3876; x_wconf 63' lang='lat' dir='ltr'><strong>bunut·</strong></span> 
     </span>
     <span class='ocr_line' id='line_1_33' title="bbox 311 3905 1420 3994; baseline -0.005 -21"><span class='ocrx_word' id='word_1_247' title='bbox 311 3910 420 3973; x_wconf 66' lang='lat' dir='ltr'><strong>mutum</strong></span> <span class='ocrx_word' id='word_1_248' title='bbox 449 3907 584 3972; x_wconf 80' lang='lat' dir='ltr'><strong>baberet.</strong></span> <span class='ocrx_word' id='word_1_249' title='bbox 632 3908 730 3994; x_wconf 80' lang='lat' dir='ltr'><strong>Atqui</strong></span> <span class='ocrx_word' id='word_1_250' title='bbox 758 3931 820 3972; x_wconf 80' lang='lat' dir='ltr'><strong>uon</strong></span> <span class='ocrx_word' id='word_1_251' title='bbox 848 3907 999 3994; x_wconf 81' lang='lat' dir='ltr'><strong>probauit</strong></span> <span class='ocrx_word' id='word_1_252' title='bbox 1022 3929 1053 3970; x_wconf 84' lang='lat' dir='ltr'><strong>ec</strong></span> <span class='ocrx_word' id='word_1_253' title='bbox 1076 3905 1219 3987; x_wconf 82' lang='lat' dir='ltr'><strong>Basilio,</strong></span> <span class='ocrx_word' id='word_1_254' title='bbox 1248 3909 1302 3994; x_wconf 79' lang='lat' dir='ltr'><strong>qui</strong></span> <span class='ocrx_word' id='word_1_255' title='bbox 1323 3905 1420 3969; x_wconf 79' lang='lat' dir='ltr'><strong>admo·</strong></span> 
     </span>
     <span class='ocr_line' id='line_1_34' title="bbox 311 3999 1419 4093; baseline -0.006 -24"><span class='ocrx_word' id='word_1_256' title='bbox 311 4007 384 4071; x_wconf 82' lang='lat' dir='ltr'><strong>dum</strong></span> <span class='ocrx_word' id='word_1_257' title='bbox 407 4009 591 4072; x_wconf 81' lang='lat' dir='ltr'><strong>ueteratoris</strong></span> <span class='ocrx_word' id='word_1_258' title='bbox 622 4007 711 4071; x_wconf 83' lang='lat' dir='ltr'><strong>illius</strong></span> <span class='ocrx_word' id='word_1_259' title='bbox 734 4007 872 4093; x_wconf 79' lang='lat' dir='ltr'><strong>strepitis</strong></span> <span class='ocrx_word' id='word_1_260' title='bbox 896 4004 1120 4092; x_wconf 78' lang='lat' dir='ltr'><strong>offendebamr.</strong></span> <span class='ocrx_word' id='word_1_261' title='bbox 1168 4005 1239 4070; x_wconf 83' lang='lat' dir='ltr'><strong>Nec</strong></span> <span class='ocrx_word' id='word_1_262' title='bbox 1265 4006 1310 4068; x_wconf 85' lang='lat' dir='ltr'><strong>itu</strong></span> <span class='ocrx_word' id='word_1_263' title='bbox 1332 3999 1419 4066; x_wconf 71' lang='lat' dir='ltr'><strong>uuus</strong></span> 
     </span>
     <span class='ocr_line' id='line_1_35' title="bbox 307 4101 1421 4190; baseline -0.003 -23"><span class='ocrx_word' id='word_1_264' title='bbox 307 4115 381 4190; x_wconf 83' lang='lat' dir='ltr'><strong>post</strong></span> <span class='ocrx_word' id='word_1_265' title='bbox 410 4105 477 4190; x_wconf 85' lang='lat' dir='ltr'><strong>ipse</strong></span> <span class='ocrx_word' id='word_1_266' title='bbox 502 4105 640 4168; x_wconf 78' lang='lat' dir='ltr'><strong>Miceact</strong></span> <span class='ocrx_word' id='word_1_267' title='bbox 669 4105 714 4167; x_wconf 85' lang='lat' dir='ltr'><strong>ad</strong></span> <span class='ocrx_word' id='word_1_268' title='bbox 737 4107 839 4168; x_wconf 85' lang='lat' dir='ltr'><strong>soucti</strong></span> <span class='ocrx_word' id='word_1_269' title='bbox 862 4105 1039 4168; x_wconf 53' lang='lat' dir='ltr'><strong>illamautie</strong></span> <span class='ocrx_word' id='word_1_270' title='bbox 1061 4104 1212 4189; x_wconf 72' lang='lat' dir='ltr'><strong>martyria</strong></span> <span class='ocrx_word' id='word_1_271' title='bbox 1241 4101 1345 4166; x_wconf 79' lang='lat' dir='ltr'><strong>oedem</strong></span> <span class='ocrx_word' id='word_1_272' title='bbox 1366 4119 1421 4184; x_wconf 81' lang='lat' dir='ltr'><strong>per</strong></span> 
     </span>
     <span class='ocr_line' id='line_1_36' title="bbox 312 4198 1420 4288; baseline -0.005 -23"><span class='ocrx_word' id='word_1_273' title='bbox 312 4201 450 4266; x_wconf 84' lang='lat' dir='ltr'><strong>iusidias</strong></span> <span class='ocrx_word' id='word_1_274' title='bbox 479 4213 652 4282; x_wconf 84' lang='lat' dir='ltr'><strong>mactatur,</strong></span> <span class='ocrx_word' id='word_1_275' title='bbox 687 4205 796 4267; x_wconf 78' lang='lat' dir='ltr'><strong>merito</strong></span> <span class='ocrx_word' id='word_1_276' title='bbox 828 4202 981 4288; x_wconf 79' lang='lat' dir='ltr'><strong>dipuoque</strong></span> <span class='ocrx_word' id='word_1_277' title='bbox 1011 4225 1070 4266; x_wconf 81' lang='lat' dir='ltr'><strong>suo</strong></span> <span class='ocrx_word' id='word_1_278' title='bbox 1100 4201 1238 4266; x_wconf 78' lang='lat' dir='ltr'><strong>amentio</strong></span> <span class='ocrx_word' id='word_1_279' title='bbox 1266 4198 1375 4263; x_wconf 75' lang='lat' dir='ltr'><strong>scelere</strong></span> <span class='ocrx_word' id='word_1_280' title='bbox 1396 4203 1420 4254; x_wconf 75' lang='lat' dir='ltr'><strong>et</strong></span> 
     </span>
    </p>
   </div>
   <div class='ocr_carea' id='block_1_4' title="bbox 0 0 1456 4834">
    <p class='ocr_par' dir='ltr' id='par_1_5' title="bbox 0 0 1456 4834">
     <span class='ocr_line' id='line_1_37' title="bbox 0 0 1456 4834; baseline 0 1"><span class='ocrx_word' id='word_1_281' title='bbox 0 0 1456 4834; x_wconf 95' lang='lat' dir='ltr'><strong> </strong></span> 
     </span>
    </p>
   </div>
  </div>
 </body>
</html>
