2932 4836
397 502 511 558 Photius
528 501 792 576 pseudopatriarcha
1102 501 1156 558 369

54 659 124 725 rant,
149 649 262 712 iter-sem
284 647 434 733 iaanperc
457 649 523 734 ipsi
544 669 609 711 non
631 647 827 725 horraei-ant,
851 647 1013 734 episcopos
1036 648 1156 734 seipsos

48 745 230 832 jactitantes,
262 755 293 808 et
309 743 565 832 presbyterorum
588 745 722 810 cicinno
744 743 857 808 inatile
881 765 944 810 ecee
976 754 1006 808 et
1023 743 1155 830 frastra

56 842 189 928 conferri,
221 852 400 930 portentose
434 843 586 908 docentes.
635 844 722 906 Nam
750 842 908 928 reperitur
938 841 1068 928 aliqum,
1101 845 1156 930 qni

56 941 132 1005 talem
150 965 290 1028 anqceam
304 940 435 1005 ansibus
459 942 614 1027 acceperit
627 940 855 1026 insipientiam,
879 961 971 1025 qaam
985 939 1043 1004 isti
1055 950 1154 1004 mente

54 1041 124 1124 capti
143 1039 260 1104 medere
283 1061 348 1103 non
371 1037 584 1103 dubitarent?
615 1037 690 1102 illos
711 1037 856 1108 videlicet
879 1040 933 1124 qni
955 1038 1047 1102 semel
1068 1041 1156 1103 ancti

51 1147 111 1199 sant
130 1139 303 1216 dnsnmte,
326 1139 438 1200 iterem
460 1146 619 1221 anpeates,
649 1145 678 1198 et
704 1133 956 1203 Christianorum
979 1136 1104 1200 eccetan
1126 1147 1157 1200 et

49 1234 144 1298 divina
165 1237 319 1322 mysteria
348 1245 378 1298 et
401 1246 599 1299 sacramenta
628 1235 664 1298 in
686 1255 817 1318 mapnae
842 1257 942 1318 napos
966 1247 996 1300 et
1019 1236 1157 1302 derisam

52 1355 177 1419 nopnam
199 1344 419 1399 convertentes.
455 1331 529 1412 Sed,
553 1334 700 1418 inquiant
715 1331 843 1396 illoram
856 1332 1013 1418 sapientes
1027 1344 1056 1397 et
1071 1333 1157 1400 docti

51 1429 90 1493 cci
104 1434 210 1516 potins
232 1455 343 1496 revera
366 1432 492 1495 omnino
514 1431 634 1494 indocti
665 1440 694 1493 et
722 1453 743 1493 a
766 1428 857 1494 retas
879 1432 980 1493 sacris
1004 1431 1105 1497 alieni
1127 1444 1156 1497 et

52 1531 190 1614 inperiti:
212 1552 278 1592 non
301 1529 373 1593 licet
396 1527 610 1592 sacerdotibus
633 1549 684 1592 eos
708 1529 763 1612 qai
785 1549 875 1591 sacro
890 1527 1077 1614 baptismate
1094 1533 1154 1596 ini·

50 1628 154 1690 tiantnr
178 1638 208 1690 et
232 1627 422 1691 decorantur
444 1627 608 1690 chrismate
632 1625 846 1710 sanct'flcarc;
875 1624 951 1689 solis
975 1629 1056 1692 enim
1074 1651 1154 1716 pon·

50 1725 169 1806 afleitan
198 1726 254 1790 hoc
283 1725 394 1788 datam
423 1733 477 1788 est.
525 1721 590 1787 Sed
612 1723 723 1787 dicant
744 1723 836 1800 mitti,
868 1722 952 1786 ande
974 1728 1059 1789 venit
1080 1727 1155 1792 icccc

47 1821 111 1885 icc?
141 1835 173 1886 et
201 1825 345 1908 meipsam
371 1823 463 1910 bajas
491 1819 567 1905 lepis
596 1821 761 1885 conditor?
796 1817 894 1894 Qnice
918 1843 958 1884 ecc
982 1823 1155 1909 Apostoiis,

50 1919 89 1982 cel
108 1921 271 1998 Patribus,
301 1919 351 1983 vel
373 1919 513 2006 Sycodis
535 1918 571 1982 id
594 1918 724 1982 docuit?
830 1915 987 1984 Sacerdos
1014 1920 1156 2008 baptizat

46 2017 261 2102 baptizandam
279 2017 462 2104 perficiens:
486 2015 636 2102 quomodo
659 2017 758 2102 ipitar
780 2015 870 2082 illias
886 2019 1038 2102 paritati,
1068 2025 1156 2109 cujas

48 2115 103 2200 ipse
126 2126 172 2180 est
195 2125 315 2194 auctor,
338 2114 513 2178 mmtodiam
536 2125 566 2178 et
588 2113 853 2198 confirmationem
868 2114 996 2200 anseres
1019 2139 1155 2182 acccer-

45 2211 129 2277 dote?
149 2237 249 2298 nepae
271 2215 449 2276 ministram
471 2211 562 2275 illam
585 2233 650 2275 esse
658 2212 824 2298 permittes
839 2210 921 2275 tanti
936 2212 1034 2279 doni?
1056 2238 1153 2301 nepae

47 2311 75 2370 in
87 2310 243 2398 baptizato
269 2307 394 2396 aliquid
407 2310 598 2374 sacerdotem
617 2309 765 2396 perficere
781 2309 917 2372 asseris?
945 2311 997 2374 Ea
1010 2310 1156 2377 videlicet

44 2407 78 2468 dc
99 2432 210 2488 cassen,
232 2420 268 2473 at
292 2417 362 2472 enm
386 2407 533 2473 sacerdos
555 2410 646 2472 vonis
668 2405 847 2498 nominibas
870 2416 898 2470 te
921 2431 1096 2490 exornans,
1126 2423 1154 2476 te

44 2507 134 2570 sclam
151 2508 348 2594 principem,
378 2515 406 2569 te
430 2507 609 2593 episcopam
632 2505 778 2569 ostendat
801 2506 836 2568 ia
859 2503 939 2568 cella
962 2504 1155 2590 collocatam.

124 2603 177 2668 60.
211 2605 300 2668 Dein
324 2602 553 2668 vehementius
586 2623 728 2667 errorem
761 2602 985 2687 dogmaticum
1016 2607 1055 2669 de
1080 2599 1236 2712 pro-3¹1:irl

43 2702 170 2766 cerdone
196 2699 337 2788 Spiritum
361 2699 472 2766 Sancti
504 2702 632 2766 Latinis
665 2699 852 2787 exprobrat.
885 2737 930 2747 —
963 2701 1027 2768 Sed
1057 2729 1154 2790 neque

42 2798 91 2860 tec
114 2809 235 2864 tantam
256 2801 352 2886 impie
377 2799 532 2885 rependam
558 2799 611 2863 illi
634 2799 850 2879 decreverant,
881 2821 986 2864 veram
1009 2805 1105 2866 ctiam
1128 2805 1157 2867 ei

42 2918 114 2979 qaae
144 2908 190 2962 eet
220 2896 373 2962 maloram
397 2919 517 2961 samma
549 2907 578 2960 et
608 2919 709 2983 epea,
743 2896 787 2960 ad
815 2897 895 2960 hacce
925 2897 1051 2963 deducti
1074 2913 1156 2964 snat.

45 2993 166 3058 Praeter
197 2997 279 3058 enim
303 2995 516 3060 abamditates
547 3017 626 3080 qaas
656 3017 755 3082 snpra
776 2997 1000 3076 recensuimus,
1034 3019 1157 3062 somam

42 3093 133 3155 etiam
162 3103 192 3156 et
214 3105 356 3158 sanctam
380 3090 570 3180 machelum,
603 3091 687 3178 qaod
710 3091 749 3155 ab
774 3093 916 3156 omnibns
938 3095 1098 3180 synodicis
1128 3107 1158 3161 et

43 3192 238 3256 oecumenicis
260 3191 391 3256 calculis
415 3189 672 3278 irrefrapabilem
691 3191 753 3253 oim
768 3189 859 3254 habet
882 3193 1156 3274 etauctoritatem,

42 3288 155 3371 spaciis
178 3300 207 3353 et
222 3287 327 3374 falsie
350 3285 536 3374 quibasdam
559 3288 840 3374 disceptationibus
867 3300 897 3352 et
920 3287 1037 3356 alicnis
1058 3293 1156 3362 ratio·

42 3384 131 3448 nitas
160 3397 190 3450 et
223 3387 378 3451 andaciae
411 3386 547 3472 quodam
574 3409 702 3450 eeccessa
736 3385 917 3451 adulterare
949 3388 1155 3463 conabantur.

48 3480 167 3547 Omaii
196 3484 360 3550 daemonis
392 3489 496 3548 crta!
542 3483 698 3571 Spiritum
721 3493 862 3550 sanctam
902 3507 966 3550 non
998 3510 1039 3554 ese
1061 3487 1157 3552 Patre

40 3579 149 3658 sclam,
172 3583 228 3648 sed
251 3584 346 3646 etiam
369 3604 408 3646 eae
430 3581 515 3646 Filio
538 3581 705 3668 procedere
728 3583 850 3648 noviter
874 3581 1027 3650 docenter.
1078 3583 1158 3660 Quis

41 3698 171 3760 anquam
194 3680 289 3744 telem
311 3703 413 3744 vocem
436 3680 476 3744 ab
500 3680 543 3742 iis
564 3680 618 3765 qni
642 3680 727 3744 alias
749 3680 845 3766 impio
868 3691 942 3747 tant
965 3681 1064 3750 locui
1078 3706 1156 3770 pro·

41 3770 138 3838 letan
167 3777 313 3842 audivit?
362 3775 439 3850 Quis
473 3775 609 3842 lubricas
642 3779 756 3862 anpnic
788 3797 894 3842 eoram
925 3779 1072 3846 cordibus
1101 3783 1156 3844 icoc

44 3871 225 3938 instillavit?
273 3873 354 3948 Qais
376 3877 501 3938 omnino
525 3895 630 3938 eoram
653 3876 707 3960 qni
728 3877 812 3938 inter
831 3872 1036 3944 Christianos
1057 3889 1156 3966 ayant

33 3966 125 4050 serre
140 3983 245 4056 posset
267 3974 303 4037 in
324 3983 435 4036 sancta
462 3973 492 4036 T
489 3973 620 4036 rinitate
650 3973 712 4036 dno
734 3973 918 4038 introducta
934 3976 1103 4062 principio
1126 3988 1157 4041 et

45 4087 165 4148 emeras,
197 4069 323 4134 Patrem
354 4093 463 4156 nempe
495 4093 624 4134 cansam
656 4071 736 4134 Filii
767 4080 797 4133 et
825 4070 986 4158 Spiritus³
1016 4072 1156 4162 Spieitsss

41 4173 142 4226 antem
162 4189 287 4232 cansam
301 4167 444 4232 Filium?
482 4167 550 4231 Hoc
574 4179 619 4232 eet
640 4169 854 4235 monarchiam
868 4171 904 4233 in
918 4169 1075 4257 duplicem
1090 4170 1155 4236 dei-

45 4269 137 4323 tatem
157 4264 288 4344 eoioerc,
324 4275 354 4329 et
375 4287 439 4330 non
463 4266 565 4330 minas
588 4289 681 4351 qaam
711 4267 901 4353 pentiiitc'am
923 4268 1154 4356 mytholopiam,

93 4377 214 4432 tumn,
229 4383 402 4426 manentiam
434 4381 492 4424 Tam.
509 4383 544 4425 111.
1012 4376 1049 4428 24
