2922 4832
334 497 525 554 Controversia
542 497 575 551 da
593 496 844 552 reordinationibus
1101 498 1149 550 121

48 643 278 730 dispensatione
301 649 416 706 canna
438 661 553 706 sanam
577 639 761 706 doctrinam
786 640 949 706 decernet.
973 638 1053 706 Ideo
1070 639 1150 705 dnm

49 741 200 806 Ecclesiae
225 739 376 805 doctores
391 747 425 804 et
443 739 590 824 episcopi
611 735 807 804 vacillarent
824 739 858 802 in
872 736 1118 804 ordinationum
1132 760 1153 802 a

48 837 262 920 schismaticis,
285 835 478 920 haereticis,
509 834 699 920 degradatis
721 846 755 900 et
777 835 967 902 simoniacis
990 835 1152 901 factarum

50 935 235 1017 delinitione,
260 942 439 1022 potuerunt
466 933 644 1000 Pontifices
667 933 756 1020 quod
778 932 842 1000 sibi
864 932 935 1007 fuis.
950 932 1154 1020 probabilius

47 1043 95 1096 aut
115 1031 395 1098 accommodatius
424 1033 459 1097 in
482 1031 546 1096 hac
570 1032 764 1117 opinionum
788 1032 948 1096 varietate
978 1031 1098 1118 eligere
1122 1041 1154 1098 et

48 1132 250 1218 persequi.“¹)
290 1129 383 1194 Haec
398 1129 642 1196 animadversio
667 1128 765 1195 valde
789 1127 878 1193 utilis
901 1139 959 1212 est,
984 1139 1016 1194 et
1031 1131 1153 1217 passim

47 1231 74 1292 in
96 1229 253 1294 solutione
277 1225 511 1292 difficultatum
534 1227 699 1292 usuvenit.

126 1397 175 1464 16.
198 1395 369 1461 Postremo
392 1395 446 1460 5⁰:
472 1394 773 1480 „Distinguendum
798 1397 1020 1459 intersertam
1043 1403 1075 1458 et
1098 1395 1154 1460 da-

46 1495 119 1559 hiam
150 1495 347 1559 sacramenti
380 1492 711 1556 administrationem.
768 1490 978 1557 Consuetudo
1011 1491 1090 1556 olim
1119 1495 1152 1557 in

46 1591 184 1656 Ecclesia
208 1589 411 1672 invaluerat,
447 1587 531 1677 quae
563 1591 660 1654 annis
695 1610 796 1676 prope
824 1589 913 1653 mille
944 1601 977 1654 et
1003 1590 1154 1655 ducentis

47 1689 278 1774 perseveravit,
316 1709 381 1775 qua
405 1689 432 1752 si
460 1686 541 1774 quid
564 1685 776 1752 exoriebatur
806 1687 839 1750 in
870 1685 1155 1752 administratione

46 1789 233 1852 sacramenti
267 1784 423 1868 dubium,
455 1785 566 1849 statim
603 1787 669 1850 aaa
697 1783 767 1849 allo
800 1785 991 1851 conditionis
1027 1788 1154 1874 apposi-

46 1887 118 1948 tione
143 1886 262 1950 iterum
286 1881 551 1964 ministrabatur3
582 1883 652 1947 sive
677 1881 816 1947 dubium
840 1881 903 1947 hoo
927 1893 1089 1968 spectaret
1111 1893 1155 1948 to·

46 1993 104 2046 tum
129 1991 389 2064 sacramentum,
415 1991 451 2045 ut
474 2001 550 2044 cum
575 1979 801 2064 dubitabatur,
834 2001 876 2045 an
900 1980 1020 2069 aliquis
1042 1979 1157 2046 fuisset

46 2077 223 2167 baptizatus
247 2089 305 2145 aut
328 2079 509 2161 ordinatus,
533 2078 604 2143 sive
629 2087 792 2164 spectaret
806 2088 935 2144 tanturn
959 2081 1156 2143 sacramenti

38 2178 102 2260 jam
126 2177 303 2242 ministrati
329 2177 688 2242 circumstantiam...
725 2175 939 2241 Sacramenta
963 2177 1051 2242 enim
1072 2179 1156 2242 tanti

44 2286 111 2340 sunt
134 2276 311 2358 momenti,
345 2295 384 2338 ea
415 2276 607 2362 praesertim
640 2297 724 2361 quae
748 2273 848 2340 semel
871 2283 1000 2339 tantum
1023 2273 1156 2340 tradun-

42 2387 95 2456 tur,
118 2383 157 2438 ut
172 2372 230 2438 ubi
248 2372 388 2438 dubium
405 2381 453 2436 est
477 2370 612 2458 aliquod
626 2371 797 2458 probabile
812 2381 949 2458 accepta
964 2393 1029 2436 non
1044 2371 1155 2454 fuisse,

40 2481 179 2536 autnon
203 2469 315 2535 valide
337 2467 469 2553 tradita,
495 2468 645 2535 debeant
668 2474 802 2536 omnino
819 2472 890 2535 sine
913 2466 1066 2556 scrupulo
1082 2492 1157 2534 con-

41 2567 183 2634 ferri...
229 2567 357 2634 Eadem
391 2567 595 2633 consuetudo
620 2569 721 2632 etiam
745 2590 835 2634 nunc
862 2576 1065 2654 perseverat,
1099 2565 1156 2632 sed

41 2667 161 2732 iteratio
186 2665 243 2732 illa
265 2687 351 2754 quae
374 2667 557 2752 antiquitus
581 2664 739 2748 absolute,
770 2687 859 2730 nuno
883 2663 944 2729 sub
969 2663 1157 2729 conditione

40 2759 103 2828 fieri
127 2763 265 2848 solet')·.
283 2813 315 2830 ..
346 2763 436 2828 Huic
459 2765 564 2849 igitur
580 2764 830 2850 antiquissimae
853 2771 886 2828 et
907 2763 1080 2827 recentiori
1096 2759 1158 2826 Ec-

38 2859 152 2926 clesiae
175 2860 359 2926 catholicae
373 2863 469 2947 praxi
485 2860 697 2927 inhaerentes
721 2858 818 2926 nobis
842 2858 996 2925 videmur
1018 2881 1085 2923 non
1100 2860 1156 2924 im-

39 2959 250 3041 probabiliter
280 2959 407 3042 dicere,
440 2959 619 3024 Pontifices
652 2969 685 3023 et
718 2957 859 3024 concilia
892 2977 968 3024 cum
987 2957 1158 3044 jusserunt

38 3057 260 3123 ordinationes
293 3058 473 3122 simoniace
497 3058 600 3122 factas
626 3065 685 3122 aut
706 3055 748 3121 ab
780 3055 954 3120 haereticis
984 3055 1078 3120 datas
1101 3065 1159 3120 aut

37 3155 255 3242 aneaphytis
278 3165 447 3242 susceptas
470 3157 601 3236 iterari,
633 3155 805 3241 antiquam
828 3152 999 3220 Ecclesiae
1033 3148 1158 3218 auditi-

37 3274 130 3318 onem
155 3264 189 3318 et
211 3254 342 3339 praxim
366 3275 436 3318 esse
460 3261 598 3319 secutos.
635 3253 879 3318 Gravissimum
903 3253 992 3316 enim
1016 3260 1086 3316 erat
1100 3251 1158 3316 du-

39 3348 126 3416 bium
152 3351 195 3416 de
218 3351 464 3417 ordinationum
489 3350 619 3416 illarum
643 3349 766 3431 valore,
790 3348 1029 3415 fluctuantibus
1046 3361 1078 3414 et
1101 3373 1158 3415 nu-

36 3448 183 3514 rantibus
198 3452 233 3513 in
249 3451 386 3513 istarum
412 3451 641 3535 quaestionum
663 3449 829 3514 decisione
855 3447 1055 3530 doctoribus,
1077 3449 1159 3534 epis-

108 3713 129 3783 ¹)
148 3712 253 3768 Ibidem
269 3729 296 3768 n.
314 3713 389 3768 XIV.

104 3793 127 3860 ¹)
146 3793 251 3849 Ibidem
269 3810 295 3848 n.
315 3794 373 3848 XV.
390 3793 531 3848 -Forma
549 3793 733 3848 conditionata
749 3793 947 3862 primumanno
967 3793 1019 3848 745
1039 3807 1056 3845 a
1073 3808 1094 3845 s.
1109 3791 1159 3845 Ba

37 3871 132 3927 nifatio
152 3881 375 3928 commemoratur
387 3873 510 3940 (Statuta
523 3889 565 3941 ap.
580 3872 720 3942 d’hchery,
739 3871 865 3942 spicileg.
884 3872 906 3928 L
920 3887 946 3940 p.
960 3873 1033 3942 508),
1052 3887 1084 3926 ao
1096 3871 1159 3926 dein

37 3953 62 4006 in
80 3953 259 4022 capitulariis
278 3953 363 4010 Oarol.
388 3953 420 4009 L.
439 3951 488 4009 Vl.
507 3969 529 4009 c.
551 3953 609 4008 184.
646 3953 843 4008 Tantummodo
862 3953 1018 4008 Alexander
1036 3951 1081 4005 111
1098 3965 1159 4005 eam

38 4033 171 4100 expressis
189 4033 279 4088 ambis
298 4033 480 4103 pmaeripsir,
499 4032 564 4103 Gap.
578 4035 595 4087 2
608 4033 640 4088 de
653 4035 733 4101 Bapt.
753 4033 803 4088 111.
821 4033 870 4101 423
890 4047 1001 4101 eamqm
1012 4031 1160 4100 praescrip·

39 4113 137 4171 tionem
157 4113 305 4168 inculcavit
317 4114 436 4169 Joannes
455 4113 536 4169 XXII
563 4113 606 4182 (V.
626 4114 760 4180 Rsynald.
780 4113 815 4167 ad
833 4130 858 4169 a.
879 4113 956 4168 1336.
980 4129 1006 4166 n.
1024 4113 1081 4180 42).
1103 4111 1159 4166 Gir.

40 4193 177 4250 &rediet
196 4193 262 4248 XIV
280 4195 313 4248 de
330 4195 435 4261 synodo
454 4193 536 4249 dioec.
556 4193 586 4248 L.
606 4193 667 4248 VII.
688 4209 709 4249 c.
723 4193 749 4246 6.
762 4209 788 4249 n.
805 4195 827 4248 1.
847 4225 882 4234 —
900 4193 934 4249 V.
947 4192 1159 4263 Herganrother,

40 4271 153 4330 Photins
173 4273 211 4329 11.
229 4289 255 4341 p.
274 4275 327 4330 323
345 4279 411 4330 nota
429 4275 454 4328 4.
