2898 4836
288 484 327 538 30
470 481 572 540 XVIII.
610 482 650 536 De
668 481 796 535 Romanis
814 479 989 534 Pontificibus
1007 479 1108 534 mosali
1126 479 1228 534 decimi.

291 645 360 688 rem
387 624 558 688 vindicare
581 646 620 688 ac
645 624 714 689 zelo
738 621 933 707 disciplinae
958 621 1202 687 ecclesiasticae
1218 627 1400 708 age1·e.³)-
1442 613 1443 702 l

292 722 528 788 Ordinationes
551 743 646 807 porro
665 721 814 785 Formosi
829 719 1019 804 Stephanus
1042 718 1161 784 habuit
1176 731 1213 783 ut
1226 719 1401 805 illegitimas
1442 703 1443 762 l

292 830 327 884 et
355 819 480 897 irritas,
513 842 553 884 ac
576 819 700 883 Romae
731 818 900 883 ordinatos
923 816 967 881 ad
991 839 1084 881 sacra
1109 839 1246 882 munera
1267 839 1334 883 non
1355 817 1402 882 ad-

294 919 393 984 misit.
440 917 542 982 Haud
571 927 699 980 constat
722 927 852 996 tamen,
886 915 959 980 illas
983 915 1209 980 ordinationes
1233 915 1402 981 declaratas

294 1037 364 1080 esse
390 1015 565 1094 invalidas,
590 1014 644 1078 vel
665 1017 799 1078 iteratas
814 1014 925 1093 fuisse,
951 1015 998 1076 uti
1016 1012 1080 1077 alio
1096 1012 1169 1077 loco
1184 1012 1403 1092 videbimus.²;

296 1112 471 1177 Caeterum
496 1123 699 1200 quantopere
723 1112 905 1176 factionum
919 1110 1082 1174 nobilium
1098 1112 1278 1196 agitatione
1291 1112 1405 1176 Romae

294 1233 346 1274 res
371 1211 586 1276 conturbatae
611 1221 734 1291 essent,
766 1208 1008 1272 exorantibus
1033 1211 1089 1294 qui
1113 1231 1191 1274 mox
1215 1212 1317 1272 secuti
1341 1221 1406 1273 sunt

295 1307 470 1391 colligitur.
504 1306 692 1392 Stephanus
715 1306 764 1370 VI
787 1308 877 1370 enim
896 1306 967 1392 jam
995 1328 1083 1370 anno
1108 1307 1171 1371 897
1196 1309 1231 1370 in
1253 1329 1406 1371 carcerem

295 1406 459 1486 dehusus,
484 1404 676 1491 ibidemque
700 1406 828 1470 occisus
852 1414 910 1470 est.

121 1519 285 1572 stspantna.
385 1504 438 1568 30.
473 1502 661 1589 Stephanus
691 1505 785 1568 iuitio
815 1503 1028 1588 pontificatus
1058 1505 1110 1566 sui
1138 1503 1351 1589 Arnulphum
1381 1520 1407 1564 ut

295 1602 531 1688 Imperatorem
554 1603 708 1685 agnovit3
732 1603 767 1665 in
788 1600 885 1666 Bulla
907 1603 997 1664 enim
1020 1601 1125 1686 ipsius
1148 1600 1203 1666 dd.
1221 1601 1406 1686 20Augusti

295 1723 325 1764 a.
342 1700 416 1781 896,
442 1721 508 1784 qua
533 1698 691 1763 ecclesiae
706 1699 932 1763 Narbonensis
956 1701 1177 1784 possessiones
1198 1711 1231 1763 et
1245 1700 1408 1786 privilegia

294 1797 479 1877 confirmat,
504 1801 583 1862 anni
601 1797 768 1882 Arnulphi
789 1797 1001 1883 Imperatoris
1024 1795 1188 1881 leguntur.
1223 1797 1325 1861 Brevi
1349 1815 1407 1883 post

295 1916 374 1959 vero
399 1895 616 1959 Lambertum
641 1907 676 1959 ut
700 1897 938 1980 Imperatorem
962 1893 1089 1977 habuit,
1119 1883 1166 1958 uti
1191 1894 1357 1980 colligitur
1376 1918 1407 1959 ea·

294 1993 393 2057 Bulla
418 1993 471 2056 die
497 1994 557 2057 23⁰
576 1994 729 2058 Januarii
754 2015 782 2058 a.
808 1993 871 2058 897
898 1993 975 2056 data
1000 1993 1033 2056 in
1058 1993 1206 2056 favorem
1232 1995 1407 2058 monasterii

296 2091 553 2173 Vizeliacensis3
585 2093 620 2155 in
652 2091 768 2155 eadem
799 2093 887 2154 enim
911 2091 991 2154 anni
1015 2089 1186 2154 Lamberti
1210 2091 1410 2178 Imperatoris

296 2189 530 2274 indicanturd)
577 2189 667 2254 Parti
693 2189 827 2275 quIdem
851 2189 913 2268 illi,
947 2210 1032 2273 quae
1055 2188 1230 2274 Arnulpho
1256 2189 1409 2254 Germano

373 2421 391 2486 ¹)
410 2417 495 2472 Initio
514 2418 614 2472 saeculi
634 2419 730 2472 decimi
749 2435 793 2472 eos
812 2419 857 2486 qni
871 2419 1006 2488 Stephano
1025 2418 1116 2488 potius
1135 2417 1270 2475 lavabant
1290 2422 1362 2475 tacta
1373 2421 1409 2474 ilh

295 2499 356 2568 ejus
375 2499 432 2553 zelo
451 2499 608 2566 disciplinae
627 2499 793 2564 attribuisse,
813 2499 954 2567 colligitur
972 2513 1005 2553 ex
1024 2497 1113 2553 verbis
1131 2499 1189 2568 jam
1202 2501 1298 2555 citatis
1313 2501 1407 2555 auxilii

297 2581 326 2634 in
345 2579 472 2648 opusculo
491 2581 560 2646 quod
580 2581 709 2645 hrferasor
727 2587 752 2631 et
766 2581 901 2647 Defensor·
914 2579 1021 2644 dicitur,
1041 2595 1061 2632 o.
1073 2579 1129 2634 30⁰.
1156 2581 1290 2646 Infansor,
1304 2581 1408 2636 Formssi

297 2660 481 2716 ordinationes
500 2659 662 2728 impugnans
681 2659 735 2712 ait:
762 2658 930 2728 „Stephanus
949 2659 996 2727 qui
1014 2659 1113 2714 tertius
1133 2676 1149 2713 a
1167 2661 1296 2716 Formosa
1315 2661 1407 2718 antini

298 2741 381 2809 Papa,
401 2740 522 2794 eumdem
535 2739 690 2792 Formosum
709 2739 775 2792 adeo
794 2739 935 2808 reprobum
954 2755 1012 2794 esse
1027 2739 1171 2808 judicavit,
1191 2749 1223 2794 ut
1235 2742 1352 2796 water
1363 2741 1408 2808 sjru

295 2823 330 2876 de
349 2820 453 2874 tumulo
472 2819 580 2874 extrahi
599 2825 627 2872 et
646 2818 674 2871 in
693 2819 834 2873 concilium
852 2819 973 2888 pertrahi
986 2818 1101 2886 taceret;
1121 2819 1212 2887 ibique
1225 2837 1288 2876 eum
1301 2822 1409 2891 pristini-

299 2900 419 2956 vestihus
439 2899 614 2960 denudantes,
633 2897 702 2952 laico
721 2898 823 2952 amictu
841 2899 1011 2963 velaverunt,
1037 2907 1065 2954 et
1083 2899 1154 2953 ferro
1173 2900 1278 2956 duobus
1298 2903 1409 2956 dexterae

298 2979 395 3050 digitis
409 2979 566 3048 amputatis,
586 2979 615 3032 iu
628 2978 742 3045 quodam
754 2981 959 3047 peregrinorum
970 2979 1075 3033 mmulo
1089 2978 1264 3046 sepelierunt,
1279 2997 1328 3036 nec
1341 2981 1409 3035 muln·
1442 2967 1443 3024 l

298 3067 360 3130 post
379 3061 406 3114 in
418 3060 537 3114 tiberim
555 3059 669 3112 durium
687 3058 927 3126 praecipimnr
958 3059 1089 3113 Defensor
1100 3059 1130 3113 in
1142 3075 1190 3112 suo
1202 3075 1333 3128 responso
1346 3061 1409 3114 rehe-
1442 3047 1443 3122 l

299 3146 404 3196 menter
422 3139 529 3194 invehit
548 3140 576 3194 in
596 3139 725 3207 ejusmodi
744 3137 857 3204 lacinus,
877 3155 908 3194 ao
927 3140 1003 3194 dein:
1030 3139 1087 3205 „De
1105 3139 1206 3194 talibus
1225 3141 1308 3206 anim,
1327 3141 1407 3208 inquit.
1442 3169 1443 3182 κ

300 3221 445 3290 Apostolus
458 3220 538 3274 dicit:
559 3219 672 3286 Quidam
685 3219 773 3274 selum
786 3220 836 3274 Dei
849 3219 957 3284 habent,
972 3221 1018 3274 sed
1031 3237 1084 3274 non
1096 3221 1242 3276 meandum
1254 3223 1407 3277 scientiam·

373 3301 394 3370 ⁹)
413 3301 498 3354 Varia
524 3300 653 3368 adjuncta
678 3305 792 3356 eventus
817 3301 850 3354 de
875 3316 927 3367 quo
952 3301 1059 3369 agimus
1077 3300 1201 3368 prosequi
1221 3306 1250 3354 et
1271 3303 1408 3356 examinas

300 3382 411 3450 longum
430 3385 508 3446 esset,
529 3385 557 3435 et
575 3395 805 3447 supervacaneum
824 3380 940 3434 videtur.
967 3380 1103 3448 Quaedam
1116 3381 1206 3449 potius
1219 3398 1237 3434 a
1248 3381 1408 3451 scriptoribu-

299 3467 332 3516 ut
355 3461 388 3515 ad
407 3461 502 3515 vivum
522 3477 577 3515 rem
596 3460 754 3514 exhiberent
772 3461 886 3514 conficta
904 3477 973 3522 esse.
999 3478 1033 3516 ex
1051 3461 1172 3516 dissensu
1190 3475 1286 3516 eorum
1304 3473 1407 3532 apparu,

301 3541 346 3595 Ita
371 3542 404 3596 ab
434 3547 544 3595 auctore
569 3541 727 3596 Investivne
753 3542 781 3595 in
806 3541 919 3595 Romam
943 3542 1055 3596 dicitur:
1087 3542 1243 3596 Formosum
1271 3543 1341 3612 „jam
1362 3551 1406 3608 pot

300 3637 397 3676 novem
415 3635 528 3684 menses,
556 3621 710 3685 marcidum,
736 3629 764 3676 et
782 3636 867 3689 paene
886 3623 914 3676 in
933 3622 1045 3689 pulvere
1064 3622 1209 3686 redactum,
1235 3623 1269 3676 de
1288 3621 1402 3691 sepulohn

301 3702 473 3758 extraxisti.“
513 3701 666 3758 tBianohini
693 3703 709 3755 l.
735 3718 749 3754 c
783 3717 808 3770 p.
836 3702 933 3770 LXX.)
970 3703 1095 3756 auxilius
1123 3718 1187 3756 vero
1215 3704 1243 3758 ln
1263 3703 1406 3758 Defensionr.

301 3781 386 3835 ordin.
416 3781 537 3835 Formosi
565 3781 596 3836 t.
623 3781 646 3836 1.
673 3798 694 3836 c.
721 3781 754 3835 X.
780 3782 834 3836 ait:
875 3781 962 3848 „Mira
987 3782 1093 3836 Domini
1128 3783 1222 3851 gratia
1249 3783 1335 3838 adhuc
1360 3798 1406 3835 rua
1442 3807 1443 3846 p

301 3867 404 3916 ctorum
434 3863 461 3916 in
489 3878 520 3916 eo
548 3867 657 3916 artuum
681 3877 809 3930 compago
833 3862 943 3930 integra
960 3863 1018 3916 sine
1040 3863 1184 3930 putredine
1206 3863 1405 3931 perseverabat·

304 3943 353 4009 Δρ.
372 3943 516 4006 Domator,
537 3942 664 3996 Auxilius
683 3949 711 3996 et
729 3942 879 4010 vulgarius
897 3959 923 4010 p.
944 3945 985 3998 71.
1018 3941 1168 4008 Quaeram,
1188 3957 1286 4010 corpus
1305 3941 1406 3997 Forma

301 4037 350 4089 pro
369 4037 441 4076 mora
460 4023 588 4091 temporis
609 4023 775 4076 aromatibus
794 4023 930 4076 conditum
950 4030 1032 4089 atque
1056 4022 1096 4076 ita
1115 4022 1183 4076 satis
1201 4023 1270 4077 bene
1288 4031 1405 4078 serratus

302 4101 394 4154 lunae.

376 4180 398 4249 8)
418 4181 450 4236 V·
468 4181 547 4243 Jsffe
567 4183 698 4250 tereste
717 4183 869 4250 sumanus
883 4183 929 4237 vr.
950 4199 995 4238 nn.
1009 4183 1078 4238 asar
1101 4191 1129 4238 a
1142 4185 1222 4238 aron.
1238 4215 1272 4224 -
1288 4179 1405 4238 aunan.

303 4261 404 4314 Annali
424 4261 458 4314 ad
476 4277 501 4317 a.
520 4262 573 4315 896
896 4275 899 4282 ¹
