2898 4836
278 453 313 506 62
458 453 561 507 XVIII.
600 453 639 506 De
659 453 786 508 &menis
806 453 983 508 Pontificibus
1000 453 1100 506 seeeuli
1120 454 1223 509 decimi.

277 594 358 660 selis
391 605 424 658 et
446 595 541 660 ducis
564 619 603 660 ee
628 595 822 660 Tlreederee
845 597 1028 663 senatricis.
1076 597 1172 660 Certe
1197 617 1238 660 ne
1263 597 1381 660 minine

278 693 412 778 quidem
445 703 546 758 restat
576 694 676 773 ratio,
711 704 747 756 ut
770 703 977 780 supponatur
1000 693 1054 759 ille
1079 693 1287 758 Oreseentins
1310 693 1382 758 lilius

278 791 442 858 Johennis
466 792 500 856 X
523 791 694 856 Pontifieis
725 803 758 854 et
781 791 974 857 Theodorus
1004 793 1183 876 senioris.¹)
1230 791 1295 856 Sed
1316 791 1382 854 hese

279 889 320 952 (le
344 889 475 954 Jeaune
500 889 677 954 sufiiciunt.

106 1011 269 1052 temese
369 987 421 1052 60.
446 987 484 1050 In
509 986 619 1051 leeum
643 987 782 1052 Josnnis
807 1009 893 1051 enne
918 989 983 1051 928
1008 990 1165 1052 suffectus
1190 988 1255 1050 fuit
1278 985 1333 1050 Leo
1352 985 1386 1046 Vl

118 1071 198 1123 „mnus
214 1071 260 1112 νη·
280 1085 458 1167 Rullianus,
483 1087 539 1170 qui
566 1085 651 1149 sedit
674 1095 799 1170 septem
824 1085 994 1150 mensibus
1017 1088 1217 1172 etquinque
1236 1084 1346 1150 diebus
1360 1086 1384 1145 in

280 1182 358 1246 sede
383 1181 482 1246 Petri.
531 1183 572 1246 Ei
604 1184 762 1246 suecessit
792 1183 870 1246 dein
899 1181 1078 1270 Stephanus
1108 1185 1173 1247 VII
1199 1186 1319 1269 pariter
1339 1183 1386 1244 lle-

280 1301 406 1359 menus,
432 1281 487 1364 qui
513 1279 642 1344 duobus
667 1282 763 1345 annis
787 1291 819 1344 et
841 1303 907 1345 une
929 1303 1040 1344 mense
1058 1283 1255 1366 pontificatu
1271 1282 1387 1344 luemus

280 1387 336 1441 est
385 1379 436 1440 De
468 1378 519 1441 his
544 1378 761 1442 Pontificibus
792 1378 874 1442 haee
904 1389 1030 1443 tentum
1056 1379 1157 1444 hebet
1180 1377 1387 1444 Fledeurdes:

325 1494 411 1574 „Pro
436 1515 500 1579 que
525 1493 611 1558 eelsu
635 1493 723 1557 Petri
749 1505 862 1558 sextus
886 1496 954 1560 Lee
979 1496 1128 1580 regmine
1154 1517 1299 1564 sumens.

325 1591 495 1656 Iliensibus
520 1591 601 1654 haee
626 1603 752 1677 septem
776 1601 895 1674 servat,
921 1593 1096 1680 quinisque
1121 1593 1249 1674 diebus,

325 1689 685 1774 Prsedeeessorumque
711 1692 792 1774 petit
816 1692 981 1754 consortia
1006 1701 1130 1755 vetum.

326 1786 493 1872 Septimus
518 1787 596 1850 hine
620 1787 808 1872 Stephanus
833 1787 928 1853 binos
951 1789 1135 1874 praefulget
1159 1791 1194 1852 in
1217 1811 1332 1858 annes.

326 1885 435 1948 Aucto
460 1908 572 1949 mense
597 1909 704 1972 seper,
730 1885 860 1950 bisseno
885 1909 925 1951 ee
949 1886 1016 1951 sole
1034 1888 1162 1972 jugum,

328 1984 497 2068 Dispositis
521 1993 594 2068 pest
618 1984 706 2070 quod
731 1986 874 2069 spatium
899 1984 961 2048 sibi
987 1985 1063 2048 sede
1087 1984 1247 2050 loceturf·

359 2161 377 2226 ¹)
398 2160 466 2212 Vide
490 2160 522 2212 de
542 2160 632 2222 Bessi,
661 2159 761 2214 Bullet.
787 2161 944 2216 artheula.
968 2161 1044 2216 1864.
1064 2177 1088 2232 p.
1108 2163 1152 2215 65.
1178 2191 1209 2200 -
1237 2161 1277 2214 Ee
1302 2161 1353 2214 loee
1368 2157 1392 2210 cl

283 2241 316 2293 de
334 2240 413 2292 Itessi
433 2240 514 2292 etism
534 2239 639 2294 erudite
657 2240 767 2308 conjicit
786 2240 907 2295 arborem
925 2241 1129 2310 genealogicum
1148 2241 1242 2308 stirpis
1254 2240 1392 2294 'rhemens

282 2319 409 2383 senioris,
433 2335 512 2386 quem
531 2335 677 2388 preponere
692 2321 781 2388 juret.
819 2321 948 2376 Addimus
968 2327 1074 2376 tentum
1092 2323 1178 2384 tilium
1197 2321 1235 2374 N.
1255 2321 1392 2374 Theodorus

284 2408 314 2454 et
332 2399 524 2466 Theophylseti
544 2399 683 2467 Consulis3
707 2401 730 2454 is
749 2402 820 2454 enim
839 2409 1062 2456 commemoretur
1080 2401 1108 2454 iu
1127 2401 1293 2468 penegyriee
1310 2399 1393 2452 Bersu-

283 2480 356 2548 gerii
375 2480 404 2532 L.
425 2479 464 2532 IV
482 2480 555 2534 eme
574 2480 708 2535 versibus:

392 2559 459 2626 „Hic
478 2560 561 2630 etism
577 2560 691 2628 Jursnes
710 2560 799 2614 nitide
818 2561 974 2629 respergine
993 2562 1069 2626 eresi,

391 2641 481 2708 (Alter
500 2641 646 2708 ApesteIiei
665 2657 727 2694 nem
747 2641 839 2704 freter,
860 2641 981 2696 Consulis
1000 2643 1071 2694 alter

391 2721 479 2774 Netus
498 2722 576 2788 eret)
595 2721 706 2788 pedibus
725 2720 849 2789 deligunt
868 2721 959 2776 osenla
978 2720 1088 2790 Regis.“
1116 2719 1223 2788 (Seript.
1239 2719 1303 2775 Itsl.
1316 2719 1342 2772 I'.
1356 2717 1384 2770 11.

356 2801 488 2856 IIursteri
499 2801 526 2854 in
538 2809 602 2854 netu
612 2801 647 2854 39
657 2801 709 2854 sit:
724 2800 839 2864 „Consul
849 2801 1030 2855 Romanorum
1041 2805 1100 2854 tum
1110 2807 1168 2854 eret
1180 2797 1392 2867 Theophylsrtus.

284 2882 366 2935 sicuti
379 2883 475 2935 Glosse
493 2883 578 2946 decet,
598 2895 666 2946 quse
684 2897 737 2933 nen
751 2881 828 2934 addit
840 2897 891 2948 que
905 2881 1012 2935 nemine
1025 2881 1096 2935 lilius
1109 2880 1308 2948 Theophylseti
1320 2878 1393 2947 appel·

286 2963 413 3016 leretur*
434 2993 466 3002 -
487 2963 528 3015 En
547 2961 635 3029 igitur
653 2961 732 3014 arbor
750 2962 941 3030 genealogice:

751 3053 915 3104 'I'heodors
933 3054 949 3103 1

531 3145 599 3182 uxor
617 3128 812 3196 'theophylacti
832 3130 955 3184 Censulis
974 3137 1003 3186 et
1022 3128 1167 3184 Seneteris.

847 3309 851 3356 l

416 3332 531 3432 Merrltiu
551 3380 564 3432 I
774 3359 860 3434 Filius
879 3380 911 3434 N.
1102 3375 1243 3431 'I‘heedors
1263 3375 1290 3429 Il

300 3459 415 3526 primum
433 3467 520 3526 nupta
540 3458 664 3512 Alterius
682 3458 703 3522 1,
982 3475 1050 3513 uxor
1067 3456 1263 3526 Theophylseti
1283 3449 1392 3508 seueri

470 3539 532 3593 dein
1045 3545 1152 3594 mortus
1170 3543 1235 3590 unte
1254 3553 1278 3591 s.
1297 3535 1350 3588 945.

287 3629 372 3688 nuptu
387 3620 504 3673 (luidoni
521 3618 582 3672 duci
594 3618 715 3675 Tusciae,
1193 3664 1196 3678 ,

449 3699 554 3753 demum
856 3687 1262 3754 ”“““““”““Τ“““’“”“““ι

350 3789 436 3849 nepe
454 3780 565 3848 Husoui
585 3779 651 3846 resi·
771 3791 888 3846 meua
902 3791 929 3844 11
974 3787 1121 3856 stephanis
1171 3782 1355 3840 rhemorum

283 3899 287 3908 ·
343 3873 531 3925 l10ri1¹stst¹¹te
551 3885 574 3921 a·
594 3869 655 3921 945·
780 3871 914 3926 Seruitrix.
978 3867 1113 3923 Seuetrix.
1172 3881 1240 3920 uxor
1257 3863 1358 3917 Josm's

329 3959 395 4026 Ejus
415 3975 446 4011 ex
468 3957 589 4066 tiberius
609 3955 671 4009 lilii:
876 4023 879 4030 .
1146 3945 1304 4086 Consulis'et
1318 3939 1388 3995 Duris

884 4099 1316 4124 *μη-ιιι-

286 4194 466 4262 AlberieusII.
476 4188 677 4260 Censtituimus.
695 4205 814 4257 Ioannes
822 4201 860 4256 XI
866 4201 895 4256 P.
916 4197 1026 4268 Sergius
1040 4195 1188 4250 Leudellus
1198 4203 1224 4248 et
1235 4187 1383 4248 emenus.

301 4291 375 4328 I'rluc.
388 4291 452 4328 llum.
916 4283 959 4331 Ην,
971 4281 1026 4330 svp.
1051 4291 1080 4318 ru.
1093 4291 1114 4318 ι.
1124 4281 1171 4318 tues.
1251 4289 1277 4316 us.
1291 4287 1307 4311 s·
1321 4271 1357 4305 ’Μ’
