2926 4840
318 517 358 570 De
376 514 563 574 Decretalibus
581 513 864 570 Pseudo-[sidonianis.
1102 518 1155 570 271

55 659 201 744 praeclara
224 657 447 745 proclamant,
479 681 611 724 monce
628 659 753 746 pietate
776 660 907 744 opinari
930 660 1029 724 talem
1053 660 1154 726 fictio·

55 779 115 820 nem
136 755 259 822 licitam
282 778 363 821 esse.
409 755 461 822 Ac
485 755 586 821 simili
617 755 698 842 quid
722 756 874 822 accidere
898 758 1005 842 potuit
1026 757 1154 823 Isidoro

54 854 218 938 llereatori,
235 875 339 940 quum
350 852 688 920 Pseudo-Decretales
702 854 878 919 conficeret
894 863 927 920 et
939 854 1120 941 evulgaret
1130 854 1155 942 ¹)

125 952 175 1016 60.
213 951 334 1032 Quoad
371 951 509 1018 indolem
536 950 748 1018 Collectionis
778 952 1057 1018 Pseudo-Isidori
1090 953 1155 1018 boc
1172 963 1278 1006 aem
1292 963 1322 1006 ee

53 1048 167 1114 demum
197 1050 378 1116 observare
408 1060 517 1116 restat.
565 1049 697 1132 Quum,
733 1052 782 1114 uti
808 1051 880 1136 jam
912 1051 1077 1133 diximus,
1114 1024 1191 1116 exR'
1207 1024 1335 1068 mm

51 1169 148 1232 regum
161 1169 404 1234 procerumque
421 1148 552 1213 influxu
566 1147 815 1234 factionumque
827 1148 1037 1234 politicarum
1049 1147 1157 1214 turbis

51 1245 213 1312 tribunalia
237 1268 296 1332 pro
321 1247 486 1331 episcopis
504 1244 699 1331 judicandis
722 1247 757 1311 in
772 1245 916 1311 Francia
939 1248 1018 1311 satis
1041 1269 1158 1312 secura

51 1365 103 1408 non
125 1344 320 1409 viderentur
342 1353 376 1406 et
397 1365 513 1430 aequa,
538 1343 685 1408 [sidonis
709 1353 741 1408 et
763 1353 840 1409 ante
864 1367 940 1409 eum
955 1344 1158 1410 Benedictus

49 1439 152 1506 levita
183 1441 261 1506 aliis
294 1441 468 1526 judicibus
500 1443 731 1526 episcoporum
769 1464 885 1506 causas
924 1443 1158 1529 dijudicandas

51 1538 210 1604 voluerunt
244 1539 461 1604 committere.
515 1539 607 1604 Hinc
638 1549 820 1624 posuerunt
851 1549 1010 1626 tanquam
1041 1541 1158 1606 latissi-

50 1657 125 1700 mum
153 1636 360 1722 praesidium
385 1639 547 1702 accusatis
571 1637 758 1701 Romanum
782 1637 995 1720 Pontificem,
1030 1639 1158 1724 praedi·

50 1745 160 1816 cantes,
196 1735 271 1798 sine
301 1734 373 1820 ejus
397 1732 540 1800 consilio,
565 1742 598 1797 et
621 1755 783 1798 consensu
814 1733 940 1799 nullum
965 1738 1158 1824 episcopum

49 1831 265 1896 damnandum
288 1841 388 1917 atque
412 1831 647 1916 deponendum
669 1854 749 1896 esse.
788 1833 874 1896 Nam
891 1833 1059 1900 Romanam
1074 1837 1158 1900 Pon-

49 1929 116 1994 tifex
148 1931 353 2011 lactionum,
386 1929 643 2014 particularibus
674 1932 709 1994 in
733 1929 924 2014 regionibus
956 1942 989 1996 et
1011 1933 1159 1999 ecclesiis

49 2027 279 2108 dimicantium,
304 2049 422 2113 expers
445 2037 525 2110 erat,
549 2026 698 2114 adeoque
716 2028 824 2113 judex
848 2051 947 2115 supra
970 2035 1158 2097 commotio·

48 2147 111 2190 nem
132 2128 281 2212 partium
304 2127 432 2211 positus
463 2135 496 2189 et
518 2124 666 2190 elevatus
697 2135 729 2190 et
752 2148 772 2188 a
796 2128 1041 2212 suspicionibus
1063 2129 1158 2196 liber.

47 2222 211 2288 Praeterea
234 2222 321 2289 Sede
344 2224 494 2287 Romana
523 2223 680 2287 adeunda
703 2245 803 2288 causa
826 2225 1095 2310 protrahebatur,
1128 2238 1160 2292 et

47 2341 111 2386 cum
134 2343 210 2386 eam
244 2321 343 2386 facile
365 2321 511 2386 adeundi
536 2319 676 2386 facultas
708 2343 775 2386 non
800 2332 900 2406 esset,
934 2323 1103 2390 damnatio
1128 2336 1160 2391 et

48 2417 196 2503 depositio
224 2421 356 2505 saepius
380 2419 451 2484 fieri
475 2440 542 2484 non
565 2417 736 2505 poterat.²)

122 2536 177 2600 61.
215 2531 390 2598 Caeterum
414 2532 572 2598 Collectio
606 2533 663 2597 illa
686 2533 873 2599 nullatenus
906 2537 1075 2601 constituit
1100 2536 1159 2602 Co·

47 2631 157 2715 dicem,
182 2633 220 2695 iu
243 2651 309 2717 quo
332 2630 515 2695 secundum
539 2630 673 2716 aliquod
698 2631 831 2696 schema
854 2641 1007 2698 accurate
1032 2644 1064 2698 et
1085 2635 1159 2699 har-

47 2731 164 2794 monice
199 2728 332 2813 singula
364 2727 524 2814 disposita
556 2739 641 2793 sunt.
688 2729 760 2794 Imo
783 2730 1091 2797 Pseudo-Isidorus
1123 2735 1158 2798 in

48 2826 177 2892 decretis
201 2851 223 2892 a
245 2849 280 2892 se
303 2826 389 2890 fictis
407 2828 529 2900 passim
549 2826 681 2892 diversa
700 2829 823 2910 statuit,
848 2839 885 2892 ut
903 2830 930 2892 si
951 2831 1025 2915 quis
1047 2832 1160 2896 omnia

46 2924 81 2988 ab
103 2925 157 2991 illo
183 2926 373 3010 excogitata
397 2927 430 2987 in
455 2923 555 2988 rebus
579 2923 811 2989 ecclesiasticis
835 2927 1046 2992 instituendis
1066 2931 1159 3014 sequi

48 3021 207 3104 voluisset,
231 3021 267 3086 id
290 3031 424 3108 propter
447 3021 704 3106 discrepantiam
728 3043 852 3105 eorum,
877 3046 961 3110 quae
985 3025 1025 3090 de
1041 3026 1160 3090 iisdem

48 3120 135 3186 rebus
159 3119 271 3202 habet,
296 3119 404 3184 facere
429 3120 563 3183 omnino
588 3141 653 3184 non
677 3122 846 3205 potuisset.
893 3121 967 3186 Hac
991 3122 1090 3187 dere
1114 3123 1161 3188 ita

48 3215 239 3282 llinscbius:
283 3218 360 3300 „Ad
392 3219 549 3303 primates
590 3217 710 3282 deferri
748 3218 819 3283 vult
851 3220 1161 3286 Pseudo-Isidorus

113 3473 331 3538 ¹*1Deaucteris
358 3473 446 3529 indole
471 3474 511 3528 ita
530 3475 561 3528 el.
580 3473 697 3530 Mthler:
728 3475 782 3542 „Le
806 3475 873 3530 faux
890 3476 993 3532 Isidore
1017 3485 1166 3546 emprunta

49 3555 128 3608 ason
148 3558 252 3622 epoque
277 3568 307 3607 ce
326 3553 371 3620 qui
391 3554 461 3608 etait
485 3553 621 3608 conforme
649 3570 702 3608 aux
720 3570 807 3609 voeux
833 3555 879 3610 des
903 3555 963 3624 plus
986 3556 1103 3613 hommes
1128 3558 1162 3613 de

49 3633 115 3687 bien:
146 3633 182 3688 de
207 3633 234 3687 lt
257 3632 381 3688 l'accueil
406 3633 545 3689 lavorable
574 3634 620 3700 qui
646 3635 690 3689 tut
713 3634 767 3688 fait
792 3649 845 3689 aux
869 3633 974 3691 fausses
999 3637 1162 3706 decretalem

50 3715 106 3768 elles
124 3715 301 3768 contendent
319 3719 382 3768 tant
400 3714 433 3769 de
451 3713 567 3780 veritas,
587 3713 663 3782 qu’on
681 3714 724 3782 n'y
743 3715 921 3783 soupcennait
939 3732 1043 3772 aucune
1061 3732 1162 3772 errem.

52 3793 73 3846 Si
91 3795 172 3859 donc,
193 3797 269 3862 apres
287 3795 325 3848 les
344 3793 421 3848 avoir
439 3794 592 3850 examinees
611 3795 835 3861 attentivement‚
861 3811 928 3850 nous
946 3796 1069 3852 voubons
1087 3813 1163 3851 cara·

50 3875 155 3928 stenser
175 3873 294 3929 l’auteur
312 3873 415 3944 d'apres
433 3873 493 3928 leur
511 3881 625 3930 oontenu
646 3881 674 3929 et
692 3875 752 3929 leur
769 3876 867 3943 sepsit,
892 3891 959 3932 nous
978 3878 1078 3932 dirions
1098 3876 1161 3944 qu’il

51 3951 88 4006 int
105 3952 351 4008 indubitablement
368 3969 407 4008 un
425 3953 529 4008 homme
547 3954 580 4008 de
598 3955 687 4024 grand
699 3955 796 4020 saveir,
816 3955 841 4009 le
853 3956 912 4023 plus
925 3961 1025 4011 savant
1036 3958 1165 4025 peutetre

51 4031 142 4087 deses
161 4034 388 4102 contemperatus,
413 4049 452 4088 un
476 4035 562 4102 esprit
579 4037 740 4102 penetrant,
765 4051 863 4104 sagace
888 4041 917 4090 et
933 4036 1013 4090 initie
1038 4037 1104 4091 dans
1123 4052 1161 4091 un

51 4112 126 4181 tegre
154 4128 216 4167 rare
241 4129 274 4168 en
301 4127 331 4166 ee
358 4119 444 4182 temps
472 4116 489 4167 t
513 4112 620 4182 l'esprit
647 4120 676 4169 et
703 4131 758 4168 aux
784 4115 889 4170 besoins
917 4116 950 4170 de
974 4131 1022 4170 son
1047 4120 1163 4184 temps.“

52 4191 166 4247 Histoire
186 4191 217 4246 de
234 4192 349 4263 l’Eglisa
366 4194 467 4262 (versio
485 4194 605 4264 gallica),
624 4195 661 4250 11.
681 4211 706 4262 p.
728 4197 786 4248 157.

119 4283 140 4351 ²)
160 4279 310 4350 Hinscbius,
328 4297 353 4350 p.
373 4281 520 4337 cexxm.
