3002 4836
445 525 592 581 Concilium
611 527 758 582 Niosenum
777 523 814 581 Il.
1153 525 1189 580 53

84 667 206 752 consesti
238 691 353 748 sumas,
393 670 573 755 eonfitemur
604 681 635 733 et
661 669 887 754 confitebimur,
922 689 1127 734 eonsonamns
1159 679 1189 732 et

83 765 296 848 confinsamus,
323 778 415 852 atque
426 767 681 854 permanebimus
703 771 738 832 in
762 767 987 852 sipnffioatioae
1012 765 1188 832 litteras-am

83 886 152 946 osas
180 861 276 927 lectae
309 873 399 944 ssent,
431 866 619 952 inopinatas
648 867 874 954 descriptiones
908 867 1112 952 suscipientes
1144 885 1188 928 se·

84 960 202 1024 medum
224 964 391 1048 anfiqssam
408 972 540 1049 patrum
562 975 740 1028 nosti-omem
764 964 975 1042 aedilitatem,
1000 973 1030 1026 et
1054 963 1111 1026 llas
1138 962 1188 1048 af·

73 1057 207 1142 sedeam
230 1081 339 1124 amore
361 1061 542 1140 dammas,
558 1060 690 1149 (greeae
712 1059 765 1124 καὶ
788 1058 907 1136 ταύτας
930 1062 1065 1140 exenensi
1086 1057 1187 1143 πόθῳ

82 1159 325 1238 musonium,
360 1159 382 1222 i.
422 1179 449 1223 e.
474 1169 507 1222 et
538 1158 598 1224 has
629 1159 767 1224 relativo
804 1159 926 1223 effectu
963 1155 1187 1243 honoramus),

82 1265 217 1340 tanquam
251 1257 298 1319 ad
331 1279 444 1320 nomen
478 1255 598 1322 Christi
631 1257 696 1322 Dei
729 1267 759 1320 et
792 1259 996 1321 intemeratae
1032 1255 1187 1318 Dominae

79 1363 193 1416 suadae
217 1355 283 1418 Dei
308 1354 495 1434 Gestitsiois,
520 1367 756 1441 sanatosnmqne
778 1354 969 1442 Anpolomsm
992 1375 1029 1414 aa
1053 1353 1188 1416 omnium

81 1447 255 1515 &atoma
289 1453 419 1538 saonis,
453 1454 709 1540 manifestissime
747 1455 783 1516 in
817 1470 913 1516 annm
951 1449 1051 1514 solnm
1087 1451 1188 1514 Deum

82 1569 174 1612 osma
211 1552 394 1614 seruitutem
432 1546 608 1640 (λατρείαν)
651 1561 680 1616 et
715 1551 814 1636 fidem
850 1560 990 1614 nostram
1024 1545 1199 1634 patientes(

79 1681 115 1692 -
145 1645 251 1712 Simili
287 1649 416 1712 ratione
447 1649 563 1736 reliqui
601 1671 797 1714 eonsensum
829 1669 926 1711 suum
968 1646 1187 1711 declararunt.

77 1743 223 1830 Sequitur
246 1744 407 1810 videlieet
430 1748 464 1810 in
489 1747 600 1813 Antist
629 1749 710 1812 Tota
733 1746 880 1835 Syssoslsm
903 1746 1008 1810 dimit:
1034 1745 1116 1807 Tota
1137 1765 1188 1807 so·

75 1843 243 1906 onnam
258 1841 408 1931 SynMas
422 1846 470 1909 ita
485 1847 593 1928 eredit,
609 1848 657 1910 ita
673 1847 769 1932 sapit,
783 1846 831 1909 ita
845 1845 1045 1929 dopmatieat.
1070 1879 1114 1888 —
1132 1841 1188 1904 Pe·

77 1951 134 2002 trus
155 1951 185 2006 st
207 1943 326 2006 Petrus
348 1944 416 2007 Deo
449 1945 601 2008 amabiles
617 1944 799 2030 presbyteri
825 1955 855 2007 et
877 1943 973 2030 lopati
996 1937 1188 2027 apostolieae

81 2033 244 2104 Catlssirae
271 2040 439 2106 dimanat:
460 2043 558 2106 Dicat
578 2041 668 2107 nobis
691 2053 803 2106 saneta
817 2041 973 2128 Spanius,
996 2041 1026 2103 si
1049 2038 1189 2102 admittit

76 2133 190 2200 litteras
219 2141 416 2203 sanctissimi
448 2141 555 2227 Papae
588 2142 722 2204 senionis
749 2140 881 2218 Ronsae,
906 2159 1022 2201 annon.
1070 2135 1188 2201 Sancta

76 2229 213 2316 Spinodm
243 2235 354 2300 diets.-
390 2235 555 2324 Seqaimnr
587 2249 617 2302 et
639 2238 826 2324 assoipimns
857 2245 887 2300 et
916 2236 1119 2300 admittimus.
1144 2271 1187 2281 -—

76 2327 153 2396 Dein
177 2334 282 2398 etiam
312 2335 434 2421 singuli
459 2337 603 2422 episcopi
637 2357 733 2401 suum
766 2355 937 2399 assensum
968 2331 1186 2413 declararunt,

75 2425 128 2492 hso
157 2431 210 2495 vel
245 2433 347 2496 simili
371 2433 533 2499 formula:
575 2435 756 2500 lineatim-ns
787 2434 1002 2497 sanctissimas
1024 2433 1188 2518 episcopos

74 2523 225 2593 Seleuciae
250 2531 356 2596 dieta·
380 2529 555 2597 Secundam
570 2533 667 2598 laetas
681 2532 850 2619 mundinas
868 2529 993 2595 litteras
1015 2527 1189 2593 beatissimi

75 2623 173 2710 Papae
197 2630 337 2692 senionis
354 2631 475 2694 Romae
498 2629 664 2695 Hadriani
686 2629 841 2706 confiteor,
866 2639 895 2691 et
917 2628 1053 2714 snsoipio
1077 2649 1186 2691 sanas

73 2731 99 2782 et
116 2723 313 2789 oennaiiles
328 2729 437 2792 iconem
452 2729 618 2793 meandum
636 2729 799 2814 ontionem
821 2725 1082 2790 consuetudinem.
1123 2725 1188 2787 lios

76 2840 136 2882 tero
158 2825 214 2908 qui
236 2826 288 2888 ita
310 2847 374 2889 non
397 2827 529 2912 sapiant
550 2826 790 2895 amtlematizo.

153 2920 206 2985 62.
232 2921 357 2986 Omnis
370 2923 452 2988 liaeo
464 2924 611 3010 profecto
621 2923 798 2988 ostendunt
810 2921 942 3008 plenam
957 2921 1186 2985 auctoritatem
1196 2929 1354 3004 &illusorum

75 3011 229 3084 Hadriani
243 3020 434 3104 Pontificio,
459 3045 479 3086 a
502 3042 567 3108 quo
592 3020 774 3086 orthodoxa
798 3018 948 3084 doctrine
964 3019 1009 3082 its
1027 3037 1186 3103 propone·
1237 2993 1317 3043 ΨΜ·

76 3109 171 3198 batur,
196 3128 234 3181 ut
260 3139 319 3182 sue
347 3119 484 3205 epistola
517 3119 664 3204 regulam
689 3118 824 3204 Synodo
857 3115 1052 3205 praefigeret
1083 3125 1116 3180 et
1138 3137 1185 3180 as-

75 3231 196 3278 sensum
232 3217 390 3302 exigeret.
436 3215 661 3282 Nihilominus
694 3216 860 3282 Gellieani
892 3213 1041 3300 improbo
1074 3212 1185 3277 labore

73 3310 165 3375 etism
187 3333 231 3376 ex
257 3312 356 3399 hujus
374 3315 500 3400 Synodi
523 3317 623 3400 gestis
646 3323 842 3400 argumente
864 3333 923 3400 pro
947 3335 1006 3376 sua
1030 3312 1185 3399 opinione

76 3405 220 3492 oolligere
252 3414 363 3476 consti
392 3424 481 3494 sunt,
526 3423 558 3476 et
591 3415 675 3477 mira
698 3422 767 3476 erto
794 3412 883 3476 iaetu
905 3420 939 3474 et
962 3410 1050 3475 diota
1074 3411 1120 3473 ita
1144 3430 1185 3473 ex

76 3525 188 3586 ponere
203 3508 412 3592 studuerunt,
436 3523 473 3576 nt
496 3533 589 3575 suam
614 3512 810 3575 sententiam
833 3508 911 3573 inde
926 3507 1105 3573 firmarent.
1133 3507 1186 3571 Ex

74 3605 311 3690 antiquioribus
333 3611 525 3694 praesertim
540 3611 679 3674 Bossuet
693 3611 727 3673 in
743 3609 935 3695 Defensione
959 3605 1187 3671 declarationis

77 3699 328 3772 1³.111.L.v11.
353 3729 380 3772 e.
405 3707 450 3772 30
465 3729 503 3772 eo
528 3729 620 3771 susm
645 3725 778 3792 operam
803 3703 951 3787 eontulit,
976 3725 1074 3790 quem
1098 3725 1182 3788 egre

75 3801 123 3882 gie
144 3803 304 3868 refutavit
314 3804 522 3888 Mazzarelli,
546 3806 595 3869 De
619 3806 807 3869 aneton-itate
830 3803 904 3867 ΒΕ.
930 3803 1122 3886 Pona’fienm,
1146 3803 1185 3867 Τ.

78 3896 116 3963 Π.
131 3899 167 3966 C.
181 3901 244 3967 XI.
258 3906 289 3984 ἕ.
314 3902 376 3967 ΙΗ.
399 3903 454 3968 Ex
477 3902 715 3967 recentioribus
739 3900 943 3966 verolllmus
957 3900 1063 3964 Manet
1086 3901 1185 3966 etiam

78 4015 114 4060 ex
132 3998 351 4065 celebratione
364 3999 505 4066 Consilii
522 4001 653 4086 septimi
668 4022 762 4066 suam
777 3999 961 4064 doctrinam
978 3997 1185 4084 comprobari

80 4097 283 4180 existimavit,
303 4109 337 4162 et
356 4100 515 4164 conformi
537 4121 635 4164 sensu
653 4121 705 4164 res
719 4109 752 4164 et
767 4097 856 4162 dieta
880 4119 1044 4182 exponere
1059 4097 1185 4160 nititur.

80 4189 162 4258 Inter
175 4195 240 4262 alis
254 4195 391 4262 scribit:
426 4197 497 4278 „La
511 4195 630 4262 liberte'
646 4195 704 4262 des
719 4195 835 4260 debete
849 4194 1056 4260 aoneilieires
1071 4195 1121 4260 fut
1145 4195 1185 4258 de

82 4311 222 4358 nonveeu
246 4296 445 4377 aonsaaree,
481 4304 514 4358 et
546 4294 604 4359 des
627 4293 827 4358 l’ouverture
851 4293 895 4356 du
921 4291 1054 4356 Conaile
1077 4291 1107 4355 le
1130 4311 1185 4376 pa-
