<?xml version="1.0" encoding="UTF-8"?>
<!DOCTYPE html PUBLIC "-//W3C//DTD XHTML 1.0 Transitional//EN"
    "http://www.w3.org/TR/xhtml1/DTD/xhtml1-transitional.dtd">
<html xmlns="http://www.w3.org/1999/xhtml" xml:lang="en" lang="en">
 <head>
  <title>
</title>
<meta http-equiv="Content-Type" content="text/html;charset=utf-8" />
  <meta name='ocr-system' content='tesseract 3.04.00' />
  <meta name='ocr-capabilities' content='ocr_page ocr_carea ocr_par ocr_line ocrx_word'/>
</head>
<body>
  <div class='ocr_page' id='page_1' title='image "./dissertationess01junggoog_0595.png"; bbox 0 0 2922 4832; ppageno 0'>
   <div class='ocr_carea' id='block_1_1' title="bbox 286 493 1157 564">
    <p class='ocr_par' dir='ltr' id='par_1_1' title="bbox 286 493 1157 564">
     <span class='ocr_line' id='line_1_1' title="bbox 286 493 1157 564; baseline -0.003 -13"><span class='ocrx_word' id='word_1_1' title='bbox 286 497 339 551; x_wconf 80' lang='lat'><strong>124</strong></span> <span class='ocrx_word' id='word_1_2' title='bbox 552 495 627 549; x_wconf 85' lang='lat' dir='ltr'>XIX.</span> <span class='ocrx_word' id='word_1_3' title='bbox 647 493 851 548; x_wconf 82' lang='lat' dir='ltr'><strong>Oontmvcrsiae</strong></span> <span class='ocrx_word' id='word_1_4' title='bbox 870 501 898 547; x_wconf 86' lang='lat' dir='ltr'><strong>et</strong></span> <span class='ocrx_word' id='word_1_5' title='bbox 916 494 1025 564; x_wconf 88' lang='lat' dir='ltr'><strong>Imperii</strong></span> <span class='ocrx_word' id='word_1_6' title='bbox 1045 495 1157 549; x_wconf 75' lang='lat' dir='ltr'><strong>indoles.</strong></span> 
     </span>
    </p>
   </div>
   <div class='ocr_carea' id='block_1_2' title="bbox 284 636 1458 1603">
    <p class='ocr_par' dir='ltr' id='par_1_2' title="bbox 284 636 1458 1603">
     <span class='ocr_line' id='line_1_2' title="bbox 285 636 1392 724; baseline 0.001 -22"><span class='ocrx_word' id='word_1_7' title='bbox 285 640 400 703; x_wconf 69' lang='lat' dir='ltr'><strong>initae</strong></span> <span class='ocrx_word' id='word_1_8' title='bbox 423 636 648 719; x_wconf 76' lang='lat' dir='ltr'><strong>declarantur,</strong></span> <span class='ocrx_word' id='word_1_9' title='bbox 683 638 746 702; x_wconf 85' lang='lat' dir='ltr'><strong>nisi</strong></span> <span class='ocrx_word' id='word_1_10' title='bbox 779 639 933 724; x_wconf 90' lang='lat' dir='ltr'><strong>episeopo</strong></span> <span class='ocrx_word' id='word_1_11' title='bbox 965 639 1000 702; x_wconf 90' lang='lat' dir='ltr'><strong>in</strong></span> <span class='ocrx_word' id='word_1_12' title='bbox 1018 637 1096 723; x_wconf 89' lang='lat' dir='ltr'><strong>jure</strong></span> <span class='ocrx_word' id='word_1_13' title='bbox 1119 659 1179 703; x_wconf 88' lang='lat' dir='ltr'><strong>suo</strong></span> <span class='ocrx_word' id='word_1_14' title='bbox 1203 637 1288 704; x_wconf 85' lang='lat' dir='ltr'><strong>laeso</strong></span> <span class='ocrx_word' id='word_1_15' title='bbox 1309 641 1392 703; x_wconf 80' lang='lat' dir='ltr'><strong>satis·</strong></span> 
     </span>
     <span class='ocr_line' id='line_1_3' title="bbox 284 735 1393 821; baseline 0.002 -22"><span class='ocrx_word' id='word_1_16' title='bbox 284 735 386 800; x_wconf 84' lang='lat' dir='ltr'><strong>factio</strong></span> <span class='ocrx_word' id='word_1_17' title='bbox 409 743 604 820; x_wconf 70' lang='lat' dir='ltr'><strong>praestatem,</strong></span> <span class='ocrx_word' id='word_1_18' title='bbox 639 757 682 799; x_wconf 85' lang='lat' dir='ltr'><strong>ex</strong></span> <span class='ocrx_word' id='word_1_19' title='bbox 704 755 769 821; x_wconf 93' lang='lat' dir='ltr'><strong>quo</strong></span> <span class='ocrx_word' id='word_1_20' title='bbox 796 743 897 820; x_wconf 86' lang='lat' dir='ltr'><strong>patet,</strong></span> <span class='ocrx_word' id='word_1_21' title='bbox 926 757 993 802; x_wconf 93' lang='lat' dir='ltr'><strong>non</strong></span> <span class='ocrx_word' id='word_1_22' title='bbox 1016 737 1159 821; x_wconf 89' lang='lat' dir='ltr'><strong>supponi</strong></span> <span class='ocrx_word' id='word_1_23' title='bbox 1182 735 1393 801; x_wconf 86' lang='lat' dir='ltr'><strong>omnimodam</strong></span> 
     </span>
     <span class='ocr_line' id='line_1_4' title="bbox 284 831 1458 921; baseline 0.001 -24"><span class='ocrx_word' id='word_1_24' title='bbox 284 833 479 898; x_wconf 88' lang='lat' dir='ltr'><strong>nullitatem.</strong></span> <span class='ocrx_word' id='word_1_25' title='bbox 511 835 600 898; x_wconf 86' lang='lat' dir='ltr'><strong>Rata</strong></span> <span class='ocrx_word' id='word_1_26' title='bbox 623 831 779 897; x_wconf 89' lang='lat' dir='ltr'><strong>videlicet</strong></span> <span class='ocrx_word' id='word_1_27' title='bbox 800 855 840 897; x_wconf 92' lang='lat' dir='ltr'><strong>ea</strong></span> <span class='ocrx_word' id='word_1_28' title='bbox 863 843 933 898; x_wconf 88' lang='lat' dir='ltr'><strong>erat</strong></span> <span class='ocrx_word' id='word_1_29' title='bbox 948 833 1123 916; x_wconf 87' lang='lat' dir='ltr'><strong>ordinatio,</strong></span> <span class='ocrx_word' id='word_1_30' title='bbox 1147 855 1235 921; x_wconf 87' lang='lat' dir='ltr'><strong>qnae</strong></span> <span class='ocrx_word' id='word_1_31' title='bbox 1247 847 1393 921; x_wconf 84' lang='lat' dir='ltr'><strong>tanquan</strong></span> <span class='ocrx_word' id='word_1_32' title='bbox 1457 879 1458 890; x_wconf 54' lang='lat'><strong>,</strong></span> 
     </span>
     <span class='ocr_line' id='line_1_5' title="bbox 287 929 1394 1019; baseline 0.001 -24"><span class='ocrx_word' id='word_1_33' title='bbox 287 932 377 996; x_wconf 92' lang='lat' dir='ltr'><strong>omni</strong></span> <span class='ocrx_word' id='word_1_34' title='bbox 402 951 444 995; x_wconf 89' lang='lat' dir='ltr'><strong>ex</strong></span> <span class='ocrx_word' id='word_1_35' title='bbox 467 941 560 1017; x_wconf 85' lang='lat' dir='ltr'><strong>parte</strong></span> <span class='ocrx_word' id='word_1_36' title='bbox 583 931 744 996; x_wconf 70' lang='lat' dir='ltr'><strong>mnonica</strong></span> <span class='ocrx_word' id='word_1_37' title='bbox 776 941 809 994; x_wconf 88' lang='lat' dir='ltr'><strong>et</strong></span> <span class='ocrx_word' id='word_1_38' title='bbox 830 929 979 1016; x_wconf 83' lang='lat' dir='ltr'><strong>legitima</strong></span> <span class='ocrx_word' id='word_1_39' title='bbox 1011 931 1271 1016; x_wconf 73' lang='lat' dir='ltr'><strong>agnoscebatur,</strong></span> <span class='ocrx_word' id='word_1_40' title='bbox 1302 953 1394 1019; x_wconf 88' lang='lat' dir='ltr'><strong>quum</strong></span> 
     </span>
     <span class='ocr_line' id='line_1_6' title="bbox 285 1027 1395 1112; baseline -0.001 -17"><span class='ocrx_word' id='word_1_41' title='bbox 285 1051 401 1095; x_wconf 89' lang='lat' dir='ltr'><strong>omnes</strong></span> <span class='ocrx_word' id='word_1_42' title='bbox 424 1050 568 1093; x_wconf 87' lang='lat' dir='ltr'><strong>canones</strong></span> <span class='ocrx_word' id='word_1_43' title='bbox 591 1036 700 1093; x_wconf 86' lang='lat' dir='ltr'><strong>essent</strong></span> <span class='ocrx_word' id='word_1_44' title='bbox 731 1027 911 1112; x_wconf 83' lang='lat' dir='ltr'><strong>observati3</strong></span> <span class='ocrx_word' id='word_1_45' title='bbox 945 1029 1126 1112; x_wconf 90' lang='lat' dir='ltr'><strong>ordinatio,</strong></span> <span class='ocrx_word' id='word_1_46' title='bbox 1163 1032 1217 1094; x_wconf 89' lang='lat' dir='ltr'><strong>oui</strong></span> <span class='ocrx_word' id='word_1_47' title='bbox 1250 1027 1312 1094; x_wconf 89' lang='lat' dir='ltr'><strong>sub</strong></span> <span class='ocrx_word' id='word_1_48' title='bbox 1339 1029 1395 1094; x_wconf 85' lang='lat' dir='ltr'><strong>hoc</strong></span> 
     </span>
     <span class='ocr_line' id='line_1_7' title="bbox 285 1124 1395 1213; baseline 0.002 -23"><span class='ocrx_word' id='word_1_49' title='bbox 285 1136 438 1213; x_wconf 88' lang='lat' dir='ltr'><strong>respectu</strong></span> <span class='ocrx_word' id='word_1_50' title='bbox 453 1125 580 1212; x_wconf 86' lang='lat' dir='ltr'><strong>aliquid</strong></span> <span class='ocrx_word' id='word_1_51' title='bbox 595 1126 719 1208; x_wconf 87' lang='lat' dir='ltr'><strong>deerat,</strong></span> <span class='ocrx_word' id='word_1_52' title='bbox 742 1124 916 1192; x_wconf 79' lang='lat' dir='ltr'><strong>dicebatur</strong></span> <span class='ocrx_word' id='word_1_53' title='bbox 929 1127 1027 1192; x_wconf 61' lang='lat' dir='ltr'><strong>inito</strong></span> <span class='ocrx_word' id='word_1_54' title='bbox 1041 1127 1095 1194; x_wconf 89' lang='lat' dir='ltr'><strong>vel</strong></span> <span class='ocrx_word' id='word_1_55' title='bbox 1117 1151 1213 1194; x_wconf 84' lang='lat' dir='ltr'><strong>uano.</strong></span> <span class='ocrx_word' id='word_1_56' title='bbox 1238 1128 1395 1194; x_wconf 86' lang='lat' dir='ltr'><strong>Nonnum·</strong></span> 
     </span>
     <span class='ocr_line' id='line_1_8' title="bbox 285 1222 1396 1311; baseline 0 -21"><span class='ocrx_word' id='word_1_57' title='bbox 285 1245 387 1311; x_wconf 89' lang='lat' dir='ltr'><strong>quam</strong></span> <span class='ocrx_word' id='word_1_58' title='bbox 405 1226 505 1289; x_wconf 87' lang='lat' dir='ltr'><strong>etiam</strong></span> <span class='ocrx_word' id='word_1_59' title='bbox 520 1222 682 1311; x_wconf 89' lang='lat' dir='ltr'><strong>ejusmodi</strong></span> <span class='ocrx_word' id='word_1_60' title='bbox 698 1223 922 1288; x_wconf 89' lang='lat' dir='ltr'><strong>ordinationes</strong></span> <span class='ocrx_word' id='word_1_61' title='bbox 946 1222 1103 1290; x_wconf 86' lang='lat' dir='ltr'><strong>dicuntur</strong></span> <span class='ocrx_word' id='word_1_62' title='bbox 1124 1226 1255 1290; x_wconf 77' lang='lat' dir='ltr'><strong>irritari</strong></span> <span class='ocrx_word' id='word_1_63' title='bbox 1277 1223 1396 1310; x_wconf 65' lang='lat' dir='ltr'><strong>(dasem</strong></span> 
     </span>
     <span class='ocr_line' id='line_1_9' title="bbox 285 1315 1397 1410; baseline 0 -24"><span class='ocrx_word' id='word_1_64' title='bbox 285 1323 463 1410; x_wconf 72' lang='grc' dir='ltr'><strong><em>θῆσεσθαι,</em></strong></span> <span class='ocrx_word' id='word_1_65' title='bbox 492 1315 719 1408; x_wconf 71' lang='lat' dir='ltr'><strong>dnvprcdsjvm),</strong></span> <span class='ocrx_word' id='word_1_66' title='bbox 744 1318 833 1408; x_wconf 91' lang='lat' dir='ltr'><strong>quod</strong></span> <span class='ocrx_word' id='word_1_67' title='bbox 849 1343 915 1386; x_wconf 92' lang='lat' dir='ltr'><strong>non</strong></span> <span class='ocrx_word' id='word_1_68' title='bbox 932 1319 1166 1410; x_wconf 50' lang='lat' dir='ltr'><strong>adhibetufide</strong></span> <span class='ocrx_word' id='word_1_69' title='bbox 1182 1323 1223 1387; x_wconf 87' lang='lat' dir='ltr'><strong>iis</strong></span> <span class='ocrx_word' id='word_1_70' title='bbox 1240 1345 1323 1409; x_wconf 89' lang='lat' dir='ltr'><strong>quae</strong></span> <span class='ocrx_word' id='word_1_71' title='bbox 1346 1345 1397 1409; x_wconf 91' lang='lat' dir='ltr'><strong>per</strong></span> 
     </span>
     <span class='ocr_line' id='line_1_10' title="bbox 285 1417 1396 1507; baseline 0.005 -23"><span class='ocrx_word' id='word_1_72' title='bbox 285 1442 319 1484; x_wconf 87' lang='lat' dir='ltr'><strong>se</strong></span> <span class='ocrx_word' id='word_1_73' title='bbox 343 1419 435 1484; x_wconf 91' lang='lat' dir='ltr'><strong>nulla</strong></span> <span class='ocrx_word' id='word_1_74' title='bbox 458 1428 544 1502; x_wconf 91' lang='lat' dir='ltr'><strong>sunt,</strong></span> <span class='ocrx_word' id='word_1_75' title='bbox 568 1418 626 1483; x_wconf 83' lang='lat' dir='ltr'><strong>sed</strong></span> <span class='ocrx_word' id='word_1_76' title='bbox 643 1417 684 1482; x_wconf 92' lang='lat' dir='ltr'><strong>de</strong></span> <span class='ocrx_word' id='word_1_77' title='bbox 708 1419 749 1482; x_wconf 87' lang='lat' dir='ltr'><strong>iis</strong></span> <span class='ocrx_word' id='word_1_78' title='bbox 772 1440 856 1505; x_wconf 84' lang='lat' dir='ltr'><strong>quae</strong></span> <span class='ocrx_word' id='word_1_79' title='bbox 877 1421 1043 1485; x_wconf 89' lang='lat' dir='ltr'><strong>sententia</strong></span> <span class='ocrx_word' id='word_1_80' title='bbox 1051 1420 1177 1507; x_wconf 88' lang='lat' dir='ltr'><strong>judicis</strong></span> <span class='ocrx_word' id='word_1_81' title='bbox 1200 1421 1396 1489; x_wconf 84' lang='lat' dir='ltr'><strong>auferuntur.</strong></span> 
     </span>
     <span class='ocr_line' id='line_1_11' title="bbox 285 1517 883 1603; baseline 0.003 -23"><span class='ocrx_word' id='word_1_82' title='bbox 285 1525 447 1603; x_wconf 90' lang='lat' dir='ltr'><strong>quantum</strong></span> <span class='ocrx_word' id='word_1_83' title='bbox 471 1526 589 1582; x_wconf 86' lang='lat' dir='ltr'><strong>natura</strong></span> <span class='ocrx_word' id='word_1_84' title='bbox 612 1537 726 1581; x_wconf 88' lang='lat' dir='ltr'><strong>eorum</strong></span> <span class='ocrx_word' id='word_1_85' title='bbox 750 1517 883 1602; x_wconf 87' lang='lat' dir='ltr'><strong>patitur.</strong></span> 
     </span>
    </p>
   </div>
   <div class='ocr_carea' id='block_1_3' title="bbox 202 1631 1401 4164">
    <p class='ocr_par' dir='ltr' id='par_1_3' title="bbox 202 1631 1401 4164">
     <span class='ocr_line' id='line_1_12' title="bbox 375 1631 1397 1700; baseline 0.002 -4"><span class='ocrx_word' id='word_1_86' title='bbox 375 1634 428 1698; x_wconf 81' lang='lat'><strong>21.</strong></span> <span class='ocrx_word' id='word_1_87' title='bbox 466 1631 570 1697; x_wconf 89' lang='lat' dir='ltr'><strong>Aliud</strong></span> <span class='ocrx_word' id='word_1_88' title='bbox 592 1631 631 1697; x_wconf 84' lang='lat'><strong>4⁰</strong></span> <span class='ocrx_word' id='word_1_89' title='bbox 659 1640 863 1698; x_wconf 86' lang='lat' dir='ltr'><strong>momentum</strong></span> <span class='ocrx_word' id='word_1_90' title='bbox 892 1631 948 1696; x_wconf 90' lang='lat' dir='ltr'><strong>hic</strong></span> <span class='ocrx_word' id='word_1_91' title='bbox 972 1634 1064 1698; x_wconf 92' lang='lat' dir='ltr'><strong>venit</strong></span> <span class='ocrx_word' id='word_1_92' title='bbox 1093 1636 1238 1698; x_wconf 84' lang='lat' dir='ltr'><strong>maxime</strong></span> <span class='ocrx_word' id='word_1_93' title='bbox 1261 1633 1397 1700; x_wconf 88' lang='lat' dir='ltr'><strong>conside-</strong></span> 
     </span>
     <span class='ocr_line' id='line_1_13' title="bbox 285 1729 1397 1816; baseline 0.003 -23"><span class='ocrx_word' id='word_1_94' title='bbox 285 1729 438 1812; x_wconf 83' lang='lat' dir='ltr'><strong>randum,</strong></span> <span class='ocrx_word' id='word_1_95' title='bbox 463 1729 610 1816; x_wconf 88' lang='lat' dir='ltr'><strong>illudque</strong></span> <span class='ocrx_word' id='word_1_96' title='bbox 625 1731 754 1815; x_wconf 82' lang='lat' dir='ltr'><strong>antiqui</strong></span> <span class='ocrx_word' id='word_1_97' title='bbox 778 1751 877 1816; x_wconf 88' lang='lat' dir='ltr'><strong>saepe</strong></span> <span class='ocrx_word' id='word_1_98' title='bbox 900 1752 980 1816; x_wconf 88' lang='lat' dir='ltr'><strong>prae</strong></span> <span class='ocrx_word' id='word_1_99' title='bbox 995 1729 1100 1796; x_wconf 87' lang='lat' dir='ltr'><strong>oculis</strong></span> <span class='ocrx_word' id='word_1_100' title='bbox 1123 1731 1302 1816; x_wconf 84' lang='lat' dir='ltr'><strong>habebant,</strong></span> <span class='ocrx_word' id='word_1_101' title='bbox 1326 1732 1397 1798; x_wconf 91' lang='lat' dir='ltr'><strong>dum</strong></span> 
     </span>
     <span class='ocr_line' id='line_1_14' title="bbox 286 1825 1398 1916; baseline 0.004 -26"><span class='ocrx_word' id='word_1_102' title='bbox 286 1825 510 1892; x_wconf 78' lang='lat' dir='ltr'><strong>ordinationes</strong></span> <span class='ocrx_word' id='word_1_103' title='bbox 537 1827 668 1892; x_wconf 86' lang='lat' dir='ltr'><strong>illicitas</strong></span> <span class='ocrx_word' id='word_1_104' title='bbox 696 1825 853 1894; x_wconf 88' lang='lat' dir='ltr'><strong>dicebant</strong></span> <span class='ocrx_word' id='word_1_105' title='bbox 876 1829 994 1892; x_wconf 90' lang='lat' dir='ltr'><strong>irritas.</strong></span> <span class='ocrx_word' id='word_1_106' title='bbox 1032 1828 1150 1894; x_wconf 89' lang='lat' dir='ltr'><strong>Irritae</strong></span> <span class='ocrx_word' id='word_1_107' title='bbox 1167 1828 1236 1894; x_wconf 89' lang='lat' dir='ltr'><strong>diei</strong></span> <span class='ocrx_word' id='word_1_108' title='bbox 1260 1839 1398 1916; x_wconf 84' lang='lat' dir='ltr'><strong>possunt</strong></span> 
     </span>
     <span class='ocr_line' id='line_1_15' title="bbox 285 1926 1397 2012; baseline 0.002 -25"><span class='ocrx_word' id='word_1_109' title='bbox 285 1935 449 2010; x_wconf 86' lang='lat' dir='ltr'><strong>quatenus</strong></span> <span class='ocrx_word' id='word_1_110' title='bbox 478 1947 543 1989; x_wconf 89' lang='lat' dir='ltr'><strong>non</strong></span> <span class='ocrx_word' id='word_1_111' title='bbox 572 1926 738 2012; x_wconf 72' lang='lat' dir='ltr'><strong>conferrent</strong></span> <span class='ocrx_word' id='word_1_112' title='bbox 760 1928 898 2012; x_wconf 72' lang='lat' dir='ltr'><strong>pretione</strong></span> <span class='ocrx_word' id='word_1_113' title='bbox 922 1947 1007 2012; x_wconf 90' lang='lat' dir='ltr'><strong>quae</strong></span> <span class='ocrx_word' id='word_1_114' title='bbox 1040 1927 1258 2012; x_wconf 70' lang='lat' dir='ltr'><strong>promittitur,</strong></span> <span class='ocrx_word' id='word_1_115' title='bbox 1292 1927 1397 1993; x_wconf 89' lang='lat' dir='ltr'><strong>videli-</strong></span> 
     </span>
     <span class='ocr_line' id='line_1_16' title="bbox 285 2021 1399 2110; baseline 0.002 -24"><span class='ocrx_word' id='word_1_116' title='bbox 285 2031 339 2086; x_wconf 90' lang='lat' dir='ltr'><strong>cet</strong></span> <span class='ocrx_word' id='word_1_117' title='bbox 369 2021 449 2088; x_wconf 90' lang='lat' dir='ltr'><strong>dum</strong></span> <span class='ocrx_word' id='word_1_118' title='bbox 485 2022 653 2088; x_wconf 88' lang='lat' dir='ltr'><strong>ordinator</strong></span> <span class='ocrx_word' id='word_1_119' title='bbox 690 2022 892 2106; x_wconf 86' lang='lat' dir='ltr'><strong>haereticus,</strong></span> <span class='ocrx_word' id='word_1_120' title='bbox 927 2023 1175 2104; x_wconf 86' lang='lat' dir='ltr'><strong>schismaticus,</strong></span> <span class='ocrx_word' id='word_1_121' title='bbox 1214 2023 1399 2110; x_wconf 79' lang='lat' dir='ltr'><strong>illegitimas</strong></span> 
     </span>
     <span class='ocr_line' id='line_1_17' title="bbox 285 2120 1397 2209; baseline 0.004 -27"><span class='ocrx_word' id='word_1_122' title='bbox 285 2128 344 2204; x_wconf 91' lang='lat' dir='ltr'><strong>est,</strong></span> <span class='ocrx_word' id='word_1_123' title='bbox 369 2130 402 2184; x_wconf 88' lang='lat' dir='ltr'><strong>et</strong></span> <span class='ocrx_word' id='word_1_124' title='bbox 424 2120 628 2186; x_wconf 85' lang='lat' dir='ltr'><strong>ordinandus</strong></span> <span class='ocrx_word' id='word_1_125' title='bbox 652 2120 765 2186; x_wconf 89' lang='lat' dir='ltr'><strong>illicite</strong></span> <span class='ocrx_word' id='word_1_126' title='bbox 789 2120 975 2204; x_wconf 88' lang='lat' dir='ltr'><strong>ordinatur,</strong></span> <span class='ocrx_word' id='word_1_127' title='bbox 1009 2120 1089 2186; x_wconf 88' lang='lat' dir='ltr'><strong>huic</strong></span> <span class='ocrx_word' id='word_1_128' title='bbox 1111 2133 1246 2209; x_wconf 90' lang='lat' dir='ltr'><strong>propter</strong></span> <span class='ocrx_word' id='word_1_129' title='bbox 1277 2122 1397 2187; x_wconf 84' lang='lat' dir='ltr'><strong>obicem</strong></span> 
     </span>
     <span class='ocr_line' id='line_1_18' title="bbox 285 2217 1398 2305; baseline 0.004 -25"><span class='ocrx_word' id='word_1_130' title='bbox 285 2219 414 2302; x_wconf 90' lang='lat' dir='ltr'><strong>peccati</strong></span> <span class='ocrx_word' id='word_1_131' title='bbox 435 2240 502 2283; x_wconf 91' lang='lat' dir='ltr'><strong>non</strong></span> <span class='ocrx_word' id='word_1_132' title='bbox 528 2217 695 2283; x_wconf 86' lang='lat' dir='ltr'><strong>confertur</strong></span> <span class='ocrx_word' id='word_1_133' title='bbox 715 2220 832 2303; x_wconf 85' lang='lat' dir='ltr'><strong>gratia,</strong></span> <span class='ocrx_word' id='word_1_134' title='bbox 857 2221 1011 2305; x_wconf 85' lang='lat' dir='ltr'><strong>quamvis</strong></span> <span class='ocrx_word' id='word_1_135' title='bbox 1032 2219 1159 2284; x_wconf 90' lang='lat' dir='ltr'><strong>nudum</strong></span> <span class='ocrx_word' id='word_1_136' title='bbox 1182 2218 1398 2286; x_wconf 88' lang='lat' dir='ltr'><strong>characterem</strong></span> 
     </span>
     <span class='ocr_line' id='line_1_19' title="bbox 286 2315 1398 2403; baseline 0.004 -25"><span class='ocrx_word' id='word_1_137' title='bbox 286 2315 435 2400; x_wconf 88' lang='lat' dir='ltr'><strong>recipiat.</strong></span> <span class='ocrx_word' id='word_1_138' title='bbox 483 2315 590 2401; x_wconf 85' lang='lat' dir='ltr'><strong>Culpa</strong></span> <span class='ocrx_word' id='word_1_139' title='bbox 612 2317 810 2403; x_wconf 82' lang='lat' dir='ltr'><strong>supponitur</strong></span> <span class='ocrx_word' id='word_1_140' title='bbox 840 2327 911 2382; x_wconf 89' lang='lat' dir='ltr'><strong>tum</strong></span> <span class='ocrx_word' id='word_1_141' title='bbox 943 2318 977 2382; x_wconf 92' lang='lat' dir='ltr'><strong>in</strong></span> <span class='ocrx_word' id='word_1_142' title='bbox 1009 2317 1183 2382; x_wconf 88' lang='lat' dir='ltr'><strong>ordinante</strong></span> <span class='ocrx_word' id='word_1_143' title='bbox 1206 2327 1277 2383; x_wconf 90' lang='lat' dir='ltr'><strong>tum</strong></span> <span class='ocrx_word' id='word_1_144' title='bbox 1302 2321 1336 2384; x_wconf 92' lang='lat' dir='ltr'><strong>in</strong></span> <span class='ocrx_word' id='word_1_145' title='bbox 1359 2341 1398 2382; x_wconf 88' lang='lat' dir='ltr'><strong>or·</strong></span> 
     </span>
     <span class='ocr_line' id='line_1_20' title="bbox 285 2411 1400 2500; baseline 0.003 -25"><span class='ocrx_word' id='word_1_146' title='bbox 285 2411 409 2478; x_wconf 90' lang='lat' dir='ltr'><strong>dinato.</strong></span> <span class='ocrx_word' id='word_1_147' title='bbox 456 2413 562 2500; x_wconf 90' lang='lat' dir='ltr'><strong>Saepe</strong></span> <span class='ocrx_word' id='word_1_148' title='bbox 592 2413 789 2492; x_wconf 91' lang='lat' dir='ltr'><strong>inculcatur,</strong></span> <span class='ocrx_word' id='word_1_149' title='bbox 824 2415 966 2500; x_wconf 84' lang='lat' dir='ltr'><strong>Spiritus</strong></span> <span class='ocrx_word' id='word_1_150' title='bbox 994 2415 1098 2480; x_wconf 91' lang='lat' dir='ltr'><strong>sancti</strong></span> <span class='ocrx_word' id='word_1_151' title='bbox 1128 2417 1269 2499; x_wconf 81' lang='lat' dir='ltr'><strong>gratiam</strong></span> <span class='ocrx_word' id='word_1_152' title='bbox 1304 2419 1339 2480; x_wconf 92' lang='lat' dir='ltr'><strong>in</strong></span> <span class='ocrx_word' id='word_1_153' title='bbox 1371 2415 1400 2479; x_wconf 93' lang='lat' dir='ltr'><strong>il·</strong></span> 
     </span>
     <span class='ocr_line' id='line_1_21' title="bbox 202 2509 1399 2596; baseline 0.001 -22"><span class='ocrx_word' id='word_1_154' title='bbox 202 2544 206 2555; x_wconf 82' lang='lat'><em>·</em></span> <span class='ocrx_word' id='word_1_155' title='bbox 285 2509 434 2596; x_wconf 87' lang='lat' dir='ltr'><strong>legitima</strong></span> <span class='ocrx_word' id='word_1_156' title='bbox 457 2512 510 2577; x_wconf 89' lang='lat' dir='ltr'><strong>vel</strong></span> <span class='ocrx_word' id='word_1_157' title='bbox 535 2513 717 2576; x_wconf 86' lang='lat' dir='ltr'><strong>simoniaca</strong></span> <span class='ocrx_word' id='word_1_158' title='bbox 741 2512 948 2577; x_wconf 88' lang='lat' dir='ltr'><strong>ordinatione</strong></span> <span class='ocrx_word' id='word_1_159' title='bbox 973 2534 1040 2578; x_wconf 92' lang='lat' dir='ltr'><strong>non</strong></span> <span class='ocrx_word' id='word_1_160' title='bbox 1064 2513 1219 2594; x_wconf 73' lang='lat' dir='ltr'><strong>conferri,</strong></span> <span class='ocrx_word' id='word_1_161' title='bbox 1251 2511 1399 2578; x_wconf 85' lang='lat' dir='ltr'><strong>ordinati-</strong></span> 
     </span>
     <span class='ocr_line' id='line_1_22' title="bbox 285 2608 1400 2698; baseline 0.001 -26"><span class='ocrx_word' id='word_1_162' title='bbox 285 2629 365 2672; x_wconf 89' lang='lat' dir='ltr'><strong>ones</strong></span> <span class='ocrx_word' id='word_1_163' title='bbox 389 2608 471 2673; x_wconf 87' lang='lat' dir='ltr'><strong>tales</strong></span> <span class='ocrx_word' id='word_1_164' title='bbox 501 2630 570 2674; x_wconf 87' lang='lat' dir='ltr'><strong>esse</strong></span> <span class='ocrx_word' id='word_1_165' title='bbox 603 2610 723 2674; x_wconf 85' lang='lat' dir='ltr'><strong>effectu</strong></span> <span class='ocrx_word' id='word_1_166' title='bbox 756 2609 906 2697; x_wconf 82' lang='lat' dir='ltr'><strong>(gratiae)</strong></span> <span class='ocrx_word' id='word_1_167' title='bbox 939 2619 1105 2693; x_wconf 62' lang='lat' dir='ltr'><strong>carentem</strong></span> <span class='ocrx_word' id='word_1_168' title='bbox 1138 2609 1253 2697; x_wconf 89' lang='lat' dir='ltr'><strong>illique</strong></span> <span class='ocrx_word' id='word_1_169' title='bbox 1286 2611 1400 2698; x_wconf 79' lang='lat' dir='ltr'><strong>quibus</strong></span> 
     </span>
     <span class='ocr_line' id='line_1_23' title="bbox 284 2706 1400 2792; baseline -0.001 -22"><span class='ocrx_word' id='word_1_170' title='bbox 284 2707 393 2790; x_wconf 87' lang='lat' dir='ltr'><strong>gratia</strong></span> <span class='ocrx_word' id='word_1_171' title='bbox 417 2709 588 2772; x_wconf 88' lang='lat' dir='ltr'><strong>ministerii</strong></span> <span class='ocrx_word' id='word_1_172' title='bbox 615 2707 742 2792; x_wconf 86' lang='lat' dir='ltr'><strong>deerat,</strong></span> <span class='ocrx_word' id='word_1_173' title='bbox 775 2731 795 2772; x_wconf 89' lang='lat' dir='ltr'><strong>a</strong></span> <span class='ocrx_word' id='word_1_174' title='bbox 818 2706 974 2772; x_wconf 88' lang='lat' dir='ltr'><strong>Patribus</strong></span> <span class='ocrx_word' id='word_1_175' title='bbox 1006 2707 1205 2774; x_wconf 88' lang='lat' dir='ltr'><strong>dicebantur</strong></span> <span class='ocrx_word' id='word_1_176' title='bbox 1236 2729 1305 2772; x_wconf 90' lang='lat' dir='ltr'><strong>non</strong></span> <span class='ocrx_word' id='word_1_177' title='bbox 1338 2729 1400 2772; x_wconf 57' lang='lat' dir='ltr'><strong>esse*</strong></span> 
     </span>
     <span class='ocr_line' id='line_1_24' title="bbox 285 2802 1399 2892; baseline 0 -24"><span class='ocrx_word' id='word_1_178' title='bbox 285 2802 470 2890; x_wconf 78' lang='lat' dir='ltr'><strong>presbyteri</strong></span> <span class='ocrx_word' id='word_1_179' title='bbox 501 2804 553 2869; x_wconf 90' lang='lat' dir='ltr'><strong>vel</strong></span> <span class='ocrx_word' id='word_1_180' title='bbox 584 2806 741 2891; x_wconf 84' lang='lat' dir='ltr'><strong>episcopi.</strong></span> <span class='ocrx_word' id='word_1_181' title='bbox 788 2805 827 2870; x_wconf 90' lang='lat' dir='ltr'><strong>In</strong></span> <span class='ocrx_word' id='word_1_182' title='bbox 852 2827 913 2869; x_wconf 88' lang='lat' dir='ltr'><strong>usu</strong></span> <span class='ocrx_word' id='word_1_183' title='bbox 938 2814 1007 2870; x_wconf 85' lang='lat' dir='ltr'><strong>erat</strong></span> <span class='ocrx_word' id='word_1_184' title='bbox 1024 2805 1085 2872; x_wconf 85' lang='lat' dir='ltr'><strong>sub</strong></span> <span class='ocrx_word' id='word_1_185' title='bbox 1110 2805 1172 2870; x_wconf 90' lang='lat' dir='ltr'><strong>hoc</strong></span> <span class='ocrx_word' id='word_1_186' title='bbox 1195 2815 1349 2892; x_wconf 86' lang='lat' dir='ltr'><strong>respectu</strong></span> <span class='ocrx_word' id='word_1_187' title='bbox 1371 2805 1399 2868; x_wconf 92' lang='lat' dir='ltr'><strong>il·</strong></span> 
     </span>
     <span class='ocr_line' id='line_1_25' title="bbox 285 2901 1399 2990; baseline -0.001 -24"><span class='ocrx_word' id='word_1_188' title='bbox 285 2901 343 2967; x_wconf 89' lang='lat' dir='ltr'><strong>lud</strong></span> <span class='ocrx_word' id='word_1_189' title='bbox 368 2925 392 2966; x_wconf 91' lang='lat' dir='ltr'><strong>s.</strong></span> <span class='ocrx_word' id='word_1_190' title='bbox 408 2901 621 2988; x_wconf 87' lang='lat' dir='ltr'><strong>Hieronymi:</strong></span> <span class='ocrx_word' id='word_1_191' title='bbox 649 2903 724 2968; x_wconf 90' lang='lat' dir='ltr'><strong>Non</strong></span> <span class='ocrx_word' id='word_1_192' title='bbox 748 2927 852 2968; x_wconf 81' lang='lat' dir='ltr'><strong>omnes</strong></span> <span class='ocrx_word' id='word_1_193' title='bbox 876 2905 1015 2990; x_wconf 77' lang='lat' dir='ltr'><strong>epiceopi</strong></span> <span class='ocrx_word' id='word_1_194' title='bbox 1038 2914 1111 2968; x_wconf 83' lang='lat' dir='ltr'><strong>sant</strong></span> <span class='ocrx_word' id='word_1_195' title='bbox 1133 2903 1318 2990; x_wconf 79' lang='lat' dir='ltr'><strong>episeopi.¹)</strong></span> <span class='ocrx_word' id='word_1_196' title='bbox 1348 2903 1399 2966; x_wconf 83' lang='lat' dir='ltr'><strong>lla·</strong></span> 
     </span>
     <span class='ocr_line' id='line_1_26' title="bbox 286 2999 1401 3088; baseline -0.001 -25"><span class='ocrx_word' id='word_1_197' title='bbox 286 3001 375 3064; x_wconf 91' lang='lat' dir='ltr'><strong>tione</strong></span> <span class='ocrx_word' id='word_1_198' title='bbox 398 3003 523 3086; x_wconf 84' lang='lat' dir='ltr'><strong>gratiae</strong></span> <span class='ocrx_word' id='word_1_199' title='bbox 547 3021 612 3064; x_wconf 92' lang='lat' dir='ltr'><strong>non</strong></span> <span class='ocrx_word' id='word_1_200' title='bbox 637 3000 789 3084; x_wconf 88' lang='lat' dir='ltr'><strong>collatae,</strong></span> <span class='ocrx_word' id='word_1_201' title='bbox 821 3003 1036 3086; x_wconf 87' lang='lat' dir='ltr'><strong>gravissimae</strong></span> <span class='ocrx_word' id='word_1_202' title='bbox 1068 2999 1185 3088; x_wconf 88' lang='lat' dir='ltr'><strong>culpae</strong></span> <span class='ocrx_word' id='word_1_203' title='bbox 1209 3001 1401 3066; x_wconf 85' lang='lat' dir='ltr'><strong>ordinatoris</strong></span> 
     </span>
     <span class='ocr_line' id='line_1_27' title="bbox 284 3096 1399 3186; baseline 0 -24"><span class='ocrx_word' id='word_1_204' title='bbox 284 3108 319 3162; x_wconf 89' lang='lat' dir='ltr'><strong>et</strong></span> <span class='ocrx_word' id='word_1_205' title='bbox 349 3098 501 3180; x_wconf 85' lang='lat' dir='ltr'><strong>ordinati,</strong></span> <span class='ocrx_word' id='word_1_206' title='bbox 535 3096 658 3162; x_wconf 87' lang='lat' dir='ltr'><strong>abusus</strong></span> <span class='ocrx_word' id='word_1_207' title='bbox 690 3097 821 3180; x_wconf 81' lang='lat' dir='ltr'><strong>funesti,</strong></span> <span class='ocrx_word' id='word_1_208' title='bbox 854 3097 1019 3180; x_wconf 86' lang='lat' dir='ltr'><strong>scandali,</strong></span> <span class='ocrx_word' id='word_1_209' title='bbox 1050 3099 1227 3164; x_wconf 86' lang='lat' dir='ltr'><strong>effectuum</strong></span> <span class='ocrx_word' id='word_1_210' title='bbox 1251 3098 1399 3186; x_wconf 82' lang='lat' dir='ltr'><strong>lugendo·</strong></span> 
     </span>
     <span class='ocr_line' id='line_1_28' title="bbox 285 3193 1398 3283; baseline 0 -23"><span class='ocrx_word' id='word_1_211' title='bbox 285 3218 359 3261; x_wconf 86' lang='lat' dir='ltr'><strong>rum</strong></span> <span class='ocrx_word' id='word_1_212' title='bbox 383 3196 489 3283; x_wconf 87' lang='lat' dir='ltr'><strong>qualis</strong></span> <span class='ocrx_word' id='word_1_213' title='bbox 522 3207 592 3262; x_wconf 88' lang='lat' dir='ltr'><strong>erat</strong></span> <span class='ocrx_word' id='word_1_214' title='bbox 615 3218 647 3262; x_wconf 81' lang='lat' dir='ltr'><strong>v.</strong></span> <span class='ocrx_word' id='word_1_215' title='bbox 671 3218 703 3281; x_wconf 87' lang='lat' dir='ltr'><strong>g.</strong></span> <span class='ocrx_word' id='word_1_216' title='bbox 737 3197 941 3262; x_wconf 89' lang='lat' dir='ltr'><strong>continuatio</strong></span> <span class='ocrx_word' id='word_1_217' title='bbox 976 3193 1178 3279; x_wconf 87' lang='lat' dir='ltr'><strong>schismatis,</strong></span> <span class='ocrx_word' id='word_1_218' title='bbox 1203 3197 1320 3262; x_wconf 87' lang='lat' dir='ltr'><strong>Patres</strong></span> <span class='ocrx_word' id='word_1_219' title='bbox 1353 3197 1398 3262; x_wconf 88' lang='lat' dir='ltr'><strong>ab·</strong></span> 
     </span>
     <span class='ocr_line' id='line_1_29' title="bbox 285 3292 1399 3382; baseline -0.001 -24"><span class='ocrx_word' id='word_1_220' title='bbox 285 3293 465 3382; x_wconf 87' lang='lat' dir='ltr'><strong>horrebant</strong></span> <span class='ocrx_word' id='word_1_221' title='bbox 487 3295 602 3359; x_wconf 88' lang='lat' dir='ltr'><strong>merito</strong></span> <span class='ocrx_word' id='word_1_222' title='bbox 627 3293 668 3359; x_wconf 88' lang='lat' dir='ltr'><strong>ab</strong></span> <span class='ocrx_word' id='word_1_223' title='bbox 693 3293 855 3381; x_wconf 88' lang='lat' dir='ltr'><strong>ejusmodi</strong></span> <span class='ocrx_word' id='word_1_224' title='bbox 877 3292 1151 3380; x_wconf 88' lang='lat' dir='ltr'><strong>ordinationibus,</strong></span> <span class='ocrx_word' id='word_1_225' title='bbox 1175 3317 1298 3382; x_wconf 87' lang='lat' dir='ltr'><strong>easque</strong></span> <span class='ocrx_word' id='word_1_226' title='bbox 1323 3295 1399 3360; x_wconf 86' lang='lat' dir='ltr'><strong>dice-</strong></span> 
     </span>
     <span class='ocr_line' id='line_1_30' title="bbox 286 3389 1398 3479; baseline -0.004 -23"><span class='ocrx_word' id='word_1_227' title='bbox 286 3389 368 3456; x_wconf 86' lang='lat' dir='ltr'><strong>bant</strong></span> <span class='ocrx_word' id='word_1_228' title='bbox 390 3390 646 3471; x_wconf 78' lang='lat' dir='ltr'><strong>vulnerationem,</strong></span> <span class='ocrx_word' id='word_1_229' title='bbox 670 3391 914 3474; x_wconf 79' lang='lat' dir='ltr'><strong>damnationem,</strong></span> <span class='ocrx_word' id='word_1_230' title='bbox 946 3394 1201 3475; x_wconf 74' lang='lat' dir='ltr'><strong>exsecrationem,</strong></span> <span class='ocrx_word' id='word_1_231' title='bbox 1220 3393 1398 3479; x_wconf 80' lang='lat' dir='ltr'><strong>pudendam</strong></span> 
     </span>
     <span class='ocr_line' id='line_1_31' title="bbox 283 3488 1398 3576; baseline 0.001 -24"><span class='ocrx_word' id='word_1_232' title='bbox 283 3491 319 3552; x_wconf 83' lang='lat' dir='ltr'><strong>in</strong></span> <span class='ocrx_word' id='word_1_233' title='bbox 352 3488 506 3554; x_wconf 79' lang='lat' dir='ltr'><strong>dioieione</strong></span> <span class='ocrx_word' id='word_1_234' title='bbox 537 3491 696 3576; x_wconf 83' lang='lat' dir='ltr'><strong>rapinam.</strong></span> <span class='ocrx_word' id='word_1_235' title='bbox 721 3529 764 3538; x_wconf 93' lang='lat'><em>-</em></span> <span class='ocrx_word' id='word_1_236' title='bbox 787 3489 973 3576; x_wconf 82' lang='lat' dir='ltr'><strong>Episcopus</strong></span> <span class='ocrx_word' id='word_1_237' title='bbox 989 3489 1219 3555; x_wconf 89' lang='lat' dir='ltr'><strong>schismaticus</strong></span> <span class='ocrx_word' id='word_1_238' title='bbox 1242 3490 1297 3555; x_wconf 81' lang='lat' dir='ltr'><strong>vel</strong></span> <span class='ocrx_word' id='word_1_239' title='bbox 1332 3490 1398 3556; x_wconf 87' lang='lat' dir='ltr'><strong>hae-</strong></span> 
     </span>
     <span class='ocr_line' id='line_1_32' title="bbox 285 3585 1396 3676; baseline 0.003 -27"><span class='ocrx_word' id='word_1_240' title='bbox 285 3585 407 3650; x_wconf 86' lang='lat' dir='ltr'><strong>reticus</strong></span> <span class='ocrx_word' id='word_1_241' title='bbox 438 3590 591 3673; x_wconf 85' lang='lat' dir='ltr'><strong>quamvis</strong></span> <span class='ocrx_word' id='word_1_242' title='bbox 624 3587 849 3653; x_wconf 88' lang='lat' dir='ltr'><strong>characterem</strong></span> <span class='ocrx_word' id='word_1_243' title='bbox 882 3586 1017 3670; x_wconf 88' lang='lat' dir='ltr'><strong>habeat,</strong></span> <span class='ocrx_word' id='word_1_244' title='bbox 1046 3596 1168 3670; x_wconf 91' lang='lat' dir='ltr'><strong>tamen,</strong></span> <span class='ocrx_word' id='word_1_245' title='bbox 1193 3611 1296 3676; x_wconf 90' lang='lat' dir='ltr'><strong>quum</strong></span> <span class='ocrx_word' id='word_1_246' title='bbox 1314 3601 1396 3653; x_wconf 82' lang='lat' dir='ltr'><strong>extra</strong></span> 
     </span>
     <span class='ocr_line' id='line_1_33' title="bbox 285 3682 1397 3771; baseline 0.002 -25"><span class='ocrx_word' id='word_1_247' title='bbox 285 3682 470 3748; x_wconf 86' lang='lat' dir='ltr'><strong>Ecclesiam</strong></span> <span class='ocrx_word' id='word_1_248' title='bbox 495 3687 621 3771; x_wconf 87' lang='lat' dir='ltr'><strong>positus</strong></span> <span class='ocrx_word' id='word_1_249' title='bbox 639 3687 681 3750; x_wconf 89' lang='lat' dir='ltr'><strong>sit</strong></span> <span class='ocrx_word' id='word_1_250' title='bbox 703 3707 765 3751; x_wconf 90' lang='lat' dir='ltr'><strong>nec</strong></span> <span class='ocrx_word' id='word_1_251' title='bbox 780 3684 901 3750; x_wconf 88' lang='lat' dir='ltr'><strong>habeat</strong></span> <span class='ocrx_word' id='word_1_252' title='bbox 919 3685 976 3771; x_wconf 90' lang='lat' dir='ltr'><strong>jus</strong></span> <span class='ocrx_word' id='word_1_253' title='bbox 990 3695 1185 3771; x_wconf 88' lang='lat' dir='ltr'><strong>potestatem</strong></span> <span class='ocrx_word' id='word_1_254' title='bbox 1202 3709 1297 3752; x_wconf 88' lang='lat' dir='ltr'><strong>suam</strong></span> <span class='ocrx_word' id='word_1_255' title='bbox 1317 3709 1397 3752; x_wconf 83' lang='lat' dir='ltr'><strong>exer-</strong></span> 
     </span>
     <span class='ocr_line' id='line_1_34' title="bbox 285 3781 1396 3871; baseline 0 -25"><span class='ocrx_word' id='word_1_256' title='bbox 285 3781 397 3865; x_wconf 90' lang='lat' dir='ltr'><strong>cendi,</strong></span> <span class='ocrx_word' id='word_1_257' title='bbox 434 3804 500 3849; x_wconf 92' lang='lat' dir='ltr'><strong>non</strong></span> <span class='ocrx_word' id='word_1_258' title='bbox 532 3793 580 3849; x_wconf 91' lang='lat' dir='ltr'><strong>est</strong></span> <span class='ocrx_word' id='word_1_259' title='bbox 618 3806 696 3849; x_wconf 90' lang='lat' dir='ltr'><strong>vero</strong></span> <span class='ocrx_word' id='word_1_260' title='bbox 729 3806 768 3849; x_wconf 85' lang='lat' dir='ltr'><strong>ac</strong></span> <span class='ocrx_word' id='word_1_261' title='bbox 804 3783 937 3871; x_wconf 87' lang='lat' dir='ltr'><strong>proprio</strong></span> <span class='ocrx_word' id='word_1_262' title='bbox 971 3805 1068 3848; x_wconf 85' lang='lat' dir='ltr'><strong>sensu</strong></span> <span class='ocrx_word' id='word_1_263' title='bbox 1099 3785 1285 3870; x_wconf 89' lang='lat' dir='ltr'><strong>episcopus.</strong></span> <span class='ocrx_word' id='word_1_264' title='bbox 1336 3785 1396 3848; x_wconf 76' lang='lat' dir='ltr'><strong>b&#39;er</strong></span> 
     </span>
     <span class='ocr_line' id='line_1_35' title="bbox 285 3881 1396 3970; baseline 0.001 -27"><span class='ocrx_word' id='word_1_265' title='bbox 285 3889 393 3966; x_wconf 90' lang='lat' dir='ltr'><strong>potest</strong></span> <span class='ocrx_word' id='word_1_266' title='bbox 430 3885 675 3948; x_wconf 85' lang='lat' dir='ltr'><strong>communicare</strong></span> <span class='ocrx_word' id='word_1_267' title='bbox 717 3890 909 3970; x_wconf 86' lang='lat' dir='ltr'><strong>potestatem</strong></span> <span class='ocrx_word' id='word_1_268' title='bbox 953 3883 1102 3946; x_wconf 88' lang='lat' dir='ltr'><strong>exercitii</strong></span> <span class='ocrx_word' id='word_1_269' title='bbox 1144 3881 1269 3946; x_wconf 89' lang='lat' dir='ltr'><strong>ordinis</strong></span> <span class='ocrx_word' id='word_1_270' title='bbox 1307 3901 1396 3969; x_wconf 89' lang='lat' dir='ltr'><strong>quem</strong></span> 
     </span>
     <span class='ocr_line' id='line_1_36' title="bbox 286 3976 1395 4066; baseline -0.001 -25"><span class='ocrx_word' id='word_1_271' title='bbox 286 3976 429 4063; x_wconf 85' lang='lat' dir='ltr'><strong>confert,</strong></span> <span class='ocrx_word' id='word_1_272' title='bbox 463 4003 538 4044; x_wconf 90' lang='lat' dir='ltr'><strong>cum</strong></span> <span class='ocrx_word' id='word_1_273' title='bbox 561 4003 601 4045; x_wconf 92' lang='lat' dir='ltr'><strong>ne</strong></span> <span class='ocrx_word' id='word_1_274' title='bbox 633 3981 702 4066; x_wconf 88' lang='lat' dir='ltr'><strong>ipse</strong></span> <span class='ocrx_word' id='word_1_275' title='bbox 736 3979 870 4066; x_wconf 90' lang='lat' dir='ltr'><strong>quidem</strong></span> <span class='ocrx_word' id='word_1_276' title='bbox 895 3978 960 4044; x_wconf 86' lang='lat' dir='ltr'><strong>tale</strong></span> <span class='ocrx_word' id='word_1_277' title='bbox 978 3979 1036 4065; x_wconf 86' lang='lat' dir='ltr'><strong>jus</strong></span> <span class='ocrx_word' id='word_1_278' title='bbox 1057 3978 1189 4044; x_wconf 86' lang='lat' dir='ltr'><strong>hebeat.</strong></span> <span class='ocrx_word' id='word_1_279' title='bbox 1234 3979 1284 4044; x_wconf 81' lang='lat' dir='ltr'><strong>Eo</strong></span> <span class='ocrx_word' id='word_1_280' title='bbox 1308 4001 1395 4045; x_wconf 81' lang='lat' dir='ltr'><strong>sensu</strong></span> 
     </span>
     <span class='ocr_line' id='line_1_37' title="bbox 286 4076 1394 4164; baseline -0.001 -24"><span class='ocrx_word' id='word_1_281' title='bbox 286 4077 386 4158; x_wconf 78' lang='lat' dir='ltr'><strong>igitur</strong></span> <span class='ocrx_word' id='word_1_282' title='bbox 419 4076 460 4142; x_wconf 89' lang='lat' dir='ltr'><strong>de</strong></span> <span class='ocrx_word' id='word_1_283' title='bbox 497 4101 543 4154; x_wconf 86' lang='lat' dir='ltr'><strong>eo¹</strong></span> <span class='ocrx_word' id='word_1_284' title='bbox 567 4079 633 4143; x_wconf 90' lang='lat' dir='ltr'><strong>dici</strong></span> <span class='ocrx_word' id='word_1_285' title='bbox 661 4088 783 4164; x_wconf 86' lang='lat' dir='ltr'><strong>potest:</strong></span> <span class='ocrx_word' id='word_1_286' title='bbox 822 4077 892 4142; x_wconf 85' lang='lat' dir='ltr'><strong>Dat</strong></span> <span class='ocrx_word' id='word_1_287' title='bbox 918 4077 1002 4164; x_wconf 81' lang='lat' dir='ltr'><strong>quod</strong></span> <span class='ocrx_word' id='word_1_288' title='bbox 1031 4099 1094 4143; x_wconf 84' lang='lat' dir='ltr'><strong>non</strong></span> <span class='ocrx_word' id='word_1_289' title='bbox 1123 4078 1233 4158; x_wconf 53' lang='lat' dir='ltr'><strong>lobea·</strong></span> <span class='ocrx_word' id='word_1_290' title='bbox 1265 4077 1319 4142; x_wconf 85' lang='lat' dir='ltr'><strong>vel</strong></span> <span class='ocrx_word' id='word_1_291' title='bbox 1347 4077 1394 4142; x_wconf 76' lang='lat' dir='ltr'><strong>det</strong></span> 
     </span>
    </p>
   </div>
   <div class='ocr_carea' id='block_1_4' title="bbox 288 4221 479 4229">
    <p class='ocr_par' dir='ltr' id='par_1_4' title="bbox 288 4221 479 4229">
     <span class='ocr_line' id='line_1_38' title="bbox 288 4221 479 4229; baseline 0 -1"><span class='ocrx_word' id='word_1_292' title='bbox 288 4221 479 4229; x_wconf 53' lang='lat' dir='ltr'>offla—2</span> 
     </span>
    </p>
   </div>
   <div class='ocr_carea' id='block_1_5' title="bbox 360 4271 694 4340">
    <p class='ocr_par' dir='ltr' id='par_1_5' title="bbox 360 4271 694 4340">
     <span class='ocr_line' id='line_1_39' title="bbox 360 4271 694 4340; baseline 0 -14"><span class='ocrx_word' id='word_1_293' title='bbox 360 4271 382 4338; x_wconf 87' lang='lat'><strong>¹)</strong></span> <span class='ocrx_word' id='word_1_294' title='bbox 401 4271 488 4340; x_wconf 82' lang='lat' dir='ltr'><strong>Epist.</strong></span> <span class='ocrx_word' id='word_1_295' title='bbox 507 4273 541 4326; x_wconf 91' lang='lat' dir='ltr'><strong>ad</strong></span> <span class='ocrx_word' id='word_1_296' title='bbox 560 4273 694 4326; x_wconf 88' lang='lat' dir='ltr'><strong>Heliodor.</strong></span> 
     </span>
    </p>
   </div>
   <div class='ocr_carea' id='block_1_6' title="bbox 0 0 1468 4832">
    <p class='ocr_par' dir='ltr' id='par_1_6' title="bbox 0 0 1468 4832">
     <span class='ocr_line' id='line_1_40' title="bbox 0 0 1468 4832; baseline 0 0"><span class='ocrx_word' id='word_1_297' title='bbox 0 0 1468 4832; x_wconf 95' lang='lat' dir='ltr'><strong> </strong></span> 
     </span>
    </p>
   </div>
  </div>
 </body>
</html>
