2922 4832
473 496 585 566 Imperii
603 497 715 553 iudolcs.
1103 495 1155 550 149

54 640 246 705 consessione
279 640 321 705 ab
346 640 518 705 Hadriano
542 640 704 706 Pontifice
738 637 855 705 Oarolo
880 639 924 703 M.
956 640 1043 704 faeta
1072 639 1154 704 falso

56 737 201 820 dicuntur,
221 739 294 824 jam
316 747 464 824 tempore
488 737 620 803 Ottonis
643 738 784 824 proferri
808 733 995 823 potuisse.¹)

129 853 178 918 50.
216 853 335 919 OttoI
365 853 503 940 ejusque
533 875 738 919 successores
768 853 867 917 etiam
896 853 931 916 In
955 854 1155 917 creationem
1164 861 1259 902 ¹¹¹fl¹²¹¹¹¹
1284 859 1327 900 ¹³¹·

55 950 307 1037 subsequentium
330 950 531 1015 Pontificum
560 971 778 1036 permagnum
809 949 974 1015 influxum
1003 922 1309 1016 1111111111·”’Ιιοηιιιι

54 1057 132 1130 runt,
161 1057 193 1112 et
216 1051 446 1134 episcoporum
470 1059 568 1134 atque
593 1047 753 1113 abbatum
777 1046 894 1112 electio
917 1049 952 1112 in
976 1045 1156 1112 Germania

54 1155 80 1207 et
99 1145 188 1210 Italia
219 1148 368 1210 maxima
390 1153 483 1231 parte
513 1168 556 1210 ex
579 1145 643 1210 illis
666 1144 843 1232 pendebat.
891 1145 1054 1226 Quamvis
1078 1167 1156 1210 vero

53 1242 302 1326 praedomiuium
327 1265 439 1307 eorum
464 1245 499 1307 in
522 1267 574 1308 res
598 1244 839 1309 ecclesiasticas
862 1246 1036 1330 principiis
1058 1244 1157 1308 rectis

53 1338 129 1403 haud
151 1349 237 1405 esset
260 1351 528 1424 consentaneum,
555 1343 648 1406 initio
673 1351 784 1406 tamen
808 1365 850 1406 ex
872 1341 925 1405 his
949 1344 1077 1406 minora
1096 1342 1157 1406 Ec-

52 1436 139 1502 clesia
152 1461 251 1524 passa
262 1449 310 1504 est
334 1439 543 1522 detrimenta,
568 1462 607 1504 eo
621 1438 709 1527 quod
720 1439 914 1526 plerumque
925 1438 1002 1504 Otto
1015 1439 1060 1504 M.
1074 1440 1158 1526 ejus-

52 1557 106 1621 que
126 1559 349 1619 successores,
381 1537 599 1624 Imperatores
623 1538 664 1602 de
687 1536 857 1602 Ecclesiae
885 1535 971 1601 bono
996 1539 1074 1602 satis
1098 1536 1157 1601 sol-

51 1632 137 1717 liciti,
170 1635 283 1720 dignis
310 1637 392 1699 viris
421 1657 559 1700 munera
589 1635 814 1700 ecelesiastica
837 1635 1031 1700 conferrent.
1079 1633 1158 1700 Gar-

52 1735 159 1814 mania,
193 1743 232 1796 ut
262 1733 408 1798 advertit
438 1735 473 1797 in
506 1732 694 1798 Annalibus
723 1731 840 1797 Italiae
870 1731 1047 1816 Muratori,
1077 1743 1159 1797 tunc

50 1829 233 1896 abundabat
263 1833 385 1896 sanctis
417 1831 582 1917 episeopis
612 1841 645 1894 et
666 1829 857 1911 abbatibus,
890 1838 989 1916 atque
1019 1831 1054 1894 in
1087 1832 1160 1916 ipsa

50 1927 164 1992 familia
187 1928 403 2015 Imperatoris
425 1929 536 2015 plures
552 1929 685 1993 fuerunt
707 1927 761 1992 vel
777 1929 960 2010 sanctitate,
985 1929 1033 1992 uti
1050 1951 1075 1992 s.
1091 1929 1159 1993 Ma-

49 2024 162 2108 thildis,
188 2037 296 2090 mater
310 2025 451 2109 Ottonis,
476 2035 509 2090 et
531 2051 556 2091 s.
580 2026 776 2090 Adelheidis
800 2027 871 2112 ejus
887 2047 981 2106 uxor,
1006 2049 1031 2090 s.
1045 2027 1159 2091 Bruno

49 2123 111 2207 ejus
132 2125 244 2206 frater,
269 2122 323 2188 vel
348 2123 528 2189 virtutibus
552 2126 693 2209 egregiis
716 2124 872 2208 insignes.
903 2122 944 2187 In
968 2123 1065 2188 Italia
1080 2145 1159 2188 vero

48 2231 76 2283 et
96 2224 194 2286 etiam
220 2222 255 2286 in
279 2220 389 2287 Gallia
407 2222 478 2307 jam
510 2232 592 2286 tunc
616 2222 657 2286 cb
690 2220 888 2306 multiplices
918 2220 1032 2285 turbas
1055 2221 1160 2306 politi-

49 2339 97 2382 cas
118 2318 298 2406 disciplina
328 2319 553 2383 ecclesiastica
584 2319 782 2384 detrimenta
810 2341 909 2405 passa
931 2329 1001 2383 erat
1025 2319 1159 2406 majora.

49 2453 80 2464 -
107 2417 306 2483 Dominium
330 2439 426 2502 porro
450 2417 691 2502 Imperatorum
715 2419 853 2481 istorum
869 2418 904 2480 in
920 2417 1040 2482 Sedem
1055 2417 1160 2503 Apos-

46 2513 169 2580 tolicam
194 2517 295 2579 etiam
320 2517 431 2579 minus
453 2514 674 2598 sentiebatur,
704 2514 746 2580 ob
770 2513 955 2579 absentiam
979 2536 1093 2580 eorum
1117 2515 1160 2580 ab

46 2611 119 2677 urbe
141 2615 311 2694 Romana,
346 2623 378 2676 et
410 2613 451 2676 ob
480 2613 693 2698 juventutem
717 2611 848 2678 Ottonis
871 2610 906 2675 ΙΙ
940 2622 1040 2697 atque
1071 2611 1160 2677 Otto·

45 2713 90 2774 uis
120 2711 188 2794 111;
230 2711 395 2797 simulque
432 2732 545 2775 eorum
578 2713 683 2798 pietas
719 2713 848 2774 sincera
881 2710 1087 2795 majestatem
1122 2732 1162 2775 ac
1255 2698 1260 2708 ⁴

45 2807 247 2893 splendorem
272 2807 472 2873 conciliabat
493 2809 665 2874 Ecclesiae
689 2831 729 2872 ae
752 2807 913 2893 religioni.

125 2935 180 3000 51.
226 2932 303 2998 Otto
327 2931 389 3014 111,
414 2954 456 2996 ex
480 2943 583 2996 matre
607 2955 725 3018 graeca
749 2931 967 3018 Theophanis
991 2931 1161 3012 oriundus,
1182 2948 1317 2990 0111111111

42 3039 73 3091 et
93 3031 288 3096 adolescens
311 3031 406 3116 eujus
431 3032 562 3094 animus
588 3032 827 3116 ingeniumque
843 3028 1023 3094 ardentiori
1038 3032 1161 3115 passim
1201 3008 1292 3051 ”lm

44 3129 278 3213 imaginatione
298 3129 493 3210 ducebatur,
517 3129 699 3214 Imperium
722 3127 909 3193 Romanum
934 3129 1069 3214 antiquo
1086 3149 1162 3192 cum

44 3225 214 3310 splendore
238 3237 271 3292 et
293 3227 337 3292 ad
360 3226 506 3290 indolem
530 3228 703 3291 anterioris
727 3226 862 3312 Imperii
886 3227 1066 3310 restituere,
1091 3247 1162 3290 vas·

43 3327 165 3390 tissime
191 3325 329 3390 consilio
353 3324 530 3389 meditatus
554 3334 613 3389 est.
658 3324 771 3389 Veluti
795 3345 902 3387 novus
927 3323 1162 3388 Constantinus

43 3422 162 3488 Romae
187 3427 308 3488 iterum
332 3422 444 3488 sedem
465 3421 601 3508 Imperii
625 3424 676 3486 sui
700 3423 898 3486 constituere
923 3421 1074 3503 intendit,
1099 3442 1162 3484 nec

42 3521 108 3585 sine
131 3545 235 3586 causa
259 3519 440 3586 Gerbertus
462 3520 506 3585 ad
536 3520 647 3585 sedem
672 3519 899 3605 Apostolicam
931 3517 1078 3582 elevatus
1102 3517 1161 3582 Sil-

43 3622 138 3682 vestri
172 3618 207 3682 Π
231 3641 352 3683 nomen
382 3618 570 3704 adoptavit,
603 3629 642 3684 ut
664 3617 759 3682 alteri
784 3617 1001 3682 Constantino
1026 3626 1058 3679 et
1080 3614 1163 3680 alter

41 3715 199 3780 Silvester
222 3716 362 3781 adesset.
397 3716 558 3802 Concepit
582 3737 670 3796 vero,
696 3725 857 3803 quantum
882 3737 924 3778 111
948 3715 1050 3778 variis
1065 3713 1162 3778 lactis

42 3813 215 3899 colligitur,
241 3815 318 3880 Otto
342 3814 394 3879 III
417 3814 615 3899 Imperium,
651 3813 739 3900 quod
764 3812 1000 3894 meditabatur,
1025 3812 1092 3876 fere
1118 3813 1162 3876 ad

41 3933 191 3976 normam
219 3913 355 3998 Imperii
386 3913 512 3997 graeci,
541 3913 588 3975 ita
611 3921 647 3975 ut
670 3913 742 3997 ipse
764 3932 874 3975 rerum
899 3932 1062 3975 summam
1086 3931 1162 3974 auc·

41 4012 171 4073 toritate
194 4010 340 4095 quadam
368 4008 518 4075 absoluta
546 4009 745 4095 disponeret.
791 4009 869 4074 Jam
892 4009 1043 4090 bonores,
1067 4008 1160 4092 ritus,

40 4106 234 4192 dignitates,
265 4107 308 4173 ad
339 4110 444 4173 instar
473 4129 601 4172 morum
627 4106 829 4173 Graecorum
852 4105 977 4171 Romae
999 4107 1161 4194 suscitare

41 4221 251 4234 ———...-———-

111 4293 135 4363 ¹)
153 4293 252 4349 Lectus
271 4293 340 4350 VIII
359 4293 538 4362 Privilegium
556 4293 618 4349 ride
637 4309 679 4362 ap.
698 4291 775 4347 Floss
793 4291 810 4345 l.
830 4307 853 4348 c.
871 4308 898 4360 p.
920 4290 971 4344 147
989 4305 1046 4358 sqq.
