<?xml version="1.0" encoding="UTF-8"?>
<!DOCTYPE html PUBLIC "-//W3C//DTD XHTML 1.0 Transitional//EN"
    "http://www.w3.org/TR/xhtml1/DTD/xhtml1-transitional.dtd">
<html xmlns="http://www.w3.org/1999/xhtml" xml:lang="en" lang="en">
 <head>
  <title>
</title>
<meta http-equiv="Content-Type" content="text/html;charset=utf-8" />
  <meta name='ocr-system' content='tesseract 3.04.00' />
  <meta name='ocr-capabilities' content='ocr_page ocr_carea ocr_par ocr_line ocrx_word'/>
</head>
<body>
  <div class='ocr_page' id='page_1' title='image "./dissertationess01junggoog_0382.png"; bbox 0 0 2932 4836; ppageno 0'>
   <div class='ocr_carea' id='block_1_1' title="bbox 391 435 1147 504">
    <p class='ocr_par' dir='ltr' id='par_1_1' title="bbox 391 435 1147 504">
     <span class='ocr_line' id='line_1_1' title="bbox 391 435 1147 504; baseline 0.001 -15"><span class='ocrx_word' id='word_1_1' title='bbox 391 435 503 490; x_wconf 87' lang='lat' dir='ltr'><strong><em>Photius</em></strong></span> <span class='ocrx_word' id='word_1_2' title='bbox 522 435 785 504; x_wconf 76' lang='lat' dir='ltr'><strong>pseudopatriarcha.</strong></span> <span class='ocrx_word' id='word_1_3' title='bbox 1095 435 1147 490; x_wconf 84' lang='grc'><strong><em>371</em></strong></span> 
     </span>
    </p>
   </div>
   <div class='ocr_carea' id='block_1_2' title="bbox 32 579 1321 3892">
    <p class='ocr_par' dir='ltr' id='par_1_2' title="bbox 35 579 1152 2622">
     <span class='ocr_line' id='line_1_2' title="bbox 57 579 1149 668; baseline 0.004 -28"><span class='ocrx_word' id='word_1_4' title='bbox 57 581 168 644; x_wconf 71' lang='lat' dir='ltr'><strong><em>tina-issa</em></strong></span> <span class='ocrx_word' id='word_1_5' title='bbox 197 579 368 658; x_wconf 71' lang='lat' dir='ltr'><strong><em>atonem,</em></strong></span> <span class='ocrx_word' id='word_1_6' title='bbox 400 589 429 642; x_wconf 87' lang='lat' dir='ltr'><strong><em>et</em></strong></span> <span class='ocrx_word' id='word_1_7' title='bbox 461 579 525 644; x_wconf 85' lang='lat' dir='ltr'><strong><em>lato</em></strong></span> <span class='ocrx_word' id='word_1_8' title='bbox 549 581 667 644; x_wconf 80' lang='lat' dir='ltr'><strong><em>erroris</em></strong></span> <span class='ocrx_word' id='word_1_9' title='bbox 690 582 740 644; x_wconf 85' lang='lat' dir='ltr'><strong><em>asi</em></strong></span> <span class='ocrx_word' id='word_1_10' title='bbox 761 601 828 668; x_wconf 83' lang='lat' dir='ltr'><strong><em>pro</em></strong></span> <span class='ocrx_word' id='word_1_11' title='bbox 852 589 1027 642; x_wconf 85' lang='lat' dir='ltr'><strong><em>atramento</em></strong></span> <span class='ocrx_word' id='word_1_12' title='bbox 1042 579 1149 666; x_wconf 77' lang='lat' dir='ltr'><strong><em>fisiaco</em></strong></span> 
     </span>
     <span class='ocr_line' id='line_1_3' title="bbox 50 676 1149 766; baseline -0.001 -25"><span class='ocrx_word' id='word_1_13' title='bbox 50 677 147 766; x_wconf 82' lang='lat' dir='ltr'><strong><em>procul</em></strong></span> <span class='ocrx_word' id='word_1_14' title='bbox 167 677 257 742; x_wconf 84' lang='lat' dir='ltr'><strong><em>dnbio</em></strong></span> <span class='ocrx_word' id='word_1_15' title='bbox 282 688 426 764; x_wconf 78' lang='lat' dir='ltr'><strong><em>potuere.</em></strong></span> <span class='ocrx_word' id='word_1_16' title='bbox 474 677 662 755; x_wconf 84' lang='lat' dir='ltr'><strong><em>Recensens</em></strong></span> <span class='ocrx_word' id='word_1_17' title='bbox 686 677 764 742; x_wconf 88' lang='lat' dir='ltr'><strong><em>dein</em></strong></span> <span class='ocrx_word' id='word_1_18' title='bbox 787 677 898 740; x_wconf 86' lang='lat' dir='ltr'><strong><em>varias</em></strong></span> <span class='ocrx_word' id='word_1_19' title='bbox 921 676 1149 742; x_wconf 79' lang='lat' dir='ltr'>accusationes</span> 
     </span>
     <span class='ocr_line' id='line_1_4' title="bbox 54 771 1149 862; baseline 0 -22"><span class='ocrx_word' id='word_1_20' title='bbox 54 799 120 862; x_wconf 83' lang='lat' dir='ltr'><strong><em>quas</em></strong></span> <span class='ocrx_word' id='word_1_21' title='bbox 140 775 284 860; x_wconf 90' lang='lat' dir='ltr'><strong><em>superius</em></strong></span> <span class='ocrx_word' id='word_1_22' title='bbox 301 773 374 860; x_wconf 86' lang='lat' dir='ltr'><strong><em>jam</em></strong></span> <span class='ocrx_word' id='word_1_23' title='bbox 397 777 671 858; x_wconf 87' lang='lat' dir='ltr'><strong><em>memoravimus,</em></strong></span> <span class='ocrx_word' id='word_1_24' title='bbox 694 777 794 843; x_wconf 88' lang='lat' dir='ltr'><strong><em>otiam</em></strong></span> <span class='ocrx_word' id='word_1_25' title='bbox 818 773 902 838; x_wconf 89' lang='lat' dir='ltr'><strong><em>hacc</em></strong></span> <span class='ocrx_word' id='word_1_26' title='bbox 925 771 1037 838; x_wconf 89' lang='lat' dir='ltr'><strong><em>addit:</em></strong></span> <span class='ocrx_word' id='word_1_27' title='bbox 1066 773 1149 840; x_wconf 83' lang='lat' dir='ltr'><strong><em>Iasi·</em></strong></span> 
     </span>
     <span class='ocr_line' id='line_1_5' title="bbox 53 869 1149 960; baseline -0.002 -22"><span class='ocrx_word' id='word_1_28' title='bbox 53 873 152 938; x_wconf 78' lang='lat' dir='ltr'><strong><em>autore</em></strong></span> <span class='ocrx_word' id='word_1_29' title='bbox 176 883 310 948; x_wconf 70' lang='lat' dir='ltr'><strong><em>ahtana</em></strong></span> <span class='ocrx_word' id='word_1_30' title='bbox 342 874 492 960; x_wconf 75' lang='lat' dir='ltr'><strong><em>quoniam</em></strong></span> <span class='ocrx_word' id='word_1_31' title='bbox 508 872 712 960; x_wconf 77' lang='lat' dir='ltr'><strong><em>presbyteros</em></strong></span> <span class='ocrx_word' id='word_1_32' title='bbox 736 873 900 936; x_wconf 83' lang='lat' dir='ltr'><strong><em>chrismate</em></strong></span> <span class='ocrx_word' id='word_1_33' title='bbox 928 869 1024 936; x_wconf 86' lang='lat' dir='ltr'><strong><em>linire</em></strong></span> <span class='ocrx_word' id='word_1_34' title='bbox 1048 869 1149 957; x_wconf 85' lang='lat' dir='ltr'><strong><em>bapti-</em></strong></span> 
     </span>
     <span class='ocr_line' id='line_1_6' title="bbox 51 969 1150 1058; baseline 0.003 -26"><span class='ocrx_word' id='word_1_35' title='bbox 51 983 169 1034; x_wconf 83' lang='lat' dir='ltr'><strong><em>:atoram</em></strong></span> <span class='ocrx_word' id='word_1_36' title='bbox 180 969 312 1055; x_wconf 82' lang='lat' dir='ltr'><strong><em>frontes</em></strong></span> <span class='ocrx_word' id='word_1_37' title='bbox 336 969 515 1048; x_wconf 83' lang='lat' dir='ltr'><strong><em>iuhibemus,</em></strong></span> <span class='ocrx_word' id='word_1_38' title='bbox 531 971 615 1058; x_wconf 79' lang='lat' dir='ltr'><strong><em>paud</em></strong></span> <span class='ocrx_word' id='word_1_39' title='bbox 638 982 742 1035; x_wconf 85' lang='lat' dir='ltr'><strong><em>tamen</em></strong></span> <span class='ocrx_word' id='word_1_40' title='bbox 765 970 898 1034; x_wconf 85' lang='lat' dir='ltr'><strong><em>chrisma</em></strong></span> <span class='ocrx_word' id='word_1_41' title='bbox 921 992 979 1034; x_wconf 84' lang='lat' dir='ltr'><strong><em>noc</em></strong></span> <span class='ocrx_word' id='word_1_42' title='bbox 1002 992 1042 1034; x_wconf 77' lang='lat' dir='ltr'><strong><em>aa·</em></strong></span> <span class='ocrx_word' id='word_1_43' title='bbox 1066 993 1150 1056; x_wconf 78' lang='lat' dir='ltr'><strong><em>aqna</em></strong></span> 
     </span>
     <span class='ocr_line' id='line_1_7' title="bbox 50 1066 1150 1156; baseline -0.001 -26"><span class='ocrx_word' id='word_1_44' title='bbox 50 1070 165 1132; x_wconf 85' lang='lat' dir='ltr'><strong><em>luminis</em></strong></span> <span class='ocrx_word' id='word_1_45' title='bbox 187 1069 333 1152; x_wconf 68' lang='lat' dir='ltr'><strong><em>conjicere</em></strong></span> <span class='ocrx_word' id='word_1_46' title='bbox 342 1067 514 1156; x_wconf 78' lang='lat' dir='ltr'><em>fallaciter</em></span> <span class='ocrx_word' id='word_1_47' title='bbox 529 1067 729 1133; x_wconf 75' lang='lat' dir='ltr'><strong><em>arbitrantur</em></strong></span> <span class='ocrx_word' id='word_1_48' title='bbox 752 1117 786 1132; x_wconf 87' lang='lat'><strong><em>..</em></strong></span> <span class='ocrx_word' id='word_1_49' title='bbox 805 1116 837 1132; x_wconf 89' lang='lat'><strong><em>..</em></strong></span> <span class='ocrx_word' id='word_1_50' title='bbox 862 1066 1072 1145; x_wconf 80' lang='lat' dir='ltr'><strong><em>lloutinntcrr,</em></strong></span> <span class='ocrx_word' id='word_1_51' title='bbox 1092 1089 1150 1130; x_wconf 87' lang='lat' dir='ltr'><strong><em>nos</em></strong></span> 
     </span>
     <span class='ocr_line' id='line_1_8' title="bbox 48 1165 1151 1256; baseline -0.002 -26"><span class='ocrx_word' id='word_1_52' title='bbox 48 1189 144 1254; x_wconf 63' lang='lat' dir='ltr'><strong><em>opum</em></strong></span> <span class='ocrx_word' id='word_1_53' title='bbox 164 1169 199 1230; x_wconf 88' lang='lat' dir='ltr'><strong><em>in</em></strong></span> <span class='ocrx_word' id='word_1_54' title='bbox 222 1165 345 1230; x_wconf 81' lang='lat' dir='ltr'><strong><em>Pascha</em></strong></span> <span class='ocrx_word' id='word_1_55' title='bbox 366 1187 450 1230; x_wconf 84' lang='lat' dir='ltr'><strong><em>mors</em></strong></span> <span class='ocrx_word' id='word_1_56' title='bbox 473 1165 671 1232; x_wconf 76' lang='lat' dir='ltr'><strong><em>Jndacoram</em></strong></span> <span class='ocrx_word' id='word_1_57' title='bbox 694 1190 788 1256; x_wconf 79' lang='lat' dir='ltr'><strong><em>saper</em></strong></span> <span class='ocrx_word' id='word_1_58' title='bbox 811 1165 915 1230; x_wconf 83' lang='lat' dir='ltr'><strong><em>altare</em></strong></span> <span class='ocrx_word' id='word_1_59' title='bbox 932 1165 1061 1252; x_wconf 75' lang='lat' dir='ltr'><strong><em>par-iter</em></strong></span> <span class='ocrx_word' id='word_1_60' title='bbox 1083 1188 1151 1228; x_wconf 84' lang='lat' dir='ltr'><strong><em>cam</em></strong></span> 
     </span>
     <span class='ocr_line' id='line_1_9' title="bbox 48 1261 1149 1352; baseline -0.003 -24"><span class='ocrx_word' id='word_1_61' title='bbox 48 1265 194 1328; x_wconf 85' lang='lat' dir='ltr'><strong><em>Dominico</em></strong></span> <span class='ocrx_word' id='word_1_62' title='bbox 224 1285 353 1352; x_wconf 74' lang='lat' dir='ltr'><strong><em>corpore</em></strong></span> <span class='ocrx_word' id='word_1_63' title='bbox 384 1261 563 1328; x_wconf 85' lang='lat' dir='ltr'><strong><em>benedicere</em></strong></span> <span class='ocrx_word' id='word_1_64' title='bbox 591 1275 620 1327; x_wconf 88' lang='lat' dir='ltr'><strong><em>et</em></strong></span> <span class='ocrx_word' id='word_1_65' title='bbox 647 1261 768 1350; x_wconf 87' lang='lat' dir='ltr'><strong><em>offerre.</em></strong></span> <span class='ocrx_word' id='word_1_66' title='bbox 820 1261 905 1336; x_wconf 84' lang='lat' dir='ltr'><strong><em>Quin</em></strong></span> <span class='ocrx_word' id='word_1_67' title='bbox 935 1273 964 1327; x_wconf 88' lang='lat' dir='ltr'><strong><em>et</em></strong></span> <span class='ocrx_word' id='word_1_68' title='bbox 986 1262 1149 1348; x_wconf 76' lang='lat' dir='ltr'><strong><em>reprohere</em></strong></span> 
     </span>
     <span class='ocr_line' id='line_1_10' title="bbox 47 1359 1150 1448; baseline -0.001 -24"><span class='ocrx_word' id='word_1_69' title='bbox 47 1361 107 1426; x_wconf 79' lang='lat' dir='ltr'><strong><em>dere</em></strong></span> <span class='ocrx_word' id='word_1_70' title='bbox 128 1371 284 1448; x_wconf 70' lang='lat' dir='ltr'><strong><em>rampant,</em></strong></span> <span class='ocrx_word' id='word_1_71' title='bbox 300 1359 377 1446; x_wconf 74' lang='lat' dir='ltr'><strong><em>peria</em></strong></span> <span class='ocrx_word' id='word_1_72' title='bbox 394 1381 494 1445; x_wconf 84' lang='lat' dir='ltr'><strong><em>ponec</em></strong></span> <span class='ocrx_word' id='word_1_73' title='bbox 517 1383 573 1426; x_wconf 86' lang='lat' dir='ltr'><strong><em>nos</em></strong></span> <span class='ocrx_word' id='word_1_74' title='bbox 597 1359 703 1426; x_wconf 79' lang='lat' dir='ltr'><strong><em>clerici</em></strong></span> <span class='ocrx_word' id='word_1_75' title='bbox 724 1361 839 1425; x_wconf 81' lang='lat' dir='ltr'><strong><em>barbae</em></strong></span> <span class='ocrx_word' id='word_1_76' title='bbox 853 1359 966 1424; x_wconf 86' lang='lat' dir='ltr'><strong><em>radere</em></strong></span> <span class='ocrx_word' id='word_1_77' title='bbox 990 1381 1064 1423; x_wconf 81' lang='lat' dir='ltr'><strong><em>suas</em></strong></span> <span class='ocrx_word' id='word_1_78' title='bbox 1087 1381 1150 1424; x_wconf 87' lang='lat' dir='ltr'><strong><em>noa</em></strong></span> 
     </span>
     <span class='ocr_line' id='line_1_11' title="bbox 47 1455 1150 1547; baseline -0.001 -25"><span class='ocrx_word' id='word_1_79' title='bbox 47 1459 180 1538; x_wconf 74' lang='lat' dir='ltr'><strong><em>aduocat,</em></strong></span> <span class='ocrx_word' id='word_1_80' title='bbox 208 1469 239 1522; x_wconf 83' lang='lat' dir='ltr'><strong><em>et</em></strong></span> <span class='ocrx_word' id='word_1_81' title='bbox 260 1459 337 1542; x_wconf 73' lang='lat' dir='ltr'><strong><em>posia</em></strong></span> <span class='ocrx_word' id='word_1_82' title='bbox 360 1457 513 1522; x_wconf 83' lang='lat' dir='ltr'><strong><em>diaconas</em></strong></span> <span class='ocrx_word' id='word_1_83' title='bbox 535 1480 599 1524; x_wconf 87' lang='lat' dir='ltr'><strong><em>non</em></strong></span> <span class='ocrx_word' id='word_1_84' title='bbox 622 1469 763 1547; x_wconf 82' lang='lat' dir='ltr'><strong><em>suscepto</em></strong></span> <span class='ocrx_word' id='word_1_85' title='bbox 781 1458 1021 1545; x_wconf 71' lang='lat' dir='ltr'><strong><em>presbyteratus</em></strong></span> <span class='ocrx_word' id='word_1_86' title='bbox 1046 1455 1150 1542; x_wconf 86' lang='lat' dir='ltr'><strong><em>officio</em></strong></span> 
     </span>
     <span class='ocr_line' id='line_1_12' title="bbox 47 1553 1150 1642; baseline -0.003 -22"><span class='ocrx_word' id='word_1_87' title='bbox 47 1557 121 1642; x_wconf 61' lang='lat' dir='ltr'><strong><em>&#39;prud</em></strong></span> <span class='ocrx_word' id='word_1_88' title='bbox 142 1580 199 1620; x_wconf 82' lang='lat' dir='ltr'><strong><em>nos</em></strong></span> <span class='ocrx_word' id='word_1_89' title='bbox 221 1558 386 1642; x_wconf 80' lang='lat' dir='ltr'><strong><em>episcopas</em></strong></span> <span class='ocrx_word' id='word_1_90' title='bbox 409 1555 587 1620; x_wconf 84' lang='lat' dir='ltr'><strong><em>ordinatur.</em></strong></span> <span class='ocrx_word' id='word_1_91' title='bbox 595 1555 619 1642; x_wconf 85' lang='lat'><strong><em>¹)</em></strong></span> <span class='ocrx_word' id='word_1_92' title='bbox 652 1553 718 1622; x_wconf 87' lang='lat' dir='ltr'><strong><em>Sed</em></strong></span> <span class='ocrx_word' id='word_1_93' title='bbox 737 1565 769 1620; x_wconf 88' lang='lat' dir='ltr'><strong><em>et</em></strong></span> <span class='ocrx_word' id='word_1_94' title='bbox 785 1558 962 1642; x_wconf 85' lang='lat' dir='ltr'><strong><em>primatum</em></strong></span> <span class='ocrx_word' id='word_1_95' title='bbox 980 1553 1150 1618; x_wconf 77' lang='lat' dir='ltr'><strong>Ecclesiae</strong></span> 
     </span>
     <span class='ocr_line' id='line_1_13' title="bbox 47 1651 1152 1740; baseline -0.002 -22"><span class='ocrx_word' id='word_1_96' title='bbox 47 1655 197 1718; x_wconf 78' lang='lat' dir='ltr'><strong><em>Romanae</em></strong></span> <span class='ocrx_word' id='word_1_97' title='bbox 222 1652 345 1717; x_wconf 82' lang='lat' dir='ltr'><strong><em>directe</em></strong></span> <span class='ocrx_word' id='word_1_98' title='bbox 368 1654 403 1716; x_wconf 92' lang='lat' dir='ltr'><strong><em>in</em></strong></span> <span class='ocrx_word' id='word_1_99' title='bbox 427 1675 466 1716; x_wconf 91' lang='lat' dir='ltr'><strong><em>ea</em></strong></span> <span class='ocrx_word' id='word_1_100' title='bbox 482 1653 620 1740; x_wconf 89' lang='lat' dir='ltr'><strong><em>epistola</em></strong></span> <span class='ocrx_word' id='word_1_101' title='bbox 642 1653 744 1720; x_wconf 83' lang='lat' dir='ltr'><strong><em>fuisse</em></strong></span> <span class='ocrx_word' id='word_1_102' title='bbox 761 1654 958 1736; x_wconf 88' lang='lat' dir='ltr'><strong><em>impetitum,</em></strong></span> <span class='ocrx_word' id='word_1_103' title='bbox 986 1651 1152 1736; x_wconf 81' lang='lat' dir='ltr'><strong><em>colligitur</em></strong></span> 
     </span>
     <span class='ocr_line' id='line_1_14' title="bbox 44 1749 1150 1838; baseline -0.001 -23"><span class='ocrx_word' id='word_1_104' title='bbox 44 1775 78 1815; x_wconf 79' lang='lat' dir='ltr'><strong><em>cn</em></strong></span> <span class='ocrx_word' id='word_1_105' title='bbox 99 1755 166 1816; x_wconf 86' lang='lat' dir='ltr'><strong><em>istis</em></strong></span> <span class='ocrx_word' id='word_1_106' title='bbox 183 1749 310 1816; x_wconf 85' lang='lat' dir='ltr'><strong><em>Nicolai</em></strong></span> <span class='ocrx_word' id='word_1_107' title='bbox 335 1750 465 1814; x_wconf 88' lang='lat' dir='ltr'><strong><em>verbis:</em></strong></span> <span class='ocrx_word' id='word_1_108' title='bbox 490 1749 554 1816; x_wconf 73' lang='lat' dir='ltr'><strong><em>teet</em></strong></span> <span class='ocrx_word' id='word_1_109' title='bbox 574 1752 653 1838; x_wconf 72' lang='lat' dir='ltr'><strong><em>qnid</em></strong></span> <span class='ocrx_word' id='word_1_110' title='bbox 674 1753 799 1830; x_wconf 82' lang='lat' dir='ltr'><strong><em>miram,</em></strong></span> <span class='ocrx_word' id='word_1_111' title='bbox 824 1751 922 1815; x_wconf 90' lang='lat' dir='ltr'><strong><em>sihoc</em></strong></span> <span class='ocrx_word' id='word_1_112' title='bbox 938 1751 992 1814; x_wconf 87' lang='lat' dir='ltr'><strong><em>isti</em></strong></span> <span class='ocrx_word' id='word_1_113' title='bbox 1003 1760 1150 1836; x_wconf 61' lang='lat' dir='ltr'><strong><em>maean-</em></strong></span> 
     </span>
     <span class='ocr_line' id='line_1_15' title="bbox 44 1847 1150 1938; baseline 0.005 -32"><span class='ocrx_word' id='word_1_114' title='bbox 44 1849 119 1930; x_wconf 67' lang='lat' dir='ltr'><strong><em>rlaat,</em></strong></span> <span class='ocrx_word' id='word_1_115' title='bbox 140 1872 207 1913; x_wconf 87' lang='lat' dir='ltr'><strong><em>cnm</em></strong></span> <span class='ocrx_word' id='word_1_116' title='bbox 231 1850 326 1912; x_wconf 85' lang='lat' dir='ltr'><strong><em>stiam</em></strong></span> <span class='ocrx_word' id='word_1_117' title='bbox 347 1847 523 1934; x_wconf 81' lang='lat' dir='ltr'><strong><em>plorientar</em></strong></span> <span class='ocrx_word' id='word_1_118' title='bbox 546 1859 639 1934; x_wconf 76' lang='lat' dir='ltr'><strong><em>atquc</em></strong></span> <span class='ocrx_word' id='word_1_119' title='bbox 658 1848 858 1936; x_wconf 78' lang='lat' dir='ltr'><strong><em>perhibeant,</em></strong></span> <span class='ocrx_word' id='word_1_120' title='bbox 875 1847 1000 1938; x_wconf 84' lang='lat' dir='ltr'><strong><em>qnando</em></strong></span> <span class='ocrx_word' id='word_1_121' title='bbox 1025 1847 1063 1912; x_wconf 81' lang='lat' dir='ltr'><strong><em>da</em></strong></span> <span class='ocrx_word' id='word_1_122' title='bbox 1087 1850 1150 1914; x_wconf 83' lang='lat' dir='ltr'><strong><em>Ro·</em></strong></span> 
     </span>
     <span class='ocr_line' id='line_1_16' title="bbox 44 1943 1151 2034; baseline -0.002 -24"><span class='ocrx_word' id='word_1_123' title='bbox 44 1971 125 2010; x_wconf 87' lang='lat' dir='ltr'><strong><em>nona</em></strong></span> <span class='ocrx_word' id='word_1_124' title='bbox 149 1947 222 2011; x_wconf 85' lang='lat' dir='ltr'><strong><em>urhe</em></strong></span> <span class='ocrx_word' id='word_1_125' title='bbox 241 1947 452 2032; x_wconf 83' lang='lat' dir='ltr'><strong><em>Imperatores</em></strong></span> <span class='ocrx_word' id='word_1_126' title='bbox 469 1945 776 2034; x_wconf 81' lang='lat' dir='ltr'><strong><em>Constantinopolim</em></strong></span> <span class='ocrx_word' id='word_1_127' title='bbox 799 1958 873 2012; x_wconf 85' lang='lat' dir='ltr'><strong><em>suat</em></strong></span> <span class='ocrx_word' id='word_1_128' title='bbox 896 1943 1057 2026; x_wconf 76' lang='lat' dir='ltr'><strong><em>translati,</em></strong></span> <span class='ocrx_word' id='word_1_129' title='bbox 1079 1956 1151 2012; x_wconf 74' lang='lat' dir='ltr'><strong><em>tonse</em></strong></span> 
     </span>
     <span class='ocr_line' id='line_1_17' title="bbox 41 2043 1151 2132; baseline 0.002 -26"><span class='ocrx_word' id='word_1_130' title='bbox 41 2057 65 2106; x_wconf 71' lang='lat' dir='ltr'><strong><em>et</em></strong></span> <span class='ocrx_word' id='word_1_131' title='bbox 79 2047 251 2132; x_wconf 76' lang='lat' dir='ltr'><strong><em>primatum</em></strong></span> <span class='ocrx_word' id='word_1_132' title='bbox 273 2043 438 2108; x_wconf 87' lang='lat' dir='ltr'><strong><em>Romanae</em></strong></span> <span class='ocrx_word' id='word_1_133' title='bbox 463 2043 555 2108; x_wconf 86' lang='lat' dir='ltr'><strong><em>Sedis</em></strong></span> <span class='ocrx_word' id='word_1_134' title='bbox 588 2045 632 2108; x_wconf 87' lang='lat' dir='ltr'><strong><em>ad</em></strong></span> <span class='ocrx_word' id='word_1_135' title='bbox 665 2043 826 2110; x_wconf 82' lang='lat' dir='ltr'><strong><em>CPtanorn</em></strong></span> <span class='ocrx_word' id='word_1_136' title='bbox 859 2043 1020 2108; x_wconf 81' lang='lat' dir='ltr'><strong><em>ecelesiam</em></strong></span> <span class='ocrx_word' id='word_1_137' title='bbox 1050 2053 1151 2108; x_wconf 75' lang='lat' dir='ltr'><strong><em>trans</em></strong></span> 
     </span>
     <span class='ocr_line' id='line_1_18' title="bbox 41 2141 1151 2230; baseline 0.005 -28"><span class='ocrx_word' id='word_1_138' title='bbox 41 2145 189 2228; x_wconf 67' lang='lat' dir='ltr'><strong><em>capenam,</em></strong></span> <span class='ocrx_word' id='word_1_139' title='bbox 214 2152 244 2204; x_wconf 87' lang='lat' dir='ltr'><strong><em>et</em></strong></span> <span class='ocrx_word' id='word_1_140' title='bbox 266 2165 332 2204; x_wconf 84' lang='lat' dir='ltr'><strong><em>eam</em></strong></span> <span class='ocrx_word' id='word_1_141' title='bbox 356 2141 565 2225; x_wconf 80' lang='lat' dir='ltr'><strong><em>clipuitatibaa</em></strong></span> <span class='ocrx_word' id='word_1_142' title='bbox 587 2144 682 2230; x_wconf 79' lang='lat' dir='ltr'><strong><em>repiis</em></strong></span> <span class='ocrx_word' id='word_1_143' title='bbox 706 2145 802 2207; x_wconf 68' lang='lat' dir='ltr'><strong><em>eham</em></strong></span> <span class='ocrx_word' id='word_1_144' title='bbox 824 2142 972 2207; x_wconf 68' lang='lat' dir='ltr'><strong><em>scalonae</em></strong></span> <span class='ocrx_word' id='word_1_145' title='bbox 986 2141 1151 2208; x_wconf 81' lang='lat' dir='ltr'><strong><em>Romanae</em></strong></span> 
     </span>
     <span class='ocr_line' id='line_1_19' title="bbox 35 2237 1152 2330; baseline 0.003 -28"><span class='ocrx_word' id='word_1_146' title='bbox 35 2240 197 2328; x_wconf 66' lang='lat' dir='ltr'><strong><em>primlepia</em></strong></span> <span class='ocrx_word' id='word_1_147' title='bbox 221 2238 380 2304; x_wconf 72' lang='lat' dir='ltr'><strong><em>nunciata</em></strong></span> <span class='ocrx_word' id='word_1_148' title='bbox 394 2238 512 2326; x_wconf 80' lang='lat' dir='ltr'><strong><em>fnisse.</em></strong></span> <span class='ocrx_word' id='word_1_149' title='bbox 559 2240 611 2304; x_wconf 91' lang='lat' dir='ltr'><strong><em>Ita</em></strong></span> <span class='ocrx_word' id='word_1_150' title='bbox 636 2252 669 2304; x_wconf 88' lang='lat' dir='ltr'><strong><em>nt</em></strong></span> <span class='ocrx_word' id='word_1_151' title='bbox 692 2240 830 2330; x_wconf 54' lang='lat' dir='ltr'><strong><em>paadcm</em></strong></span> <span class='ocrx_word' id='word_1_152' title='bbox 852 2241 983 2304; x_wconf 81' lang='lat' dir='ltr'><strong><em>invasor</em></strong></span> <span class='ocrx_word' id='word_1_153' title='bbox 1005 2237 1152 2304; x_wconf 75' lang='lat' dir='ltr'><strong><em>melariae</em></strong></span> 
     </span>
     <span class='ocr_line' id='line_1_20' title="bbox 41 2337 1152 2424; baseline 0 -24"><span class='ocrx_word' id='word_1_154' title='bbox 41 2339 159 2404; x_wconf 79' lang='lat' dir='ltr'><strong><em>Photirn</em></strong></span> <span class='ocrx_word' id='word_1_155' title='bbox 189 2338 284 2401; x_wconf 69' lang='lat' dir='ltr'><strong><em>oham</em></strong></span> <span class='ocrx_word' id='word_1_156' title='bbox 311 2338 379 2424; x_wconf 80' lang='lat' dir='ltr'><strong><em>ipse</em></strong></span> <span class='ocrx_word' id='word_1_157' title='bbox 408 2359 440 2400; x_wconf 85' lang='lat' dir='ltr'><strong><em>ss</em></strong></span> <span class='ocrx_word' id='word_1_158' title='bbox 471 2338 504 2402; x_wconf 89' lang='lat' dir='ltr'><strong><em>in</em></strong></span> <span class='ocrx_word' id='word_1_159' title='bbox 529 2339 656 2424; x_wconf 80' lang='lat' dir='ltr'><strong><em>scriptis</em></strong></span> <span class='ocrx_word' id='word_1_160' title='bbox 680 2341 746 2402; x_wconf 84' lang='lat' dir='ltr'><strong><em>sais</em></strong></span> <span class='ocrx_word' id='word_1_161' title='bbox 768 2337 1036 2424; x_wconf 82' lang='lat' dir='ltr'><strong><em>archiepiscopum</em></strong></span> <span class='ocrx_word' id='word_1_162' title='bbox 1060 2347 1152 2424; x_wconf 81' lang='lat' dir='ltr'><strong><em>atquc</em></strong></span> 
     </span>
     <span class='ocr_line' id='line_1_21' title="bbox 37 2432 1151 2526; baseline 0.001 -29"><span class='ocrx_word' id='word_1_163' title='bbox 37 2433 235 2502; x_wconf 84' lang='lat' dir='ltr'><strong><em>universalem</em></strong></span> <span class='ocrx_word' id='word_1_164' title='bbox 251 2436 475 2522; x_wconf 85' lang='lat' dir='ltr'><strong><em>patriarcham</em></strong></span> <span class='ocrx_word' id='word_1_165' title='bbox 498 2433 679 2522; x_wconf 61' lang='lat' dir='ltr'><strong><em>appellati)</em></strong></span> <span class='ocrx_word' id='word_1_166' title='bbox 695 2473 743 2526; x_wconf 16' lang='lat'><strong><em>¹-</em></strong></span> <span class='ocrx_word' id='word_1_167' title='bbox 759 2434 811 2500; x_wconf 89' lang='lat' dir='ltr'><strong><em>Ita</em></strong></span> <span class='ocrx_word' id='word_1_168' title='bbox 831 2433 969 2500; x_wconf 91' lang='lat' dir='ltr'><strong><em>Photius</em></strong></span> <span class='ocrx_word' id='word_1_169' title='bbox 996 2457 1038 2498; x_wconf 84' lang='lat' dir='ltr'><strong><em>ex</em></strong></span> <span class='ocrx_word' id='word_1_170' title='bbox 1061 2432 1151 2498; x_wconf 84' lang='lat' dir='ltr'><strong><em>falsis</em></strong></span> 
     </span>
     <span class='ocr_line' id='line_1_22' title="bbox 36 2531 1061 2622; baseline -0.002 -24"><span class='ocrx_word' id='word_1_171' title='bbox 36 2534 199 2622; x_wconf 84' lang='lat' dir='ltr'><strong><em>principiis</em></strong></span> <span class='ocrx_word' id='word_1_172' title='bbox 223 2531 356 2596; x_wconf 73' lang='lat' dir='ltr'><strong><em>nlumas</em></strong></span> <span class='ocrx_word' id='word_1_173' title='bbox 381 2534 633 2618; x_wconf 82' lang='lat' dir='ltr'><strong><em>consequentias</em></strong></span> <span class='ocrx_word' id='word_1_174' title='bbox 657 2531 886 2598; x_wconf 87' lang='lat' dir='ltr'><strong><em>schismaticas</em></strong></span> <span class='ocrx_word' id='word_1_175' title='bbox 911 2532 1061 2598; x_wconf 88' lang='lat' dir='ltr'><strong><em>deduxit.</em></strong></span> 
     </span>
    </p>

    <p class='ocr_par' dir='ltr' id='par_1_3' title="bbox 32 2629 1321 3892">
     <span class='ocr_line' id='line_1_23' title="bbox 112 2629 1321 2717; baseline -0.005 -21"><span class='ocrx_word' id='word_1_176' title='bbox 112 2633 168 2698; x_wconf 85' lang='lat'><strong><em>63.</em></strong></span> <span class='ocrx_word' id='word_1_177' title='bbox 192 2632 382 2716; x_wconf 83' lang='lat' dir='ltr'><strong><em>Antequam</em></strong></span> <span class='ocrx_word' id='word_1_178' title='bbox 406 2629 542 2694; x_wconf 80' lang='lat' dir='ltr'><strong><em>ulterius</em></strong></span> <span class='ocrx_word' id='word_1_179' title='bbox 566 2629 818 2717; x_wconf 82' lang='lat' dir='ltr'><strong><em>progrediamur</em></strong></span> <span class='ocrx_word' id='word_1_180' title='bbox 831 2631 998 2708; x_wconf 85' lang='lat' dir='ltr'><strong><em>convenit,</em></strong></span> <span class='ocrx_word' id='word_1_181' title='bbox 1019 2639 1057 2696; x_wconf 91' lang='lat' dir='ltr'><strong><em>ut</em></strong></span> <span class='ocrx_word' id='word_1_182' title='bbox 1072 2651 1146 2694; x_wconf 84' lang='lat' dir='ltr'><strong><em>exa·</em></strong></span> <span class='ocrx_word' id='word_1_183' title='bbox 1165 2637 1321 2712; x_wconf 61' lang='lat' dir='ltr'><strong><em>extenduntur</em></strong></span> 
     </span>
     <span class='ocr_line' id='line_1_24' title="bbox 36 2702 1314 2814; baseline -0.002 -22"><span class='ocrx_word' id='word_1_184' title='bbox 36 2731 189 2794; x_wconf 88' lang='lat' dir='ltr'><strong><em>minemus</em></strong></span> <span class='ocrx_word' id='word_1_185' title='bbox 213 2727 360 2792; x_wconf 87' lang='lat' dir='ltr'><strong><em>breviter</em></strong></span> <span class='ocrx_word' id='word_1_186' title='bbox 381 2727 517 2794; x_wconf 88' lang='lat' dir='ltr'><strong><em>modum</em></strong></span> <span class='ocrx_word' id='word_1_187' title='bbox 545 2727 666 2814; x_wconf 84' lang='lat' dir='ltr'><strong><em>agendi</em></strong></span> <span class='ocrx_word' id='word_1_188' title='bbox 689 2727 818 2793; x_wconf 89' lang='lat' dir='ltr'><strong><em>Nicolai</em></strong></span> <span class='ocrx_word' id='word_1_189' title='bbox 843 2727 953 2814; x_wconf 90' lang='lat' dir='ltr'><strong><em>quoad</em></strong></span> <span class='ocrx_word' id='word_1_190' title='bbox 975 2725 1146 2812; x_wconf 81' lang='lat' dir='ltr'><strong><em>Bnlgaros,</em></strong></span> <span class='ocrx_word' id='word_1_191' title='bbox 1162 2702 1314 2744; x_wconf 55' lang='lat' dir='ltr'><strong><em>&#39;mim&#39;</em></strong></span> 
     </span>
     <span class='ocr_line' id='line_1_25' title="bbox 34 2824 1147 2893; baseline -0.002 -3"><span class='ocrx_word' id='word_1_192' title='bbox 34 2850 66 2890; x_wconf 84' lang='lat' dir='ltr'><strong><em>nc</em></strong></span> <span class='ocrx_word' id='word_1_193' title='bbox 93 2827 204 2892; x_wconf 86' lang='lat' dir='ltr'><strong><em>Photii</em></strong></span> <span class='ocrx_word' id='word_1_194' title='bbox 238 2827 474 2893; x_wconf 79' lang='lat' dir='ltr'><strong><em>accusationes.</em></strong></span> <span class='ocrx_word' id='word_1_195' title='bbox 521 2825 654 2892; x_wconf 84' lang='lat' dir='ltr'><strong><em>Etenim</em></strong></span> <span class='ocrx_word' id='word_1_196' title='bbox 687 2836 758 2891; x_wconf 92' lang='lat' dir='ltr'><strong><em>tum</em></strong></span> <span class='ocrx_word' id='word_1_197' title='bbox 791 2825 911 2890; x_wconf 85' lang='lat' dir='ltr'><strong><em>Graeci</em></strong></span> <span class='ocrx_word' id='word_1_198' title='bbox 946 2824 1147 2890; x_wconf 87' lang='lat' dir='ltr'><strong><em>schismatici</em></strong></span> 
     </span>
     <span class='ocr_line' id='line_1_26' title="bbox 34 2919 1148 3010; baseline -0.003 -23"><span class='ocrx_word' id='word_1_199' title='bbox 34 2947 66 2988; x_wconf 86' lang='lat' dir='ltr'><strong><em>ac</em></strong></span> <span class='ocrx_word' id='word_1_200' title='bbox 86 2925 327 3006; x_wconf 83' lang='lat' dir='ltr'><strong><em>Protestantea,</em></strong></span> <span class='ocrx_word' id='word_1_201' title='bbox 361 2935 431 2988; x_wconf 88' lang='lat' dir='ltr'><strong><em>tum</em></strong></span> <span class='ocrx_word' id='word_1_202' title='bbox 460 2923 517 2988; x_wconf 87' lang='lat' dir='ltr'><strong><em>alii</em></strong></span> <span class='ocrx_word' id='word_1_203' title='bbox 546 2924 681 3010; x_wconf 88' lang='lat' dir='ltr'><strong><em>quidam</em></strong></span> <span class='ocrx_word' id='word_1_204' title='bbox 704 2933 856 2988; x_wconf 88' lang='lat' dir='ltr'><strong><em>auctores</em></strong></span> <span class='ocrx_word' id='word_1_205' title='bbox 862 2973 872 3006; x_wconf 92' lang='lat'><strong><em>,</em></strong></span> <span class='ocrx_word' id='word_1_206' title='bbox 904 2924 952 2987; x_wconf 90' lang='lat' dir='ltr'><strong><em>uti</em></strong></span> <span class='ocrx_word' id='word_1_207' title='bbox 975 2919 1148 3008; x_wconf 79' lang='lat' dir='ltr'><strong><em>Pichler,³)</em></strong></span> 
     </span>
     <span class='ocr_line' id='line_1_27' title="bbox 34 3019 1148 3104; baseline -0.004 -18"><span class='ocrx_word' id='word_1_208' title='bbox 34 3023 103 3088; x_wconf 89' lang='lat' dir='ltr'><strong><em>dnm</em></strong></span> <span class='ocrx_word' id='word_1_209' title='bbox 127 3021 286 3087; x_wconf 86' lang='lat' dir='ltr'><strong><em>Photinm</em></strong></span> <span class='ocrx_word' id='word_1_210' title='bbox 310 3020 494 3086; x_wconf 84' lang='lat' dir='ltr'><strong><em>defendunt</em></strong></span> <span class='ocrx_word' id='word_1_211' title='bbox 522 3030 555 3084; x_wconf 90' lang='lat' dir='ltr'><strong><em>et</em></strong></span> <span class='ocrx_word' id='word_1_212' title='bbox 578 3029 755 3102; x_wconf 85' lang='lat' dir='ltr'><strong><em>excusant,</em></strong></span> <span class='ocrx_word' id='word_1_213' title='bbox 789 3019 963 3084; x_wconf 88' lang='lat' dir='ltr'><strong><em>Nicolaum</em></strong></span> <span class='ocrx_word' id='word_1_214' title='bbox 995 3028 1148 3104; x_wconf 86' lang='lat' dir='ltr'><strong><em>arguunt,</em></strong></span> 
     </span>
     <span class='ocr_line' id='line_1_28' title="bbox 34 3116 1149 3208; baseline -0.004 -24"><span class='ocrx_word' id='word_1_215' title='bbox 34 3121 113 3206; x_wconf 92' lang='lat' dir='ltr'><strong><em>qnod</em></strong></span> <span class='ocrx_word' id='word_1_216' title='bbox 136 3123 210 3208; x_wconf 88' lang='lat' dir='ltr'><strong><em>ipse</em></strong></span> <span class='ocrx_word' id='word_1_217' title='bbox 234 3129 267 3184; x_wconf 88' lang='lat' dir='ltr'><strong><em>et</em></strong></span> <span class='ocrx_word' id='word_1_218' title='bbox 290 3119 488 3183; x_wconf 89' lang='lat' dir='ltr'><strong><em>missionarii</em></strong></span> <span class='ocrx_word' id='word_1_219' title='bbox 512 3118 554 3183; x_wconf 89' lang='lat' dir='ltr'><strong><em>ab</em></strong></span> <span class='ocrx_word' id='word_1_220' title='bbox 579 3141 616 3184; x_wconf 90' lang='lat' dir='ltr'><strong><em>eo</em></strong></span> <span class='ocrx_word' id='word_1_221' title='bbox 641 3121 676 3183; x_wconf 93' lang='lat' dir='ltr'><strong><em>in</em></strong></span> <span class='ocrx_word' id='word_1_222' title='bbox 699 3118 892 3204; x_wconf 81' lang='lat' dir='ltr'><strong><em>Bulgariam</em></strong></span> <span class='ocrx_word' id='word_1_223' title='bbox 916 3119 1022 3198; x_wconf 86' lang='lat' dir='ltr'><strong><em>missi,</em></strong></span> <span class='ocrx_word' id='word_1_224' title='bbox 1047 3116 1149 3181; x_wconf 91' lang='lat' dir='ltr'><strong><em>ambi·</em></strong></span> 
     </span>
     <span class='ocr_line' id='line_1_29' title="bbox 34 3213 1150 3302; baseline 0 -22"><span class='ocrx_word' id='word_1_225' title='bbox 34 3221 111 3283; x_wconf 83' lang='lat' dir='ltr'><strong><em>tione</em></strong></span> <span class='ocrx_word' id='word_1_226' title='bbox 136 3216 191 3282; x_wconf 91' lang='lat' dir='ltr'><strong><em>vel</em></strong></span> <span class='ocrx_word' id='word_1_227' title='bbox 217 3215 375 3282; x_wconf 88' lang='lat' dir='ltr'><strong><em>violentia</em></strong></span> <span class='ocrx_word' id='word_1_228' title='bbox 399 3239 458 3280; x_wconf 90' lang='lat' dir='ltr'><strong><em>sua</em></strong></span> <span class='ocrx_word' id='word_1_229' title='bbox 481 3218 738 3302; x_wconf 87' lang='lat' dir='ltr'><strong><em>provocaverint</em></strong></span> <span class='ocrx_word' id='word_1_230' title='bbox 761 3215 917 3280; x_wconf 91' lang='lat' dir='ltr'><strong><em>Photium</em></strong></span> <span class='ocrx_word' id='word_1_231' title='bbox 941 3215 984 3280; x_wconf 92' lang='lat' dir='ltr'><strong><em>ad</em></strong></span> <span class='ocrx_word' id='word_1_232' title='bbox 1009 3213 1150 3300; x_wconf 85' lang='lat' dir='ltr'><strong><em>encycli-</em></strong></span> 
     </span>
     <span class='ocr_line' id='line_1_30' title="bbox 33 3309 1150 3400; baseline -0.004 -20"><span class='ocrx_word' id='word_1_233' title='bbox 33 3337 97 3380; x_wconf 84' lang='lat' dir='ltr'><strong><em>cam</em></strong></span> <span class='ocrx_word' id='word_1_234' title='bbox 121 3315 216 3382; x_wconf 89' lang='lat' dir='ltr'><strong><em>illam</em></strong></span> <span class='ocrx_word' id='word_1_235' title='bbox 238 3311 524 3400; x_wconf 85' lang='lat' dir='ltr'><strong><em>promulgandam.</em></strong></span> <span class='ocrx_word' id='word_1_236' title='bbox 555 3309 621 3378; x_wconf 87' lang='lat' dir='ltr'><strong><em>Sed</em></strong></span> <span class='ocrx_word' id='word_1_237' title='bbox 637 3314 770 3378; x_wconf 92' lang='lat' dir='ltr'><strong><em>omnino</em></strong></span> <span class='ocrx_word' id='word_1_238' title='bbox 796 3311 954 3397; x_wconf 87' lang='lat' dir='ltr'><strong><em>injustam</em></strong></span> <span class='ocrx_word' id='word_1_239' title='bbox 978 3335 1048 3376; x_wconf 90' lang='lat' dir='ltr'><strong><em>esse</em></strong></span> <span class='ocrx_word' id='word_1_240' title='bbox 1063 3311 1150 3376; x_wconf 89' lang='lat' dir='ltr'><strong><em>hanc</em></strong></span> 
     </span>
     <span class='ocr_line' id='line_1_31' title="bbox 32 3409 1151 3500; baseline -0.002 -24"><span class='ocrx_word' id='word_1_241' title='bbox 32 3415 271 3480; x_wconf 85' lang='lat' dir='ltr'><strong><em>accusationem</em></strong></span> <span class='ocrx_word' id='word_1_242' title='bbox 295 3411 408 3500; x_wconf 88' lang='lat' dir='ltr'><strong><em>liquet,</em></strong></span> <span class='ocrx_word' id='word_1_243' title='bbox 432 3413 460 3474; x_wconf 89' lang='lat' dir='ltr'><strong><em>si</em></strong></span> <span class='ocrx_word' id='word_1_244' title='bbox 483 3431 593 3476; x_wconf 86' lang='lat' dir='ltr'><strong><em>rerum</em></strong></span> <span class='ocrx_word' id='word_1_245' title='bbox 610 3411 768 3497; x_wconf 87' lang='lat' dir='ltr'><strong><em>adjuncta</em></strong></span> <span class='ocrx_word' id='word_1_246' title='bbox 784 3411 1045 3498; x_wconf 86' lang='lat' dir='ltr'><strong><em>perpenduntur.</em></strong></span> <span class='ocrx_word' id='word_1_247' title='bbox 1074 3409 1151 3474; x_wconf 92' lang='lat' dir='ltr'><strong><em>Bul-</em></strong></span> 
     </span>
     <span class='ocr_line' id='line_1_32' title="bbox 32 3507 1149 3596; baseline -0.005 -18"><span class='ocrx_word' id='word_1_248' title='bbox 32 3533 180 3596; x_wconf 81' lang='lat' dir='ltr'><strong><em>garorum</em></strong></span> <span class='ocrx_word' id='word_1_249' title='bbox 214 3531 353 3596; x_wconf 85' lang='lat' dir='ltr'><strong><em>regnum</em></strong></span> <span class='ocrx_word' id='word_1_250' title='bbox 387 3510 487 3573; x_wconf 88' lang='lat' dir='ltr'><strong><em>situm</em></strong></span> <span class='ocrx_word' id='word_1_251' title='bbox 520 3519 591 3573; x_wconf 88' lang='lat' dir='ltr'><strong><em>erat</em></strong></span> <span class='ocrx_word' id='word_1_252' title='bbox 621 3512 656 3574; x_wconf 91' lang='lat' dir='ltr'><strong><em>in</em></strong></span> <span class='ocrx_word' id='word_1_253' title='bbox 685 3507 839 3594; x_wconf 87' lang='lat' dir='ltr'><strong><em>Illyrico,</em></strong></span> <span class='ocrx_word' id='word_1_254' title='bbox 882 3508 970 3594; x_wconf 93' lang='lat' dir='ltr'><strong><em>quod</em></strong></span> <span class='ocrx_word' id='word_1_255' title='bbox 1002 3508 1043 3572; x_wconf 90' lang='lat' dir='ltr'><strong><em>de</em></strong></span> <span class='ocrx_word' id='word_1_256' title='bbox 1074 3507 1149 3593; x_wconf 89' lang='lat' dir='ltr'><strong><em>jure</em></strong></span> 
     </span>
     <span class='ocr_line' id='line_1_33' title="bbox 33 3605 1149 3694; baseline 0.002 -25"><span class='ocrx_word' id='word_1_257' title='bbox 33 3609 197 3694; x_wconf 79' lang='lat' dir='ltr'><strong><em>spectabat</em></strong></span> <span class='ocrx_word' id='word_1_258' title='bbox 221 3607 264 3672; x_wconf 90' lang='lat' dir='ltr'><strong><em>ad</em></strong></span> <span class='ocrx_word' id='word_1_259' title='bbox 279 3605 539 3692; x_wconf 88' lang='lat' dir='ltr'><strong><em>patriarchatum</em></strong></span> <span class='ocrx_word' id='word_1_260' title='bbox 555 3605 794 3670; x_wconf 85' lang='lat' dir='ltr'><strong><em>occidentalem</em></strong></span> <span class='ocrx_word' id='word_1_261' title='bbox 810 3607 951 3672; x_wconf 88' lang='lat' dir='ltr'><strong><em>Romani</em></strong></span> <span class='ocrx_word' id='word_1_262' title='bbox 968 3607 1149 3672; x_wconf 86' lang='lat' dir='ltr'><strong><em>Pontificis.</em></strong></span> 
     </span>
     <span class='ocr_line' id='line_1_34' title="bbox 35 3703 1150 3792; baseline 0 -24"><span class='ocrx_word' id='word_1_263' title='bbox 35 3707 196 3788; x_wconf 84' lang='lat' dir='ltr'><strong><em>Vidimus,</em></strong></span> <span class='ocrx_word' id='word_1_264' title='bbox 221 3728 241 3768; x_wconf 91' lang='lat' dir='ltr'><strong><em>a</em></strong></span> <span class='ocrx_word' id='word_1_265' title='bbox 264 3705 377 3768; x_wconf 89' lang='lat' dir='ltr'><strong><em>Leone</em></strong></span> <span class='ocrx_word' id='word_1_266' title='bbox 400 3703 514 3768; x_wconf 86' lang='lat' dir='ltr'><strong><em>Isauro</em></strong></span> <span class='ocrx_word' id='word_1_267' title='bbox 539 3704 582 3792; x_wconf 85' lang='lat' dir='ltr'><strong><em>(a.</em></strong></span> <span class='ocrx_word' id='word_1_268' title='bbox 610 3703 837 3790; x_wconf 76' lang='lat' dir='ltr'><strong><em>730)111yrici</em></strong></span> <span class='ocrx_word' id='word_1_269' title='bbox 869 3705 1059 3792; x_wconf 83' lang='lat' dir='ltr'><strong><em>provincias</em></strong></span> <span class='ocrx_word' id='word_1_270' title='bbox 1083 3705 1150 3768; x_wconf 86' lang='lat' dir='ltr'><strong><em>vio-</em></strong></span> 
     </span>
     <span class='ocr_line' id='line_1_35' title="bbox 33 3800 1149 3892; baseline -0.002 -24"><span class='ocrx_word' id='word_1_271' title='bbox 33 3805 129 3870; x_wconf 85' lang='lat' dir='ltr'><strong><em>lenter</em></strong></span> <span class='ocrx_word' id='word_1_272' title='bbox 148 3801 284 3892; x_wconf 88' lang='lat' dir='ltr'><strong><em>juribus</em></strong></span> <span class='ocrx_word' id='word_1_273' title='bbox 307 3800 585 3888; x_wconf 86' lang='lat' dir='ltr'><strong><em>patriarchalibus</em></strong></span> <span class='ocrx_word' id='word_1_274' title='bbox 600 3802 741 3866; x_wconf 87' lang='lat' dir='ltr'><strong><em>Romani</em></strong></span> <span class='ocrx_word' id='word_1_275' title='bbox 758 3801 930 3867; x_wconf 89' lang='lat' dir='ltr'><strong><em>Pontificis</em></strong></span> <span class='ocrx_word' id='word_1_276' title='bbox 954 3800 1149 3884; x_wconf 88' lang='lat' dir='ltr'><strong><em>subtractas,</em></strong></span> 
     </span>
    </p>
   </div>
   <div class='ocr_carea' id='block_1_3' title="bbox 37 3963 242 3976">
    <p class='ocr_par' dir='ltr' id='par_1_4' title="bbox 37 3963 242 3976">
     <span class='ocr_line' id='line_1_36' title="bbox 37 3963 242 3976; baseline -0.01 0"><span class='ocrx_word' id='word_1_277' title='bbox 37 3963 242 3976; x_wconf 72' lang='lat'><strong>-—-——-—-—-¹·</strong></span> 
     </span>
    </p>
   </div>
   <div class='ocr_carea' id='block_1_4' title="bbox 33 4039 1151 4271">
    <p class='ocr_par' dir='ltr' id='par_1_5' title="bbox 33 4039 1151 4271">
     <span class='ocr_line' id='line_1_37' title="bbox 100 4039 914 4109; baseline -0.002 -12"><span class='ocrx_word' id='word_1_278' title='bbox 100 4045 120 4109; x_wconf 88' lang='lat'><strong><em>¹)</em></strong></span> <span class='ocrx_word' id='word_1_279' title='bbox 138 4041 232 4097; x_wconf 68' lang='lat' dir='ltr'><strong><em>Inbho</em></strong></span> <span class='ocrx_word' id='word_1_280' title='bbox 250 4039 328 4096; x_wconf 87' lang='lat' dir='ltr'><strong>VIII.</strong></span> <span class='ocrx_word' id='word_1_281' title='bbox 347 4040 489 4095; x_wconf 75' lang='grc'><strong>4711471.</strong></span> <span class='ocrx_word' id='word_1_282' title='bbox 622 4039 645 4107; x_wconf 72' lang='lat'><strong><em>²)</em></strong></span> <span class='ocrx_word' id='word_1_283' title='bbox 663 4039 766 4095; x_wconf 86' lang='lat' dir='ltr'><strong><em>Ibidem</em></strong></span> <span class='ocrx_word' id='word_1_284' title='bbox 786 4041 834 4096; x_wconf 90' lang='lat' dir='ltr'><strong><em>col.</em></strong></span> <span class='ocrx_word' id='word_1_285' title='bbox 852 4043 914 4095; x_wconf 79' lang='lat'><strong><em>472.</em></strong></span> 
     </span>
     <span class='ocr_line' id='line_1_38' title="bbox 98 4118 1151 4190; baseline 0 -14"><span class='ocrx_word' id='word_1_286' title='bbox 98 4123 120 4190; x_wconf 86' lang='lat'><strong><em>¹)</em></strong></span> <span class='ocrx_word' id='word_1_287' title='bbox 140 4122 175 4177; x_wconf 87' lang='lat' dir='ltr'><strong><em>V.</em></strong></span> <span class='ocrx_word' id='word_1_288' title='bbox 194 4120 314 4186; x_wconf 76' lang='lat' dir='ltr'><strong><em>Pictum,</em></strong></span> <span class='ocrx_word' id='word_1_289' title='bbox 338 4118 498 4174; x_wconf 85' lang='lat' dir='ltr'><strong><em>Goschiohte</em></strong></span> <span class='ocrx_word' id='word_1_290' title='bbox 517 4119 564 4174; x_wconf 87' lang='lat' dir='ltr'><strong><em>der</em></strong></span> <span class='ocrx_word' id='word_1_291' title='bbox 582 4118 747 4176; x_wconf 80' lang='lat' dir='ltr'><strong><em>kirchliohen</em></strong></span> <span class='ocrx_word' id='word_1_292' title='bbox 766 4121 915 4189; x_wconf 77' lang='lat' dir='ltr'><strong><em>rPrennung</em></strong></span> <span class='ocrx_word' id='word_1_293' title='bbox 940 4120 1072 4175; x_wconf 83' lang='lat' dir='ltr'><strong><em>awischen</em></strong></span> <span class='ocrx_word' id='word_1_294' title='bbox 1090 4119 1151 4176; x_wconf 88' lang='lat' dir='ltr'><strong><em>dem</em></strong></span> 
     </span>
     <span class='ocr_line' id='line_1_39' title="bbox 33 4199 907 4271; baseline -0.001 -14"><span class='ocrx_word' id='word_1_295' title='bbox 33 4203 121 4257; x_wconf 78' lang='lat' dir='ltr'><strong><em>t&#39;tricnt</em></strong></span> <span class='ocrx_word' id='word_1_296' title='bbox 138 4201 197 4257; x_wconf 87' lang='lat' dir='ltr'><strong><em>und</em></strong></span> <span class='ocrx_word' id='word_1_297' title='bbox 215 4200 351 4266; x_wconf 86' lang='lat' dir='ltr'><strong><em>Occident‚</em></strong></span> <span class='ocrx_word' id='word_1_298' title='bbox 370 4199 400 4253; x_wconf 91' lang='lat' dir='ltr'><strong><em>B.</em></strong></span> <span class='ocrx_word' id='word_1_299' title='bbox 421 4199 443 4256; x_wconf 92' lang='lat'><strong><em>1.</em></strong></span> <span class='ocrx_word' id='word_1_300' title='bbox 462 4215 488 4267; x_wconf 86' lang='lat' dir='ltr'><strong><em>p.</em></strong></span> <span class='ocrx_word' id='word_1_301' title='bbox 509 4201 561 4254; x_wconf 83' lang='lat' dir='ltr'><strong><em>lus</em></strong></span> <span class='ocrx_word' id='word_1_302' title='bbox 578 4215 635 4266; x_wconf 86' lang='lat' dir='ltr'><strong><em>sqq.</em></strong></span> <span class='ocrx_word' id='word_1_303' title='bbox 655 4199 798 4268; x_wconf 73' lang='lat' dir='ltr'><strong><em>(Manchen</em></strong></span> <span class='ocrx_word' id='word_1_304' title='bbox 820 4200 907 4271; x_wconf 79' lang='lat'>1864).</span> 
     </span>
    </p>
   </div>
   <div class='ocr_carea' id='block_1_5' title="bbox 987 4289 1042 4343">
    <p class='ocr_par' dir='ltr' id='par_1_6' title="bbox 987 4289 1042 4343">
     <span class='ocr_line' id='line_1_40' title="bbox 987 4289 1042 4343; baseline 0 -22"><span class='ocrx_word' id='word_1_305' title='bbox 987 4289 1042 4343; x_wconf 61' lang='lat'><strong><em>24*</em></strong></span> 
     </span>
    </p>
   </div>
   <div class='ocr_carea' id='block_1_6' title="bbox 0 0 1470 4836">
    <p class='ocr_par' dir='ltr' id='par_1_7' title="bbox 0 0 1470 4836">
     <span class='ocr_line' id='line_1_41' title="bbox 0 0 1470 4836; baseline 0 0"><span class='ocrx_word' id='word_1_306' title='bbox 0 0 1470 4836; x_wconf 95' lang='lat' dir='ltr'><strong><em> </em></strong></span> 
     </span>
    </p>
   </div>
  </div>
 </body>
</html>
