2898 4836
319 487 354 541 ec
498 489 600 544 svin.
632 491 671 543 ne
690 491 817 544 Romans
836 489 1014 546 solimanus
1032 491 1133 546 saecun
1151 459 1255 547 cecini.

240 707 244 715 Α
318 631 409 696 orella
433 630 618 696 manuscula
641 631 833 712 obtulerant,
863 657 922 719 per
953 633 1092 698 triduum
1126 659 1147 698 a
1168 633 1294 720 palatio
1319 633 1412 697 reclusi

317 727 406 793 trullo
430 740 556 815 eccepto
579 751 728 816 responso
751 729 930 808 redierunt,
958 732 1042 817 qnod
1067 733 1210 818 peccatis
1235 732 1344 796 metris
1363 732 1411 794 ee·-

317 826 460 913 9ectilms
477 829 646 914 provenire
660 851 724 892 non
740 839 786 893 eat
808 827 947 908 dubium,
971 840 1007 893 ot
1025 832 1173 894 Romanu
1196 829 1330 908 ecclesio,
1352 851 1413 914 pam

318 935 418 988 mater
441 936 470 989 et
493 935 589 1011 caput
611 925 810 990 ecelesiarum-
834 927 971 990 omnium
994 937 1053 1005 eet,
1076 949 1140 1013 per
1163 927 1355 1014 tyrannidem
1374 949 1412 1010 op·

315 1045 428 1108 pressa
456 1023 677 1104 debilitetur)
730 1023 887 1088 Attamen
921 1045 988 1089 non
1019 1025 1153 1090 omnino
1187 1023 1351 1089 fidendum
1379 1038 1414 1086 est

318 1119 396 1184 huic
419 1121 602 1186 assertioni.
649 1122 767 1207 Legati
802 1124 951 1187 enimin
984 1123 1149 1188 mandatis
1181 1121 1363 1188 habebant.
1390 1133 1415 1182 ιιι

318 1220 524 1302 specietenus
547 1227 675 1282 tantum
700 1219 855 1284 Pontifici
880 1240 1015 1283 cansam
1040 1219 1081 1284 de
1104 1242 1171 1307 qua
1194 1219 1352 1305 agebatur
1372 1219 1416 1282 sol·

318 1316 462 1398 vendam
486 1329 717 1401 proponerent,
742 1317 873 1381 infectis
896 1329 1008 1381 autem
1031 1317 1131 1382 rebus
1153 1317 1311 1399 redirent,
1333 1329 1365 1380 ut
1384 1316 1415 1379 ab

317 1414 482 1498 episcopis
497 1412 626 1478 Galliae
648 1413 726 1478 dein
742 1436 793 1478 res
817 1414 1066 1496 dirimeremr.²)
1081 1414 1206 1481 -Sed
1232 1416 1274 1481 de
1297 1417 1355 1480 ista
1374 1414 1416 1478 lite

318 1510 426 1596 quoad
457 1511 680 1597 praesulatum
704 1511 924 1576 Rhomensem
950 1514 1022 1599 jam
1054 1513 1166 1598 aliqua
1189 1513 1301 1578 dicere
1321 1535 1416 1578 oonte-

318 1612 383 1692 nit3
409 1612 442 1673 in
467 1609 530 1673 hac
554 1611 643 1673 enim
667 1631 767 1674 causa
790 1611 934 1695 primum
951 1609 1180 1675 vehementior
1202 1613 1343 1676 occurrit
1359 1609 1417 1674 (lal-

316 1707 424 1771 lorum
447 1709 481 1771 in
505 1706 625 1771 Sedem
650 1706 875 1792 Apostolicam
899 1706 1005 1782 lucta,
1038 1709 1073 1772 in
1097 1730 1163 1794 qna
1187 1711 1308 1794 partim
1331 1711 1418 1772 nitun-

317 1815 370 1869 tur
401 1804 553 1889 lugendis
585 1804 648 1868 illis
672 1805 856 1886 eventibus,
888 1807 944 1891 qni
969 1805 1067 1890 paulo
1098 1815 1175 1870 ante
1203 1807 1327 1872 Romae
1352 1807 1417 1870 acci·

319 1903 445 1968 derant.

288 2045 298 2073 ι
407 2021 459 2082 96.
500 2017 704 2102 Arnnlphus,
729 2018 879 2082 Lotharii
916 2019 1084 2105 qnondam
1113 2019 1318 2084 Francorum
1351 2018 1418 2100 repr

193 2167 213 2196 m
262 2115 290 2192 ,'
319 2118 405 2182 lilius
439 2116 575 2196 nothus,
610 2138 696 2181 anno
722 2117 786 2180 988
819 2116 862 2181 ab
886 2116 1029 2200 Hugone
1065 2116 1198 2203 (Capet)
1232 2126 1266 2180 et
1297 2114 1417 2180 Roberlo

318 2216 388 2300 ejus
416 2214 483 2278 filio
508 2215 712 2280 Francorum
741 2214 875 2299 regibus
909 2224 1077 2300 promotus
1108 2224 1156 2279 est
1187 2214 1230 2278 ad
1264 2213 1419 2298 archiepis-

314 2322 472 2399 copatum
495 2311 731 2394 Rhemenscm,
763 2313 989 2376 consentiente
1021 2312 1106 2377 clero
1132 2323 1164 2376 et
1194 2311 1328 2397 populo.
1369 2306 1417 2372 Sed

317 2412 411 2476 brevi
434 2422 511 2497 post
533 2411 575 2474 ob
592 2413 717 2474 motiva
742 2431 807 2474 uon
824 2410 922 2496 plane
945 2409 1034 2474 levia
1053 2412 1087 2474 in
1104 2412 1329 2496 suspicionem
1343 2406 1418 2471 vele·

318 2521 460 2574 mentem
484 2511 578 2573 venit
600 2508 689 2594 apud
713 2529 835 2593 regem,
860 2507 948 2593 quod
972 2517 1073 2574 staret
1096 2531 1116 2573 a
1138 2507 1291 2594 partibus
1308 2506 1417 2594 propin·

316 2609 373 2694 qni
397 2609 447 2672 sui
473 2604 581 2670 Caroli
598 2605 835 2691 Lotharingiae
859 2605 953 2671 ducis
977 2607 1034 2690 qni
1061 2605 1125 2670 sibi
1143 2606 1223 2692 jura
1246 2605 1283 2669 in
1298 2623 1416 2688 regnan

292 2705 521 2783 ‚Francorum
555 2703 764 2784 vindicabat,
800 2703 954 2789 quodque
993 2704 1096 2789 ipsius
1134 2702 1324 2787 proditione
1353 2699 1418 2764 Rhe

317 2823 444 2868 morum
468 2801 547 2867 urbs
570 2803 607 2866 in'
628 2811 823 2887 potestatem
848 2798 957 2866 Caroli
981 2803 1135 2866 venisset.
1182 2801 1286 2865 Anno
1315 2799 1416 2864 Christi

316 2902 382 2967 990
406 2902 506 2985 igitur·
538 2921 598 2963 rex
621 2909 654 2963 et
676 2900 876 2984 suffraganei
900 2899 1046 2984 episcopi
1076 2897 1333 2963 archidioecesis
1353 2895 1418 2959 Rhe--

316 3001 438 3062 mensis
460 2998 584 3082 legatos
601 2998 762 3062 miserunt
777 3007 891 3061 contra
905 2994 1116 3109 Arnulphum
1133 2995 1175 3060 ad
1189 2992 1448 3064 Joannele

316 3095 521 3176 Pontificem,
538 3115 680 3179 eumque
694 3094 900 3159 infidelitatis
923 3104 956 3158 et
969 3095 1109 3178 insignis
1133 3093 1331 3178 proditionis
1345 3113 1416 3156 reum
1447 3103 1448 3140 ι

316 3195 432 3275 fecere,
457 3191 670 3280 postulantes,
696 3190 809 3256 nisibi
833 3191 989 3256 liceret
961 3214 991 3255 er
1008 3191 1333 3277 archiepiscopatum
1345 3187 1418 3253 ebro·
1447 3177 1448 3256 l

315 3314 403 3376 gare
450 3291 525 3372 Sed,
551 3292 599 3356 uti
630 3291 780 3375 superius
804 3289 966 3368 vidimus,
997 3287 1089 3353 nullo
1116 3299 1253 3374 accepto
1283 3299 1448 3403 responso

315 3389 413 3475 legati
444 3410 531 3453 anno
559 3388 664 3452 991
655 3410 690 3451 ιιι
719 3385 863 3452 Galliam
893 3387 1074 3452 redierunt
1126 3388 1212 3474 lpeie
1234 3389 1351 3473 qnippe
1377 3407 1417 3446 rer
1447 3393 1448 3430 l

314 3489 447 3552 dederat
469 3489 504 3550 in
526 3487 698 3566 mandatis,
723 3487 769 3549 ait
785 3483 912 3550 Natalis
929 3483 1121 3550 Alexander
1142 3483 1163 3548 l.
1187 3506 1228 3564 e,
1253 3495 1289 3548 at
1310 3481 1416 3546 aediti
1447 3495 1448 3530 ι

316 3585 461 3670 Pontifici
484 3584 599 3649 litteris
612 3585 721 3648 statim
736 3593 962 3648 reverterentur
984 3603 1040 3646 nco
1054 3582 1252 3646 audientiam
1262 3581 1415 3668 plerane
1447 3595 1448 3632 ι

314 3693 539 3770 euspectarect.
587 3681 733 3746 Artenam
751 3705 832 3768 pror
832 3705 885 3747 ece
908 3678 1084 3763 consilinm,
1108 3689 1141 3744 ot
1164 3701 1221 3743 aec
1244 3677 1414 3742 reserenda
1447 3719 1448 3726 ι

316 3782 408 3847 Sedis
432 3779 645 3872 Apostolicac
658 3779 797 3865 defuisse
819 3779 1018 3856 viderentur,
1049 3801 1106 3842 aec
1129 3779 1250 3841 Romae
1282 3775 1448 3866 dijudico
1447 3811 1448 3842 ι

314 3891 401 3944 retur
424 3877 584 3963 Arnulplai
606 3898 713 3956 occec,
737 3899 831 3963 qaam
852 3877 936 3961 repis
962 3876 1118 3939 intererat
1146 3895 1211 3938 aon
1240 3875 1323 3939 alibi
1343 3893 1414 3958 qnare

315 3981 349 4042 in
371 3999 466 4062 ropac
483 3975 638 4068 judicari.

388 4135 461 4206 ¹.)V
480 4133 561 4204 Pagn
573 4133 695 4188 Breuar
709 4133 758 4187 sub
771 4132 876 4187 Joanne
889 4131 953 4185 XV
947 4147 1015 4200 ,.ap
1027 4129 1228 4196 Beroninmad,
1248 4147 1274 4185 a
1288 4128 1411 4185 wall

387 4215 408 4286 ¹)
428 4215 483 4271 Cfr
504 4215 599 4268 Baron.
619 4213 653 4266 ed
673 4229 689 4266 s
707 4213 767 4267 991.
788 4219 817 4266 et
830 4211 937 4266 Natalis
951 4211 1111 4276 Alexander
1130 4209 1202 4265 Hist
1222 4211 1278 4265 eccl
1306 4211 1372 4264 Suu
1384 4203 1411 4257 ll

314 4295 395 4349 etX.
415 4293 479 4362 esp.
498 4295 520 4350 1.
540 4295 599 4347 Art.
619 4293 718 4348 XXIV
755 4294 795 4348 De
814 4293 919 4348 loanne
938 4291 1004 4346 XIV
1022 4291 1174 4348 eeJoanne
1191 4290 1253 4347 XV.
