2952 4832
322 494 374 545 ‘240
569 495 642 550 XXI
664 497 748 554 DeS.
768 498 899 566 Gregorio
918 497 973 552 VII
991 498 1066 552 Rom.
1085 499 1225 554 Pontifice

161 635 212 684 ΕΜ
202 645 304 686 ⁸¹¹¹¹¹⁰⁰1²⁰
411 638 463 702 m
492 639 670 704 Anselmus
686 639 745 726 (II)
758 639 922 706 Lucensis
945 643 1031 725 parit
1032 663 1068 706 er
1018 641 1132 707 tde
1147 645 1211 707 ista
1235 647 1415 729 oppositione

182 715 209 755 ⁰
210 706 295 756 ‘mm'
289 650 465 820 lloquitur
488 745 601 800 contra
623 736 875 804 WibertumL.
898 739 942 804 11.
991 739 1072 804 Suet
1093 741 1167 804 item
1195 743 1252 826 qui
1278 743 1414 832 objiciam

320 830 443 912 scribit,
476 831 648 898 Nicolaum
670 839 831 926 juniorem
864 837 985 902 decreto
1017 839 1132 924 maedi
1158 843 1365 919 constituisse,
1392 855 1415 904 st

320 931 448 998 obeunte
471 931 656 1016 Apostolico
685 957 842 1000 successor
873 933 1047 1022 stiparetur,
1082 949 1111 1000 et
1099 938 1250 1002 telectio
1283 945 1347 1029 ejm
1365 961 1413 1022 rep

318 1031 542 1114 rectificaretur,
562 1032 660 1117 facto
682 1055 753 1098 cero
778 1032 935 1111 electione,
965 1044 995 1098 et
1016 1045 1051 1098 ut
1068 1037 1272 1121 praedictum
1305 1049 1348 1101 est
1367 1061 1416 1120 rep

319 1131 491 1214 notificato,
524 1132 572 1194 ita
595 1131 717 1194 demum
744 1131 897 1216 poetasse
920 1145 1163 1198 manserat-etur.
1214 1133 1309 1209 Quod
1330 1139 1356 1200 ei
1374 1137 1414 1198 ai-

319 1229 500 1292 mitteudum
534 1239 580 1292 est
611 1239 646 1292 ut
669 1230 793 1292 ratione
808 1229 937 1314 faamm
959 1231 1095 1309 dicatur,
1130 1232 1295 1321 objicimus
1318 1236 1357 1298 ad
1376 1236 1417 1296 ior

318 1327 562 1412 confutandum:
580 1327 768 1413 praefatum
790 1350 891 1411 repam
914 1339 943 1390 et
967 1329 1135 1412 optimates
1158 1335 1225 1418 ejus
1249 1355 1282 1394 se
1306 1357 1342 1396 eo
1363 1356 1415 1396 eoa-

317 1427 478 1489 stitutioae
501 1426 648 1510 iadipnos
672 1426 808 1511 fecisse,
836 1427 977 1510 primum
1006 1427 1081 1510 quia
1112 1439 1227 1513 postca
1250 1429 1417 1516 praefatam

319 1523 488 1586 Nicolaum
515 1521 729 1587 Colonieusem
761 1524 1029 1609 archiepiscopum
1053 1525 1258 1607 (Annonem)
1289 1549 1346 1612 pro
1367 1529 1417 1590 suis

317 1621 492 1686 accessibus
515 1622 705 1707 corripuisse
735 1623 875 1705 praviter
905 1621 1052 1700 tulerunt,
1085 1645 1210 1708 eumque
1235 1623 1418 1706 (Nicolaum)

315 1721 406 1809 hujus
433 1720 539 1804 pratia
568 1729 718 1804 quantum
747 1721 782 1781 ia
810 1743 841 1782 se
866 1729 934 1782 erat
958 1743 979 1782 a
995 1731 1124 1805 papatu
1147 1721 1368 1805 deposuerunt,
1396 1733 1417 1780 et

317 1841 425 1882 nomeu
449 1817 585 1906 ejusdem
607 1820 642 1880 iu
665 1839 782 1880 caueae
807 1817 1049 1880 commorationis
1079 1821 1240 1882 momiaori
1262 1831 1419 1898 vetuerant,

314 1918 443 2002 ideoque
467 1917 622 1979 decretum
645 1919 711 2002 ejus
735 1916 772 1978 de
788 1919 864 2002 jure
887 1917 1013 1978 irritum
1029 1937 1093 1979 csse
1112 1916 1246 1999 detecte,
1270 1921 1345 2002 quio
1365 1939 1419 1978 earo

315 2040 335 2078 a
359 2025 421 2078 toto
446 2013 517 2077 orbe
541 2014 633 2098 Papa
657 2013 831 2092 haberetur,
849 2017 949 2099 jueta
973 2013 1148 2077 eorumdem
1171 2019 1358 2080 commeatione
1378 2019 1420 2079 te-

314 2114 383 2176 dam
406 2113 498 2197 Papo
528 2134 591 2174 noa
617 2111 696 2196 fuit.
730 2149 770 2158 -
803 2109 873 2174 Nec
897 2113 1007 2174 minus
1034 2110 1218 2176 Alexandri
1243 2113 1278 2178 II
1302 2129 1333 2178 et
1356 2113 1421 2178 Gre-

312 2212 395 2292 gorii
411 2209 477 2272 VII
500 2209 719 2290 adversarius,
735 2209 845 2272 Benzo
863 2207 1019 2272 Albeaeie
1035 2210 1221 2294 episcopus,
1245 2213 1365 2278 similia
1384 2234 1421 2274 re-

312 2310 390 2372 fert:
431 2307 530 2371 maer
559 2306 676 2385 dicere,
708 2305 836 2386 scribit,
875 2316 949 2391 quot
980 2318 1009 2370 et
1039 2307 1147 2391 quomo
1178 2311 1263 2373 ciros
1292 2311 1422 2397 pulsarit

314 2405 480 2470 Fraudelli
502 2401 752 2486 (Hildebrandi)
776 2406 906 2467 insania
926 2427 986 2488 per
1010 2408 1351 2472 excommunicatricem
1371 2407 1422 2471 lia-

311 2527 403 2590 puam
435 2504 486 2566 eui
509 2505 679 2587 praeconis
704 2500 845 2582 (Nicolei
869 2500 927 2586 II).
960 2539 1003 2550 -
1035 2503 1088 2566 Ad
1110 2505 1339 2570 vindicandam
1361 2529 1422 2568 cero

312 2625 401 2666 suam
424 2602 617 2686 aliorumque
646 2602 796 2687 iujuriam
831 2603 932 2664 creuit
961 2623 992 2664 se
1017 2602 1112 2664 Arme
1141 2599 1348 2676 Catonianam,
1380 2629 1424 2666 ea·-

312 2701 438 2785 quisitie
469 2695 633 2763 adulterae
657 2699 838 2761 natiuitatis
862 2698 1109 2785 (Hildebrandi,
1134 2701 1180 2764 ita
1205 2703 1296 2766 enim
1322 2703 1424 2767 Benzc

312 2796 586 2876 columniabetnr)
618 2796 788 2879 flymeutis.
845 2793 1007 2860 Communi
1039 2819 1111 2881 erpo
1146 2821 1299 2864 consensu
1334 2802 1425 2864 ortiu-

311 2897 464 2959 ‹toaeorm
493 2895 611 2958 direxit
641 2891 693 2956 ilii
716 2895 1044 2958 eccommuaicctiouia
1067 2894 1243 2981 epistolam,
1278 2922 1342 2983 qaia
1365 2901 1424 2960 siser

311 2993 420 3057 doleas
444 3005 473 3056 et
496 3015 617 3078 pemeus
638 3003 835 3077 praesentem
860 2990 1042 3079 (Nicolaus)
1067 2995 1204 3060 deceruit
1227 2999 1373 3076 citam¹).

397 3100 449 3166 28.
473 3097 647 3184 Ejusmodi
672 3100 846 3162 commotio
872 3101 974 3182 igitur
998 3121 1111 3164 versas
1137 3101 1237 3166 finem
1261 3101 1424 3186 pontifica-

310 3195 550 3260 tusNicolaiII
573 3205 687 3260 contra
711 3199 820 3282 ipsum
846 3198 879 3261 in
896 3197 1079 3262 Germania
1102 3208 1215 3262 exorta
1239 3210 1299 3263 est.
1333 3199 1424 3262 Haud

310 3295 452 3358 dixerim
496 3303 606 3358 tamen
647 3316 684 3358 eo
720 3317 772 3358 res
809 3297 1020 3379 processisse,
1067 3307 1103 3360 ut
1135 3297 1175 3360 de
1205 3299 1426 3361 exeommuni-

309 3395 438 3456 catione
461 3404 622 3477 ageretur,
648 3401 679 3455 et
696 3403 896 3477 exaggerata
920 3392 1080 3458 videntur
1103 3417 1188 3479 quae
1212 3417 1253 3458 ex
1272 3396 1427 3460 Anselmo

309 3502 341 3553 et
364 3492 517 3555 Benzone
549 3491 646 3554 modo
671 3493 857 3556 citavimus.
905 3490 969 3556 Sed
996 3515 1038 3556 ex
1061 3505 1153 3577 perte
1177 3491 1353 3558 Pontifiois
1385 3515 1424 3554 se-

309 3591 453 3653 veriores
477 3589 682 3669 monitiones,
716 3599 748 3652 et
772 3611 813 3652 ex
833 3599 926 3675 parte
957 3589 1147 3676 praesulum
1179 3589 1328 3676 plurium
1352 3591 1426 3655 Ger·

309 3689 438 3752 maniae
462 3687 711 3772 protestationes
735 3687 998 3751 vehementiores
1023 3699 1137 3752 contra
1153 3687 1284 3752 decreta
1298 3689 1426 3754 Nicniai

307 3787 426 3848 missae
450 3796 536 3868 sunt,
561 3795 659 3870 atque
683 3786 782 3848 etiam
807 3809 831 3851 s.
850 3787 1026 3850 Annonem
1051 3787 1084 3850 in
1107 3785 1196 3850 hisce
1221 3799 1352 3872 partem
1378 3787 1425 3850 hs·

306 3883 426 3960 buisse,
452 3884 563 3966 negari
590 3905 655 3946 non
678 3891 795 3968 potest.
842 3884 912 3946 Nec
944 3905 1121 3965 censerem,
1157 3883 1288 3948 decreta
1314 3897 1427 3949 eontra

305 3983 479 4045 simoniam
504 3992 536 4043 et
550 3982 824 4045 incontinentiam
847 3983 1025 4067 praecipue
1042 3984 1203 4046 excitasse
1226 3981 1314 4046 hanc
1330 4005 1426 4068 appe

306 4080 475 4161 sitionem3
506 4079 539 4142 id
565 4081 654 4142 enim
688 4101 762 4142 eam
796 4079 905 4142 indole
936 4102 960 4145 s.
986 4081 1139 4144 Anncnis
1172 4101 1238 4145 non
1262 4083 1429 4164 congrait.

380 4272 400 4339 ¹)
420 4271 460 4323 Ad
479 4271 586 4325 Henric.
608 4272 638 4326 L.
658 4273 712 4326 Vii
741 4303 774 4312 —
794 4273 826 4324 V¹
848 4273 1007 4338 Watterieh‚
1026 4275 1047 4328 1.
1068 4291 1092 4342 p.
1113 4275 1174 4330 213.
