2904 4834
321 513 353 566 12
505 511 610 569 XVIII.
628 513 670 570 De
687 513 816 570 nemun
834 511 1012 582 Pontitteibus
1029 512 1132 570 scen
1150 513 1250 568 declini.

319 655 468 719 exercuit
499 654 682 738 influxum3
711 659 825 722 variae
846 653 1089 742 septentrionis
1113 655 1262 723 nationes
1284 654 1326 720 ad
1348 653 1415 720 obri

319 753 526 826 stiauismum
551 775 731 818 conversae
753 764 840 820 sunt

179 873 279 923 ΜΝ
409 869 461 934 13.
478 869 553 934 Non
568 877 707 955 possunt
722 871 824 954 igitur
838 871 980 934 nimium
996 869 1117 953 urgeri,
1130 889 1216 954 quse
1229 867 1318 954 apud
1331 889 1417 932 nuum

156 935 301 985 mmm
318 964 502 1030 alterumve
525 968 719 1052 scriptorem
743 968 918 1052 antiquum
941 967 984 1031 de
1004 967 1214 1052 corruptione
1227 987 1352 1032 morum
1364 987 1419 1029 sse

319 1063 384 1128 culi
418 1067 497 1130 noni
530 1066 767 1138 inveniuntur„
784 1111 786 1116 ,
803 1064 859 1130 Sic
890 1064 1006 1134 scribit
1037 1064 1174 1150 quidem
1206 1065 1242 1128 iu
1274 1063 1419 1130 Chronico

318 1159 770 1230 RobertusAltissidiorensis
794 1163 904 1248 quoad
924 1162 1017 1228 illum
1041 1171 1200 1228 aetatem:
1226 1161 1351 1245 „Valde
1370 1161 1420 1226 hoc

318 1269 466 1344 tempore
489 1262 691 1326 monasticae
714 1260 884 1346 religionis
897 1260 1010 1324 fervor
1023 1260 1058 1324 in
1073 1259 1241 1344 plerisque
1256 1259 1420 1325 Galliarum

318 1357 399 1424 loeis
422 1366 583 1442 tepuerat,
608 1368 640 1422 et
663 1379 758 1424 rarus
781 1360 817 1423 in
839 1357 950 1444 aliquo
975 1359 1159 1424 monastico
1182 1356 1301 1423 habitu
1322 1359 1421 1424 induto

320 1455 436 1520 muudi
461 1464 670 1542 contemptus
692 1456 936 1522 inveniebatur.
984 1455 1151 1520 Abbatioe
1175 1457 1338 1542 siqnitlem
1356 1459 1421 1520 anti·

319 1555 460 1638 quiores,
484 1575 570 1640 quae
594 1556 628 1620 in
653 1553 793 1618 urbibus
809 1555 972 1620 Franciae
994 1575 1055 1618 ceu
1080 1555 1195 1618 castris
1223 1554 1422 1622 nobilioribus

320 1652 450 1716 fuerant
472 1653 595 1732 editae,
629 1675 649 1716 a
671 1651 883 1738 religiosioris
906 1653 1065 1737 propositi
1088 1655 1220 1720 tramite
1243 1652 1326 1718 adeo
1349 1673 1422 1717 exor-

319 1748 524 1830 bitaverant,
559 1759 596 1814 ut
619 1771 726 1835 paene
750 1772 863 1815 omnes
887 1752 943 1837 qui
969 1752 1003 1814 in
1028 1751 1069 1814 iis
1093 1749 1219 1815 divinis
1240 1749 1424 1818 ridebantur

319 1847 500 1932 mancipati
524 1846 703 1934 obsequiis,
728 1850 816 1913 curis
839 1850 956 1913 cernis.
974 1871 1014 1914 ao
1037 1869 1122 1912 suae
1136 1849 1319 1914 voluntatis
1333 1849 1422 1914 studio

319 1954 352 2010 et
370 1947 546 2011 intentioni
563 1946 689 2014 addicti
705 1957 822 2011 essent.
855 1946 954 2012 Unde
967 1967 1033 2010 non
1050 1948 1213 2010 immerito
1226 1948 1365 2011 rariores
1375 1947 1422 2011 hoc

319 2055 468 2127 tempore
500 2043 665 2130 spiritales
689 2046 753 2108 viri
776 2045 930 2122 fuerunt,
963 2055 1001 2108 ut
1030 2046 1089 2108 vix
1112 2044 1166 2109 vel
1191 2065 1277 2110 unus
1303 2067 1423 2130 magnus

319 2141 437 2221 lamae,
448 2151 507 2205 aut
517 2144 701 2212 sanctitatis
712 2145 893 2206 immensae
903 2141 956 2205 his
966 2141 1084 2208 diebus
1096 2144 1262 2208 exstitisse
1271 2143 1421 2208 referatur.

319 2240 374 2324 qui
399 2241 479 2324 poni
502 2250 613 2324 posset
636 2242 670 2304 in
694 2241 802 2304 lucem
825 2241 985 2325 gentium,
1018 2249 1055 2302 nt
1078 2239 1166 2304 salus
1190 2248 1275 2304 esset
1298 2239 1358 2316 bis,
1380 2241 1422 2326 qui

319 2338 353 2402 ln
385 2339 541 2404 extremis
575 2339 729 2402 vitiorum
764 2338 887 2402 finibus
919 2337 1144 2403 morabantur.
1191 2338 1280 2402 Nam
1312 2349 1423 2424 praeter

319 2433 489 2501 Domuum
514 2434 666 2502 Odorem
688 2435 974 2520 religiosissimum
997 2435 1164 2518 abbatem,
1193 2437 1251 2522 qui
1276 2435 1339 2500 hoc
1360 2447 1422 2500 ten·

318 2552 397 2615 pore
427 2532 554 2617 floruit,
588 2534 749 2620 cujusque
780 2535 938 2598 sanctitas
968 2542 1001 2596 et
1030 2533 1147 2618 religio
1172 2555 1239 2602 nen
1263 2535 1422 2598 medices

318 2629 421 2694 fuisse
445 2633 626 2696 certissime
650 2629 902 2716 comprobatur,
929 2632 989 2694 vix
1012 2631 1133 2718 aliquis
1155 2633 1277 2696 enituit
1298 2635 1355 2718 qni
1375 2633 1422 2695 irs·

318 2737 432 2794 ternae
456 2731 671 2815 correptionis
694 2730 811 2794 ardore
834 2729 1076 2815 repleretur.“²)
1112 2729 1275 2816 Apprime
1298 2729 1423 2794 adhaec

319 2823 474 2890 observat
505 2828 628 2912 Pagius
658 2830 691 2892 in
725 2829 811 2892 notis
841 2826 885 2891 ad
908 2827 1044 2892 Beronii
1068 2827 1233 2908 Annales,
1270 2849 1345 2893 earn
1366 2849 1423 2891 esso

319 2925 593 2990 consuetudinem
624 2927 821 3010 scriptorum
852 2926 910 3010 qui
940 2933 1126 3011 temporum
1155 2925 1326 2990 historiam
1348 2947 1423 2988 enor-

318 3030 410 3102 rant‚
454 3031 491 3086 ut
531 3025 614 3087 vitia
645 3021 814 3107 generalia
846 3019 1011 3107 quibusve
1049 3022 1143 3086 multi
1176 3023 1290 3089 infecti
1324 3025 1363 3087 iis
1390 3023 1423 3086 lo·

319 3119 442 3204 quendi
467 3120 617 3184 termulis
641 3122 840 3206 exprimant,
866 3141 950 3206 quae
976 3122 1142 3184 neminem
1159 3120 1336 3186 excludere
1349 3121 1423 3184 vids·

318 3225 426 3282 antur.
465 3217 572 3303 quue
595 3217 737 3283 illustrat
760 3241 803 3282 ex
827 3216 992 3282 Gulielmo
1007 3217 1295 3284 Malmesbnriensi
1318 3223 1370 3306 qui
1392 3218 1424 3280 dr

319 3313 441 3378 saeculi
456 3318 608 3381 exeuntis
622 3317 791 3381 undecimi
805 3317 1015 3402 corruptione
1029 3337 1089 3402 per
1102 3315 1211 3380 labem
1224 3318 1423 3382 simoniacan

319 3411 417 3476 simili
450 3413 548 3498 plone
581 3416 707 3479 ratione
740 3413 904 3500 loquitur,
945 3435 985 3477 ao
1018 3415 1046 3477 si
1079 3414 1295 3480 ecclesiastici
1329 3435 1424 3479 omnes

318 3508 361 3574 od
396 3533 499 3574 unum
534 3513 697 3598 ejusmodi
731 3514 883 3596 contagio
920 3512 1033 3576 infecti
1066 3512 1257 3597 fuissenw)
1306 3511 1423 3578 Consul

319 3627 407 3690 vero,
432 3609 561 3673 saeculo
586 3609 762 3673 undecimo
788 3621 930 3673 exeunte
954 3609 1147 3696 neutiquam
1162 3609 1273 3675 labem
1286 3613 1423 3676 simonia-

393 3830 412 3899 ¹)
432 3831 482 3898 Ap.
500 3831 617 3898 Psgiuur
637 3831 671 3884 od
691 3845 715 3884 a.
735 3833 789 3884 900
806 3846 832 3884 m
854 3831 878 3884 1.

391 3909 412 3979 ¹)
431 3909 555 3978 Loquens
580 3911 613 3967 do
632 3910 840 3964 claromontano
858 3910 977 3965 Concilio
1001 3911 1051 3966 sub
1077 3911 1158 3966 finem
1181 3909 1284 3967 saeculi
1308 3907 1422 3966 auraici

318 3989 453 4044 celebrato
471 3991 581 4046 scribit:
608 3990 791 4057 „Simouioous
809 3991 909 4059 anguls
927 3991 970 4046 itu
987 3991 1120 4046 lubricum
1138 3997 1373 4060 cunctatorem,
1394 3991 1422 4042 in

319 4076 454 4124 venenato
472 4069 533 4126 fotu
551 4069 685 4124 mortiferi
703 4063 835 4138 germinis
853 4087 908 4126 ova
922 4077 1111 4138 vaporaverat,
1130 4077 1163 4128 ut
1175 4077 1250 4126 totns
1262 4066 1422 4127 erbulsent

318 4149 398 4204 sibilo
414 4150 533 4217 infectus
552 4150 747 4205 ecclesiasticos
765 4149 879 4206 honores
897 4159 1087 4219 corrumperet.
1115 4152 1191 4206 Tunc
1203 4151 1275 4206 enirn
1287 4167 1339 4205 non
1351 4150 1421 4203 bau

319 4221 435 4290 episcopi
454 4213 489 4274 ed
507 4221 643 4286 eeclesias,
662 4221 708 4276 sed
727 4222 908 4298 neovquilibet
925 4223 960 4276 ad
978 4223 1296 4290 memineramus,
1319 4221 1367 4276 uisi
1383 4233 1422 4286 per

318 4301 445 4367 pecunias
464 4299 627 4366 irritabat*
666 4301 706 4354 De
725 4301 808 4370 nege,
827 4301 858 4358 L.
877 4302 924 4375 IY.
945 4319 966 4356 o
987 4304 1011 4361 2,-
