3054 4834
489 517 665 570 t'ontiunatio
684 517 780 570 luctae.
1158 513 1210 566 373

175 663 227 725 22.
275 661 491 744 Privilegium
517 660 605 746 quod
630 661 796 725 Hearicus
821 660 851 720 V
875 681 894 722 a
918 657 1069 722 Paschali
1098 659 1128 720 u
1155 681 1207 719 rx·
1228 660 1366 740 reatinen

81 759 177 821 torsit
201 758 311 844 quoad
335 761 566 823 investituram
583 758 664 822 haec
680 758 842 822 habebat:
867 757 961 822 illam
984 758 1082 842 ipitnr
1105 729 1381 840 dipni-”hflm'

81 859 162 920 tatis
171 859 441 942 praeropativam,
466 881 559 944 quam
567 857 829 943 praedecessores
844 858 947 920 nostri
954 856 1207 941 precederessori-

78 954 141 1016 las
158 957 230 1029 tuis,
248 955 409 1018 cotlsolicis
425 956 679 1041 imperatoribus,
696 965 912 1019 concesserant
929 965 958 1016 et
970 954 1208 1040 priuilepioram

78 1055 213 1138 pupinia
236 1054 507 1136 confirmaverunt,
532 1077 589 1117 nos
613 1077 730 1138 qtcoque
747 1054 910 1117 dilectioni
926 1062 996 1114 tuae
1013 1051 1208 1114 concedi-mus

82 1163 114 1212 et
143 1154 323 1236 praesentis
353 1153 518 1238 priuilepii
545 1154 669 1236 papiria
705 1152 938 1234 confirmamus,
979 1161 1013 1212 nt
1042 1151 1131 1235 repsi
1162 1150 1210 1211 tui

77 1250 243 1334 episcopis
266 1247 314 1312 uel
327 1249 501 1319 abbatiae.
528 1250 624 1312 libere
642 1260 774 1336 praeter
797 1251 963 1312 simoniam
980 1259 1009 1311 et
1025 1247 1209 1311 uiolentiam

80 1345 199 1427 electis,
233 1350 451 1412 investituram
481 1348 621 1433 virpulue
654 1360 684 1412 et
717 1348 830 1411 annuli
858 1346 1014 1432 conferas.
1061 1347 1137 1408 Post
1161 1347 1208 1408 in-

75 1447 279 1509 vestitionem
301 1469 373 1510 aero
397 1447 580 1510 canonicam
604 1447 868 1509 consecrationem
888 1447 1050 1531 accipiant
1073 1444 1113 1508 ab
1129 1446 1208 1530 epis-

75 1567 171 1628 eopo,
197 1545 240 1606 nd
263 1567 351 1628 quern
372 1545 592 1630 pertinuerint.
642 1543 679 1607 Si
706 1546 776 1628 quis
806 1555 906 1607 autem
943 1567 963 1606 a
995 1541 1076 1606 clero
1102 1555 1131 1606 et
1150 1568 1208 1628 po·

76 1641 160 1726 palo
191 1652 323 1727 praeter
360 1653 445 1704 taum
480 1664 638 1705 assensum
672 1641 785 1705 electus
810 1641 928 1726 fuerit,
963 1642 1029 1704 nisi
1058 1666 1079 1704 a
1104 1653 1132 1703 te
1163 1643 1207 1703 in-

1 1753 3 1758 ⁴
81 1742 248 1819 vestiatur,
274 1764 294 1802 a¹
318 1741 438 1802 nemine
464 1750 666 1802 consecretur.
716 1739 800 1802 Sane
825 1740 965 1823 episcopi
988 1749 1017 1802 et
1041 1740 1208 1824 archiepis·

75 1838 157 1922 -copi
181 1836 357 1900 libertatem
379 1837 514 1900 labeant
538 1861 558 1900 a
583 1848 610 1899 te
635 1838 796 1900 investitos
820 1839 982 1922 episcopos
1009 1836 1058 1900 col
1082 1837 1210 1900 albatos

76 1936 234 1997 canonice
269 1935 483 1998 consecrandi.
530 1935 790 1998 Proedecessores
825 1935 904 1996 enim
943 1936 1037 1997 nestri
1064 1935 1211 1998 ecclesias

82 2035 175 2116 repni
198 2035 248 2095 sui
272 2034 370 2096 teritis
399 2033 552 2118 reptilium
585 2055 710 2096 suomun
743 2031 898 2114 beneficiis
933 2032 1138 2118 campilias-unt,
1177 2043 1210 2096 nt

76 2153 213 2215 repnum.
237 2134 341 2217 ipsum
370 2133 504 2194 mammo
541 2133 756 2216 episcoporum
789 2131 965 2216 praesidiis
991 2129 1039 2192 vel
1064 2131 1210 2194 athesin

75 2238 230 2314 oporteat
254 2232 448 2308 communiri,
468 2230 645 2316 populares
668 2229 879 2308 dissensiones
902 2253 980 2314 quae
1005 2230 1038 2292 in
1053 2229 1208 2292 electioni·

79 2327 144 2390 bns
179 2349 273 2412 saepe
304 2331 504 2412 continuant,
540 2327 642 2412 repuli
676 2339 820 2412 oporteat
855 2331 1015 2414 rrsajestuti
1047 2331 1207 2413 compesci.

84 2423 297 2497 Quamobrem
316 2427 508 2510 prudentiae
542 2437 571 2490 et
591 2429 759 2512 potestatis
788 2438 858 2489 ittae
883 2449 959 2488 cura
983 2426 1072 2488 debet
1095 2426 1210 2488 sollici-

76 2526 150 2586 tius
170 2524 339 2601 imminere,
364 2535 398 2586 ut
416 2526 579 2587 llomanne
596 2523 742 2588 ecclesiae
767 2524 948 2607 mapnitudo
974 2535 1002 2586 ct
1017 2534 1221 2587 caeterarum!

74 2621 186 2698 salus,
222 2633 407 2706 praestante
432 2623 579 2699 Domino,
612 2622 766 2704 beneficiis
789 2621 970 2708 potioribus
1003 2633 1209 2686 conservetur.

81 2718 124 2782 Si
149 2742 211 2802 qua
234 2721 332 2804 ipitur
356 2719 566 2784 ecclesiastica
590 2720 801 2784 saecularisve
812 2743 963 2805 persona,
988 2721 1067 2782 terne
1083 2732 1210 2784 vnostrae

77 2818 294 2880 concessionis
313 2820 470 2903 propinem
494 2821 603 2898 sciens,
635 2830 746 2881 routru
779 2841 846 2880 enm
871 2818 1036 2880 temerario
1062 2841 1141 2880 ausu
1164 2841 1210 2878 rn-

73 2917 156 2976 nire
173 2917 350 2992 tentaverit,
376 2918 581 2980 ‹catathematis
602 2916 734 2992 uinculo,
751 2917 816 2978 nisi
828 2917 1006 3000 resipuerit,
1032 2915 1211 2994 innodetur,

71 3013 272 3096 honorisque
310 3038 346 3076 ac
384 3015 552 3099 dipnitatis
583 3013 759 3100 periculum
795 3015 953 3098 patianus
1005 3012 1212 3076 lllserruntcs

73 3119 190 3172 <tremus
214 3113 433 3175 misericordia
457 3113 571 3175 dininn
595 3112 762 3186 custodiat,
788 3121 817 3172 et
830 3133 999 3196 persomun
1010 3121 1210 3196 potestatem-

70 3232 145 3294 que
181 3217 264 3270 tuam
294 3210 338 3272 ad
367 3211 512 3274 lionorem
543 3221 572 3273 et
598 3210 735 3294 plotium
764 3233 853 3272 stiam
882 3207 1027 3310 jl'elieiter
1056 3210 1211 3292 irnporare

70 3305 246 3369 concedat.
295 3307 441 3389 Amen).
498 3307 698 3393 Huiusmodi
733 3307 944 3391 privilegium
980 3317 1066 3369 certe
1092 3329 1212 3389 stragan

74 3425 146 3490 pro
161 3401 308 3468 Ecclesia
332 3405 526 3469 involvebat
549 3404 705 3492 pericula.
739 3403 992 3467 Concedebatur
1016 3405 1103 3467 enim
1128 3406 1210 3482 regi,

80 3503 124 3566 1⁰
150 3511 185 3563 ut
210 3502 382 3567 investiret
408 3503 582 3590 praelat0s3
617 3505 654 3567 ⁶2⁰
678 3513 714 3566 nt
739 3505 808 3566 sine
833 3502 904 3587 ejus
929 3523 1090 3565 consensu
1115 3523 1211 3565 nemo

72 3599 1213 3688 efflmmmsmlmmmfimimmm.imcmmrmmmhmmm

71 3696 259 3762 electionis
293 3722 392 3784 quam
418 3724 475 3764 rex
501 3700 713 3787 promittebat
742 3698 922 3762 admodum
953 3697 1212 3782 periclitabatur,

69 3815 190 3882 quum
228 3797 446 3881 denegatione
484 3819 663 3862 consensus
698 3819 758 3860 rex
782 3794 1019 3880 impedimenta
1056 3798 1213 3861 ortatiano

71 3915 210 3981 ponere
244 3906 363 3980 posset.
413 3897 524 3977 Qumn
557 3917 635 3959 vero
676 3897 714 3958 3⁰
750 3896 945 3958 investitura
978 3894 1215 3956 concederetur

72 4013 149 4077 per
173 3989 328 4056 baculum
354 4006 385 4057 et
409 3993 580 4076 annulum,
606 3995 652 4056 uti
674 3995 744 4078 jam
770 3991 953 4056 identidem
978 3991 1213 4054 animadverti·

75 4112 173 4158 ntus,
191 4093 246 4154 via
262 4091 470 4157 sternebatur
482 4092 642 4176 opinioni,
656 4099 849 4176 potestatem
865 4111 994 4174 quoque
1008 4088 1213 4173 spiritualem

1242 803 1358 842 satanan.

170 4235 303 4244 ..ω-..ῃ

166 4303 185 4372 ¹)
205 4303 236 4355 V.
259 4303 414 4361 Wattericlr
435 4306 451 4360 1,
472 4324 493 4360 c.
514 4305 549 4359 ΙΙ.
570 4307 612 4358 66.
