<?xml version="1.0" encoding="UTF-8"?>
<!DOCTYPE html PUBLIC "-//W3C//DTD XHTML 1.0 Transitional//EN"
    "http://www.w3.org/TR/xhtml1/DTD/xhtml1-transitional.dtd">
<html xmlns="http://www.w3.org/1999/xhtml" xml:lang="en" lang="en">
 <head>
  <title>
</title>
<meta http-equiv="Content-Type" content="text/html;charset=utf-8" />
  <meta name='ocr-system' content='tesseract 3.04.00' />
  <meta name='ocr-capabilities' content='ocr_page ocr_carea ocr_par ocr_line ocrx_word'/>
</head>
<body>
  <div class='ocr_page' id='page_1' title='image "./dissertationess01junggoog_0107.png"; bbox 0 0 3002 4836; ppageno 0'>
   <div class='ocr_carea' id='block_1_1' title="bbox 155 684 299 788">
    <p class='ocr_par' dir='ltr' id='par_1_1' title="bbox 155 684 299 788">
     <span class='ocr_line' id='line_1_1' title="bbox 155 684 299 728; baseline -0.014 0"><span class='ocrx_word' id='word_1_1' title='bbox 155 685 248 728; x_wconf 76' lang='lat' dir='ltr'>nomm</span> <span class='ocrx_word' id='word_1_2' title='bbox 264 684 299 726; x_wconf 85' lang='lat' dir='ltr'>ln·</span> 
     </span>
     <span class='ocr_line' id='line_1_2' title="bbox 198 745 262 788; baseline -0.016 0"><span class='ocrx_word' id='word_1_3' title='bbox 198 745 262 788; x_wconf 72' lang='lat' dir='ltr'>tent.</span> 
     </span>
    </p>
   </div>
   <div class='ocr_carea' id='block_1_2' title="bbox 319 499 1170 571">
    <p class='ocr_par' dir='ltr' id='par_1_2' title="bbox 319 499 1170 571">
     <span class='ocr_line' id='line_1_3' title="bbox 319 499 1170 571; baseline -0.002 -14"><span class='ocrx_word' id='word_1_4' title='bbox 319 505 353 557; x_wconf 82' lang='grc'>96</span> <span class='ocrx_word' id='word_1_5' title='bbox 552 499 627 555; x_wconf 79' lang='lat' dir='ltr'>xlv,</span> <span class='ocrx_word' id='word_1_6' title='bbox 646 501 687 556; x_wconf 88' lang='lat' dir='ltr'>De</span> <span class='ocrx_word' id='word_1_7' title='bbox 705 499 779 556; x_wconf 83' lang='lat' dir='ltr'>civili</span> <span class='ocrx_word' id='word_1_8' title='bbox 797 499 829 556; x_wconf 86' lang='lat' dir='ltr'>It.</span> <span class='ocrx_word' id='word_1_9' title='bbox 849 499 989 558; x_wconf 86' lang='lat' dir='ltr'>Pontiilois</span> <span class='ocrx_word' id='word_1_10' title='bbox 1008 501 1170 571; x_wconf 82' lang='lat' dir='ltr'>principatu.</span> 
     </span>
    </p>
   </div>
   <div class='ocr_carea' id='block_1_3' title="bbox 318 641 1442 2490">
    <p class='ocr_par' dir='ltr' id='par_1_3' title="bbox 318 641 1442 2490">
     <span class='ocr_line' id='line_1_4' title="bbox 412 641 1432 730; baseline -0.002 -20"><span class='ocrx_word' id='word_1_11' title='bbox 412 647 462 711; x_wconf 88' lang='lat'>19.</span> <span class='ocrx_word' id='word_1_12' title='bbox 486 643 552 710; x_wconf 88' lang='lat' dir='ltr'>Sed</span> <span class='ocrx_word' id='word_1_13' title='bbox 576 642 739 708; x_wconf 78' lang='lat' dir='ltr'>exarchae</span> <span class='ocrx_word' id='word_1_14' title='bbox 757 641 803 707; x_wconf 95' lang='lat' dir='ltr'>illi</span> <span class='ocrx_word' id='word_1_15' title='bbox 821 643 1009 730; x_wconf 83' lang='lat' dir='ltr'>frequenter</span> <span class='ocrx_word' id='word_1_16' title='bbox 1023 667 1090 710; x_wconf 90' lang='lat' dir='ltr'>non</span> <span class='ocrx_word' id='word_1_17' title='bbox 1115 645 1325 710; x_wconf 80' lang='lat' dir='ltr'>sufficiebant</span> <span class='ocrx_word' id='word_1_18' title='bbox 1347 655 1432 708; x_wconf 90' lang='lat' dir='ltr'>toen-</span> 
     </span>
     <span class='ocr_line' id='line_1_5' title="bbox 319 741 1432 829; baseline -0.002 -21"><span class='ocrx_word' id='word_1_19' title='bbox 319 742 381 808; x_wconf 89' lang='lat' dir='ltr'>dae</span> <span class='ocrx_word' id='word_1_20' title='bbox 404 741 520 807; x_wconf 87' lang='lat' dir='ltr'>Italiae</span> <span class='ocrx_word' id='word_1_21' title='bbox 544 751 658 806; x_wconf 88' lang='lat' dir='ltr'>contra</span> <span class='ocrx_word' id='word_1_22' title='bbox 681 741 928 826; x_wconf 83' lang='lat' dir='ltr'>Longobardos,</span> <span class='ocrx_word' id='word_1_23' title='bbox 958 742 1080 829; x_wconf 91' lang='lat' dir='ltr'>etjam</span> <span class='ocrx_word' id='word_1_24' title='bbox 1104 743 1250 808; x_wconf 83' lang='lat' dir='ltr'>vidimus</span> <span class='ocrx_word' id='word_1_25' title='bbox 1273 743 1432 807; x_wconf 85' lang='lat' dir='ltr'>Romanos</span> 
     </span>
     <span class='ocr_line' id='line_1_6' title="bbox 318 838 1432 926; baseline 0.001 -22"><span class='ocrx_word' id='word_1_26' title='bbox 318 841 497 905; x_wconf 83' lang='lat' dir='ltr'>Pontifices</span> <span class='ocrx_word' id='word_1_27' title='bbox 521 838 668 919; x_wconf 90' lang='lat' dir='ltr'>consilio,</span> <span class='ocrx_word' id='word_1_28' title='bbox 692 839 826 919; x_wconf 73' lang='lat' dir='ltr'>araxilio,</span> <span class='ocrx_word' id='word_1_29' title='bbox 852 839 971 926; x_wconf 88' lang='lat' dir='ltr'>opibus</span> <span class='ocrx_word' id='word_1_30' title='bbox 986 863 1202 926; x_wconf 82' lang='lat' dir='ltr'><strong>permagnam</strong></span> <span class='ocrx_word' id='word_1_31' title='bbox 1226 851 1353 926; x_wconf 89' lang='lat' dir='ltr'>partem</span> <span class='ocrx_word' id='word_1_32' title='bbox 1377 843 1432 905; x_wconf 86' lang='lat' dir='ltr'>ista</span> 
     </span>
     <span class='ocr_line' id='line_1_7' title="bbox 319 936 1433 1025; baseline -0.002 -23"><span class='ocrx_word' id='word_1_33' title='bbox 319 941 354 1002; x_wconf 90' lang='lat' dir='ltr'>in</span> <span class='ocrx_word' id='word_1_34' title='bbox 379 961 413 1003; x_wconf 91' lang='lat' dir='ltr'>re</span> <span class='ocrx_word' id='word_1_35' title='bbox 446 937 616 1018; x_wconf 88' lang='lat' dir='ltr'>habuisse,</span> <span class='ocrx_word' id='word_1_36' title='bbox 653 936 796 1022; x_wconf 81' lang='lat' dir='ltr'>indeque</span> <span class='ocrx_word' id='word_1_37' title='bbox 829 939 929 1001; x_wconf 90' lang='lat' dir='ltr'>etiam</span> <span class='ocrx_word' id='word_1_38' title='bbox 961 939 1190 1003; x_wconf 85' lang='lat' dir='ltr'>auctoritatem</span> <span class='ocrx_word' id='word_1_39' title='bbox 1223 939 1433 1025; x_wconf 77' lang='lat' dir='ltr'>acquisivisse</span> 
     </span>
     <span class='ocr_line' id='line_1_8' title="bbox 321 1034 1432 1102; baseline -0.004 0"><span class='ocrx_word' id='word_1_40' title='bbox 321 1039 501 1102; x_wconf 85' lang='lat' dir='ltr'>maximam</span> <span class='ocrx_word' id='word_1_41' title='bbox 525 1047 557 1100; x_wconf 90' lang='lat' dir='ltr'>et</span> <span class='ocrx_word' id='word_1_42' title='bbox 580 1034 830 1100; x_wconf 78' lang='lat' dir='ltr'>saluberrimam</span> <span class='ocrx_word' id='word_1_43' title='bbox 856 1037 888 1100; x_wconf 90' lang='lat' dir='ltr'>iu</span> <span class='ocrx_word' id='word_1_44' title='bbox 913 1059 965 1100; x_wconf 91' lang='lat' dir='ltr'>res</span> <span class='ocrx_word' id='word_1_45' title='bbox 990 1036 1115 1102; x_wconf 69' lang='lat' dir='ltr'>civiles.</span> <span class='ocrx_word' id='word_1_46' title='bbox 1161 1037 1337 1101; x_wconf 87' lang='lat' dir='ltr'>Praeterea</span> <span class='ocrx_word' id='word_1_47' title='bbox 1362 1057 1432 1099; x_wconf 82' lang='lat' dir='ltr'>vero</span> 
     </span>
     <span class='ocr_line' id='line_1_9' title="bbox 319 1132 1434 1212; baseline -0.004 -12"><span class='ocrx_word' id='word_1_48' title='bbox 319 1134 483 1200; x_wconf 77' lang='lat' dir='ltr'>exarchae</span> <span class='ocrx_word' id='word_1_49' title='bbox 506 1155 572 1198; x_wconf 91' lang='lat' dir='ltr'>non</span> <span class='ocrx_word' id='word_1_50' title='bbox 596 1155 670 1197; x_wconf 90' lang='lat' dir='ltr'>raro</span> <span class='ocrx_word' id='word_1_51' title='bbox 686 1132 852 1198; x_wconf 89' lang='lat' dir='ltr'>Romanos</span> <span class='ocrx_word' id='word_1_52' title='bbox 868 1157 906 1198; x_wconf 87' lang='lat' dir='ltr'>ac</span> <span class='ocrx_word' id='word_1_53' title='bbox 923 1133 1118 1200; x_wconf 84' lang='lat' dir='ltr'>Pontificem</span> <span class='ocrx_word' id='word_1_54' title='bbox 1144 1135 1236 1199; x_wconf 88' lang='lat' dir='ltr'>varie</span> <span class='ocrx_word' id='word_1_55' title='bbox 1259 1133 1434 1212; x_wconf 77' lang='lat' dir='ltr'>vexabant,</span> 
     </span>
     <span class='ocr_line' id='line_1_10' title="bbox 320 1230 1435 1320; baseline -0.001 -26"><span class='ocrx_word' id='word_1_56' title='bbox 320 1232 374 1297; x_wconf 80' lang='lat' dir='ltr'>vel</span> <span class='ocrx_word' id='word_1_57' title='bbox 404 1243 441 1296; x_wconf 92' lang='lat' dir='ltr'>ut</span> <span class='ocrx_word' id='word_1_58' title='bbox 472 1232 534 1296; x_wconf 91' lang='lat' dir='ltr'>sibi</span> <span class='ocrx_word' id='word_1_59' title='bbox 569 1241 783 1316; x_wconf 80' lang='lat' dir='ltr'>congererent</span> <span class='ocrx_word' id='word_1_60' title='bbox 814 1230 999 1312; x_wconf 90' lang='lat' dir='ltr'>thesauros,</span> <span class='ocrx_word' id='word_1_61' title='bbox 1030 1232 1083 1297; x_wconf 81' lang='lat' dir='ltr'>vel</span> <span class='ocrx_word' id='word_1_62' title='bbox 1117 1245 1153 1297; x_wconf 89' lang='lat' dir='ltr'>ut</span> <span class='ocrx_word' id='word_1_63' title='bbox 1181 1230 1435 1320; x_wconf 87' lang='lat' dir='ltr'>Imperatoribns</span> 
     </span>
     <span class='ocr_line' id='line_1_11' title="bbox 319 1327 1434 1417; baseline 0.002 -28"><span class='ocrx_word' id='word_1_64' title='bbox 319 1330 588 1417; x_wconf 77' lang='lat' dir='ltr'>obsequerentur.</span> <span class='ocrx_word' id='word_1_65' title='bbox 635 1329 852 1415; x_wconf 77' lang='lat' dir='ltr'>Imperatores</span> <span class='ocrx_word' id='word_1_66' title='bbox 876 1331 965 1394; x_wconf 89' lang='lat' dir='ltr'>enim</span> <span class='ocrx_word' id='word_1_67' title='bbox 989 1329 1067 1396; x_wconf 85' lang='lat' dir='ltr'>inde</span> <span class='ocrx_word' id='word_1_68' title='bbox 1091 1353 1111 1394; x_wconf 93' lang='lat' dir='ltr'>a</span> <span class='ocrx_word' id='word_1_69' title='bbox 1140 1329 1346 1416; x_wconf 83' lang='lat' dir='ltr'>temporibus</span> <span class='ocrx_word' id='word_1_70' title='bbox 1374 1327 1434 1392; x_wconf 88' lang='lat' dir='ltr'>hlo-</span> 
     </span>
     <span class='ocr_line' id='line_1_12' title="bbox 323 1425 1436 1512; baseline -0.004 -19"><span class='ocrx_word' id='word_1_71' title='bbox 323 1427 541 1494; x_wconf 89' lang='lat' dir='ltr'>notheletismi</span> <span class='ocrx_word' id='word_1_72' title='bbox 566 1448 664 1512; x_wconf 85' lang='lat' dir='ltr'>saepe</span> <span class='ocrx_word' id='word_1_73' title='bbox 687 1449 722 1491; x_wconf 89' lang='lat' dir='ltr'>se</span> <span class='ocrx_word' id='word_1_74' title='bbox 742 1426 901 1492; x_wconf 89' lang='lat' dir='ltr'>Romanis</span> <span class='ocrx_word' id='word_1_75' title='bbox 924 1449 964 1492; x_wconf 91' lang='lat' dir='ltr'>ac</span> <span class='ocrx_word' id='word_1_76' title='bbox 986 1425 1205 1492; x_wconf 83' lang='lat' dir='ltr'>Pontificibus</span> <span class='ocrx_word' id='word_1_77' title='bbox 1228 1425 1436 1492; x_wconf 85' lang='lat' dir='ltr'>ostenderant</span> 
     </span>
     <span class='ocr_line' id='line_1_13' title="bbox 321 1523 1435 1611; baseline -0.004 -20"><span class='ocrx_word' id='word_1_78' title='bbox 321 1526 475 1608; x_wconf 87' lang='lat' dir='ltr'>infensos,</span> <span class='ocrx_word' id='word_1_79' title='bbox 500 1537 532 1590; x_wconf 91' lang='lat' dir='ltr'>et</span> <span class='ocrx_word' id='word_1_80' title='bbox 564 1525 759 1590; x_wconf 79' lang='lat' dir='ltr'>vexationes</span> <span class='ocrx_word' id='word_1_81' title='bbox 790 1546 874 1611; x_wconf 89' lang='lat' dir='ltr'>quae</span> <span class='ocrx_word' id='word_1_82' title='bbox 903 1533 1018 1610; x_wconf 87' lang='lat' dir='ltr'>postea</span> <span class='ocrx_word' id='word_1_83' title='bbox 1050 1545 1164 1590; x_wconf 86' lang='lat' dir='ltr'>versus</span> <span class='ocrx_word' id='word_1_84' title='bbox 1194 1523 1294 1590; x_wconf 85' lang='lat' dir='ltr'>linem</span> <span class='ocrx_word' id='word_1_85' title='bbox 1318 1523 1435 1589; x_wconf 87' lang='lat' dir='ltr'>saeculi</span> 
     </span>
     <span class='ocr_line' id='line_1_14' title="bbox 320 1621 1436 1711; baseline -0.002 -23"><span class='ocrx_word' id='word_1_86' title='bbox 320 1625 463 1711; x_wconf 86' lang='lat' dir='ltr'>septimi,</span> <span class='ocrx_word' id='word_1_87' title='bbox 487 1647 526 1688; x_wconf 86' lang='lat' dir='ltr'>ac</span> <span class='ocrx_word' id='word_1_88' title='bbox 551 1622 629 1688; x_wconf 86' lang='lat' dir='ltr'>dein</span> <span class='ocrx_word' id='word_1_89' title='bbox 651 1622 694 1691; x_wconf 89' lang='lat' dir='ltr'>ab</span> <span class='ocrx_word' id='word_1_90' title='bbox 717 1621 977 1708; x_wconf 89' lang='lat' dir='ltr'>Imperatoribus</span> <span class='ocrx_word' id='word_1_91' title='bbox 998 1621 1211 1688; x_wconf 78' lang='lat' dir='ltr'>iconoclastis</span> <span class='ocrx_word' id='word_1_92' title='bbox 1235 1623 1369 1688; x_wconf 87' lang='lat' dir='ltr'>saeculo</span> <span class='ocrx_word' id='word_1_93' title='bbox 1392 1645 1436 1687; x_wconf 85' lang='lat' dir='ltr'>or-</span> 
     </span>
     <span class='ocr_line' id='line_1_15' title="bbox 322 1719 1438 1808; baseline -0.003 -22"><span class='ocrx_word' id='word_1_94' title='bbox 322 1733 398 1786; x_wconf 84' lang='lat' dir='ltr'>tave</span> <span class='ocrx_word' id='word_1_95' title='bbox 422 1731 574 1808; x_wconf 89' lang='lat' dir='ltr'>peractae</span> <span class='ocrx_word' id='word_1_96' title='bbox 608 1731 694 1804; x_wconf 77' lang='lat' dir='ltr'>stant,</span> <span class='ocrx_word' id='word_1_97' title='bbox 724 1722 795 1807; x_wconf 89' lang='lat' dir='ltr'>jam</span> <span class='ocrx_word' id='word_1_98' title='bbox 820 1719 1164 1786; x_wconf 87' lang='lat' dir='ltr'>commemoravimus.</span> <span class='ocrx_word' id='word_1_99' title='bbox 1210 1720 1293 1786; x_wconf 88' lang='lat' dir='ltr'>Inde</span> <span class='ocrx_word' id='word_1_100' title='bbox 1316 1721 1438 1785; x_wconf 84' lang='lat' dir='ltr'>sactum</span> 
     </span>
     <span class='ocr_line' id='line_1_16' title="bbox 320 1817 1437 1904; baseline -0.004 -20"><span class='ocrx_word' id='word_1_101' title='bbox 320 1830 379 1902; x_wconf 82' lang='lat' dir='ltr'>eat,</span> <span class='ocrx_word' id='word_1_102' title='bbox 413 1829 450 1883; x_wconf 87' lang='lat' dir='ltr'>ut</span> <span class='ocrx_word' id='word_1_103' title='bbox 472 1818 629 1884; x_wconf 84' lang='lat' dir='ltr'>Italorum</span> <span class='ocrx_word' id='word_1_104' title='bbox 662 1820 765 1882; x_wconf 89' lang='lat' dir='ltr'>animi</span> <span class='ocrx_word' id='word_1_105' title='bbox 799 1817 841 1882; x_wconf 88' lang='lat' dir='ltr'>ab</span> <span class='ocrx_word' id='word_1_106' title='bbox 877 1817 1103 1884; x_wconf 83' lang='lat' dir='ltr'>Orientalibus</span> <span class='ocrx_word' id='word_1_107' title='bbox 1135 1819 1240 1904; x_wconf 88' lang='lat' dir='ltr'>magis</span> <span class='ocrx_word' id='word_1_108' title='bbox 1270 1820 1437 1903; x_wconf 84' lang='lat' dir='ltr'>magisque</span> 
     </span>
     <span class='ocr_line' id='line_1_17' title="bbox 320 1914 1438 1994; baseline -0.002 -14"><span class='ocrx_word' id='word_1_109' title='bbox 320 1917 603 1994; x_wconf 80' lang='lat' dir='ltr'>abalienarentur3</span> <span class='ocrx_word' id='word_1_110' title='bbox 621 1915 806 1980; x_wconf 84' lang='lat' dir='ltr'>Romanum</span> <span class='ocrx_word' id='word_1_111' title='bbox 822 1925 933 1980; x_wconf 88' lang='lat' dir='ltr'>autem</span> <span class='ocrx_word' id='word_1_112' title='bbox 943 1914 1138 1982; x_wconf 81' lang='lat' dir='ltr'>Pontificem</span> <span class='ocrx_word' id='word_1_113' title='bbox 1149 1916 1224 1981; x_wconf 87' lang='lat' dir='ltr'>Itali</span> <span class='ocrx_word' id='word_1_114' title='bbox 1240 1916 1438 1981; x_wconf 85' lang='lat' dir='ltr'>veneraban-</span> 
     </span>
     <span class='ocr_line' id='line_1_18' title="bbox 320 2012 1439 2102; baseline -0.004 -24"><span class='ocrx_word' id='word_1_115' title='bbox 320 2027 376 2079; x_wconf 90' lang='lat' dir='ltr'>tur</span> <span class='ocrx_word' id='word_1_116' title='bbox 392 2025 428 2079; x_wconf 91' lang='lat' dir='ltr'>ut</span> <span class='ocrx_word' id='word_1_117' title='bbox 442 2037 517 2080; x_wconf 89' lang='lat' dir='ltr'>eum</span> <span class='ocrx_word' id='word_1_118' title='bbox 533 2015 590 2102; x_wconf 92' lang='lat' dir='ltr'>qui</span> <span class='ocrx_word' id='word_1_119' title='bbox 606 2013 647 2078; x_wconf 89' lang='lat' dir='ltr'>de</span> <span class='ocrx_word' id='word_1_120' title='bbox 664 2035 776 2078; x_wconf 89' lang='lat' dir='ltr'>eorum</span> <span class='ocrx_word' id='word_1_121' title='bbox 792 2013 896 2078; x_wconf 85' lang='lat' dir='ltr'>salute</span> <span class='ocrx_word' id='word_1_122' title='bbox 913 2015 1058 2078; x_wconf 86' lang='lat' dir='ltr'>maxime</span> <span class='ocrx_word' id='word_1_123' title='bbox 1075 2012 1233 2078; x_wconf 87' lang='lat' dir='ltr'>sollicitus</span> <span class='ocrx_word' id='word_1_124' title='bbox 1247 2023 1328 2096; x_wconf 87' lang='lat' dir='ltr'>erat,</span> <span class='ocrx_word' id='word_1_125' title='bbox 1347 2027 1439 2098; x_wconf 81' lang='lat' dir='ltr'>atque</span> 
     </span>
     <span class='ocr_line' id='line_1_19' title="bbox 322 2111 1437 2198; baseline -0.004 -22"><span class='ocrx_word' id='word_1_126' title='bbox 322 2116 423 2178; x_wconf 84' lang='lat' dir='ltr'>etiam</span> <span class='ocrx_word' id='word_1_127' title='bbox 447 2123 561 2177; x_wconf 78' lang='lat' dir='ltr'>eontm</span> <span class='ocrx_word' id='word_1_128' title='bbox 589 2113 726 2198; x_wconf 88' lang='lat' dir='ltr'>injustos</span> <span class='ocrx_word' id='word_1_129' title='bbox 758 2111 998 2197; x_wconf 87' lang='lat' dir='ltr'>Imperatorum</span> <span class='ocrx_word' id='word_1_130' title='bbox 1031 2121 1064 2175; x_wconf 92' lang='lat' dir='ltr'>et</span> <span class='ocrx_word' id='word_1_131' title='bbox 1087 2111 1305 2177; x_wconf 85' lang='lat' dir='ltr'>exarcharum</span> <span class='ocrx_word' id='word_1_132' title='bbox 1343 2133 1437 2175; x_wconf 75' lang='lat' dir='ltr'>aursus</span> 
     </span>
     <span class='ocr_line' id='line_1_20' title="bbox 321 2208 1442 2290; baseline -0.004 -15"><span class='ocrx_word' id='word_1_133' title='bbox 321 2233 399 2276; x_wconf 90' lang='lat' dir='ltr'>eum</span> <span class='ocrx_word' id='word_1_134' title='bbox 423 2213 496 2275; x_wconf 91' lang='lat' dir='ltr'>tuiti</span> <span class='ocrx_word' id='word_1_135' title='bbox 521 2219 606 2275; x_wconf 89' lang='lat' dir='ltr'>sunt.</span> <span class='ocrx_word' id='word_1_136' title='bbox 654 2209 766 2290; x_wconf 81' lang='lat' dir='ltr'>Quum</span> <span class='ocrx_word' id='word_1_137' title='bbox 790 2209 858 2273; x_wconf 89' lang='lat' dir='ltr'>Leo</span> <span class='ocrx_word' id='word_1_138' title='bbox 882 2209 1016 2274; x_wconf 80' lang='lat' dir='ltr'>Isauras</span> <span class='ocrx_word' id='word_1_139' title='bbox 1050 2208 1172 2274; x_wconf 88' lang='lat' dir='ltr'>bellum</span> <span class='ocrx_word' id='word_1_140' title='bbox 1197 2221 1310 2275; x_wconf 87' lang='lat' dir='ltr'>contra</span> <span class='ocrx_word' id='word_1_141' title='bbox 1337 2231 1442 2273; x_wconf 85' lang='lat' dir='ltr'>sacras</span> 
     </span>
     <span class='ocr_line' id='line_1_21' title="bbox 324 2305 1439 2394; baseline -0.002 -22"><span class='ocrx_word' id='word_1_142' title='bbox 324 2311 485 2394; x_wconf 84' lang='lat' dir='ltr'>imagines</span> <span class='ocrx_word' id='word_1_143' title='bbox 509 2310 714 2394; x_wconf 79' lang='lat' dir='ltr'>suscepisset,</span> <span class='ocrx_word' id='word_1_144' title='bbox 738 2306 966 2372; x_wconf 83' lang='lat' dir='ltr'>vehementior</span> <span class='ocrx_word' id='word_1_145' title='bbox 980 2308 1015 2370; x_wconf 89' lang='lat' dir='ltr'>in</span> <span class='ocrx_word' id='word_1_146' title='bbox 1031 2305 1127 2372; x_wconf 91' lang='lat' dir='ltr'>Italia</span> <span class='ocrx_word' id='word_1_147' title='bbox 1144 2307 1349 2393; x_wconf 83' lang='lat' dir='ltr'>perturbatio</span> <span class='ocrx_word' id='word_1_148' title='bbox 1377 2317 1439 2371; x_wconf 87' lang='lat' dir='ltr'>orta</span> 
     </span>
     <span class='ocr_line' id='line_1_22' title="bbox 323 2403 1441 2490; baseline -0.003 -20"><span class='ocrx_word' id='word_1_149' title='bbox 323 2417 384 2472; x_wconf 88' lang='lat' dir='ltr'>est.</span> <span class='ocrx_word' id='word_1_150' title='bbox 430 2407 552 2471; x_wconf 86' lang='lat' dir='ltr'>Variae</span> <span class='ocrx_word' id='word_1_151' title='bbox 577 2405 728 2470; x_wconf 88' lang='lat' dir='ltr'>civitates</span> <span class='ocrx_word' id='word_1_152' title='bbox 751 2404 866 2470; x_wconf 89' lang='lat' dir='ltr'>Italiae</span> <span class='ocrx_word' id='word_1_153' title='bbox 898 2405 1010 2490; x_wconf 89' lang='lat' dir='ltr'>impiis</span> <span class='ocrx_word' id='word_1_154' title='bbox 1034 2403 1155 2469; x_wconf 90' lang='lat' dir='ltr'>Leonis</span> <span class='ocrx_word' id='word_1_155' title='bbox 1178 2405 1348 2470; x_wconf 85' lang='lat' dir='ltr'>mandatis</span> <span class='ocrx_word' id='word_1_156' title='bbox 1372 2406 1441 2468; x_wconf 85' lang='lat' dir='ltr'>resi-</span> 
     </span>
    </p>
   </div>
   <div class='ocr_carea' id='block_1_4' title="bbox 319 2607 1446 4118">
    <p class='ocr_par' dir='ltr' id='par_1_4' title="bbox 319 2607 1446 4118">
     <span class='ocr_line' id='line_1_23' title="bbox 320 2607 1443 2676; baseline -0.003 -12"><span class='ocrx_word' id='word_1_157' title='bbox 320 2609 457 2664; x_wconf 89' lang='lat' dir='ltr'>orientale</span> <span class='ocrx_word' id='word_1_158' title='bbox 483 2609 516 2664; x_wconf 84' lang='lat' dir='ltr'>de</span> <span class='ocrx_word' id='word_1_159' title='bbox 543 2607 689 2664; x_wconf 88' lang='lat' dir='ltr'>l&#39;ancienne</span> <span class='ocrx_word' id='word_1_160' title='bbox 708 2607 814 2676; x_wconf 73' lang='lat' dir='ltr'>Emibe,</span> <span class='ocrx_word' id='word_1_161' title='bbox 842 2607 870 2662; x_wconf 87' lang='lat' dir='ltr'>la</span> <span class='ocrx_word' id='word_1_162' title='bbox 896 2607 1038 2672; x_wconf 77' lang='lat' dir='ltr'>Flaminio,</span> <span class='ocrx_word' id='word_1_163' title='bbox 1066 2608 1093 2662; x_wconf 89' lang='lat' dir='ltr'>la</span> <span class='ocrx_word' id='word_1_164' title='bbox 1121 2608 1209 2676; x_wconf 81' lang='lat' dir='ltr'>partIe</span> <span class='ocrx_word' id='word_1_165' title='bbox 1228 2607 1397 2665; x_wconf 83' lang='lat' dir='ltr'>occidentale</span> <span class='ocrx_word' id='word_1_166' title='bbox 1414 2609 1443 2662; x_wconf 80' lang='lat' dir='ltr'>(le</span> 
     </span>
     <span class='ocr_line' id='line_1_24' title="bbox 322 2689 1444 2756; baseline -0.004 -11"><span class='ocrx_word' id='word_1_167' title='bbox 322 2689 437 2745; x_wconf 87' lang='lat' dir='ltr'>t‘anoien</span> <span class='ocrx_word' id='word_1_168' title='bbox 456 2689 590 2754; x_wconf 72' lang='lat' dir='ltr'>Pictam</span> <span class='ocrx_word' id='word_1_169' title='bbox 611 2695 640 2744; x_wconf 90' lang='lat' dir='ltr'>et</span> <span class='ocrx_word' id='word_1_170' title='bbox 657 2689 683 2744; x_wconf 91' lang='lat' dir='ltr'>le</span> <span class='ocrx_word' id='word_1_171' title='bbox 701 2689 786 2744; x_wconf 78' lang='lat' dir='ltr'>osche</span> <span class='ocrx_word' id='word_1_172' title='bbox 803 2689 837 2744; x_wconf 81' lang='lat' dir='ltr'>tc</span> <span class='ocrx_word' id='word_1_173' title='bbox 854 2689 950 2756; x_wconf 60' lang='lat' dir='ltr'>Roma</span> <span class='ocrx_word' id='word_1_174' title='bbox 976 2689 1043 2744; x_wconf 81' lang='lat' dir='ltr'>dans</span> <span class='ocrx_word' id='word_1_175' title='bbox 1061 2703 1099 2743; x_wconf 85' lang='lat' dir='ltr'>on</span> <span class='ocrx_word' id='word_1_176' title='bbox 1117 2703 1179 2743; x_wconf 87' lang='lat' dir='ltr'>sens</span> <span class='ocrx_word' id='word_1_177' title='bbox 1197 2689 1283 2744; x_wconf 83' lang='lat' dir='ltr'>nolas</span> <span class='ocrx_word' id='word_1_178' title='bbox 1302 2691 1405 2745; x_wconf 69' lang='lat' dir='ltr'>emoto</span> <span class='ocrx_word' id='word_1_179' title='bbox 1422 2689 1444 2742; x_wconf 80' lang='lat' dir='ltr'>le</span> 
     </span>
     <span class='ocr_line' id='line_1_25' title="bbox 322 2769 1443 2840; baseline -0.002 -14"><span class='ocrx_word' id='word_1_180' title='bbox 322 2777 381 2826; x_wconf 88' lang='lat' dir='ltr'>mot</span> <span class='ocrx_word' id='word_1_181' title='bbox 391 2771 552 2826; x_wconf 74' lang='lat' dir='ltr'>ct’eaarcbot</span> <span class='ocrx_word' id='word_1_182' title='bbox 570 2769 682 2840; x_wconf 73' lang='lat' dir='ltr'>designa</span> <span class='ocrx_word' id='word_1_183' title='bbox 700 2769 849 2826; x_wconf 75' lang='lat' dir='ltr'>mmement</span> <span class='ocrx_word' id='word_1_184' title='bbox 866 2769 992 2838; x_wconf 85' lang='lat' dir='ltr'>lapartie</span> <span class='ocrx_word' id='word_1_185' title='bbox 1011 2769 1143 2824; x_wconf 84' lang='lat' dir='ltr'>orientale</span> <span class='ocrx_word' id='word_1_186' title='bbox 1161 2770 1195 2825; x_wconf 80' lang='lat' dir='ltr'>dc</span> <span class='ocrx_word' id='word_1_187' title='bbox 1212 2769 1365 2826; x_wconf 86' lang='lat' dir='ltr'>l&#39;ancienne</span> <span class='ocrx_word' id='word_1_188' title='bbox 1377 2769 1443 2826; x_wconf 78' lang='lat' dir='ltr'>Emi-</span> 
     </span>
     <span class='ocr_line' id='line_1_26' title="bbox 324 2849 1443 2920; baseline -0.002 -14"><span class='ocrx_word' id='word_1_189' title='bbox 324 2851 360 2906; x_wconf 88' lang='lat' dir='ltr'>lie</span> <span class='ocrx_word' id='word_1_190' title='bbox 379 2856 407 2905; x_wconf 90' lang='lat' dir='ltr'>et</span> <span class='ocrx_word' id='word_1_191' title='bbox 425 2851 452 2906; x_wconf 83' lang='lat' dir='ltr'>la</span> <span class='ocrx_word' id='word_1_192' title='bbox 469 2849 616 2918; x_wconf 82' lang='lat' dir='ltr'>Flaminie;</span> <span class='ocrx_word' id='word_1_193' title='bbox 653 2865 683 2905; x_wconf 82' lang='lat' dir='ltr'>oe</span> <span class='ocrx_word' id='word_1_194' title='bbox 708 2849 754 2918; x_wconf 84' lang='lat' dir='ltr'>qni</span> <span class='ocrx_word' id='word_1_195' title='bbox 773 2850 873 2918; x_wconf 81' lang='lat' dir='ltr'>repono</span> <span class='ocrx_word' id='word_1_196' title='bbox 892 2852 910 2904; x_wconf 76' lang='lat' dir='ltr'>a</span> <span class='ocrx_word' id='word_1_197' title='bbox 928 2865 980 2918; x_wconf 88' lang='lat' dir='ltr'>pen</span> <span class='ocrx_word' id='word_1_198' title='bbox 998 2851 1059 2918; x_wconf 79' lang='lat' dir='ltr'>pres</span> <span class='ocrx_word' id='word_1_199' title='bbox 1078 2852 1095 2904; x_wconf 84' lang='lat' dir='ltr'>t</span> <span class='ocrx_word' id='word_1_200' title='bbox 1113 2850 1141 2904; x_wconf 87' lang='lat' dir='ltr'>la</span> <span class='ocrx_word' id='word_1_201' title='bbox 1159 2849 1300 2920; x_wconf 65' lang='grc' dir='ltr'>Βοιιιειειιο</span> <span class='ocrx_word' id='word_1_202' title='bbox 1319 2849 1443 2904; x_wconf 87' lang='lat' dir='ltr'>aetuelle.</span> 
     </span>
     <span class='ocr_line' id='line_1_27' title="bbox 324 2929 1446 2999; baseline -0.004 -13"><span class='ocrx_word' id='word_1_203' title='bbox 324 2931 398 2986; x_wconf 84' lang='lat' dir='ltr'>Dans</span> <span class='ocrx_word' id='word_1_204' title='bbox 416 2945 446 2984; x_wconf 90' lang='lat' dir='ltr'>ce</span> <span class='ocrx_word' id='word_1_205' title='bbox 458 2929 565 2984; x_wconf 75' lang='lat' dir='ltr'>temler</span> <span class='ocrx_word' id='word_1_206' title='bbox 582 2945 644 2984; x_wconf 88' lang='lat' dir='ltr'>sens</span> <span class='ocrx_word' id='word_1_207' title='bbox 657 2929 808 2984; x_wconf 73' lang='lat' dir='ltr'>t’eaorcbat</span> <span class='ocrx_word' id='word_1_208' title='bbox 826 2935 868 2984; x_wconf 87' lang='lat' dir='ltr'>est</span> <span class='ocrx_word' id='word_1_209' title='bbox 881 2929 1066 2999; x_wconf 79' lang='lat' dir='ltr'>distinguens</span> <span class='ocrx_word' id='word_1_210' title='bbox 1085 2929 1112 2984; x_wconf 83' lang='lat' dir='ltr'>la</span> <span class='ocrx_word' id='word_1_211' title='bbox 1124 2930 1272 2998; x_wconf 72' lang='lat' dir='ltr'>Pooapoo</span> <span class='ocrx_word' id='word_1_212' title='bbox 1290 2935 1319 2985; x_wconf 90' lang='lat' dir='ltr'>et</span> <span class='ocrx_word' id='word_1_213' title='bbox 1339 2931 1376 2986; x_wconf 87' lang='lat' dir='ltr'>du</span> <span class='ocrx_word' id='word_1_214' title='bbox 1392 2929 1446 2984; x_wconf 84' lang='lat' dir='ltr'>Da·</span> 
     </span>
     <span class='ocr_line' id='line_1_28' title="bbox 324 3008 1446 3078; baseline -0.003 -14"><span class='ocrx_word' id='word_1_215' title='bbox 324 3011 370 3066; x_wconf 78' lang='lat' dir='ltr'>ebt</span> <span class='ocrx_word' id='word_1_216' title='bbox 391 3010 424 3064; x_wconf 74' lang='lat' dir='ltr'>de</span> <span class='ocrx_word' id='word_1_217' title='bbox 442 3011 533 3066; x_wconf 78' lang='lat' dir='ltr'>Rome.</span> <span class='ocrx_word' id='word_1_218' title='bbox 570 3009 610 3064; x_wconf 83' lang='lat' dir='ltr'>ba</span> <span class='ocrx_word' id='word_1_219' title='bbox 624 3009 773 3077; x_wconf 77' lang='lat' dir='ltr'>Pcatapote</span> <span class='ocrx_word' id='word_1_220' title='bbox 791 3010 890 3078; x_wconf 80' lang='lat' dir='ltr'>repond</span> <span class='ocrx_word' id='word_1_221' title='bbox 908 3012 926 3064; x_wconf 76' lang='lat' dir='ltr'>a</span> <span class='ocrx_word' id='word_1_222' title='bbox 943 3023 996 3077; x_wconf 86' lang='lat' dir='ltr'>peu</span> <span class='ocrx_word' id='word_1_223' title='bbox 1014 3011 1075 3077; x_wconf 80' lang='lat' dir='ltr'>pres</span> <span class='ocrx_word' id='word_1_224' title='bbox 1094 3011 1110 3062; x_wconf 82' lang='lat' dir='ltr'>t</span> <span class='ocrx_word' id='word_1_225' title='bbox 1128 3008 1156 3063; x_wconf 90' lang='lat' dir='ltr'>la</span> <span class='ocrx_word' id='word_1_226' title='bbox 1173 3010 1264 3077; x_wconf 89' lang='lat' dir='ltr'>partie</span> <span class='ocrx_word' id='word_1_227' title='bbox 1282 3009 1446 3065; x_wconf 84' lang='lat' dir='ltr'>occidentale</span> 
     </span>
     <span class='ocr_line' id='line_1_29' title="bbox 324 3088 1444 3160; baseline -0.004 -14"><span class='ocrx_word' id='word_1_228' title='bbox 324 3091 357 3146; x_wconf 87' lang='lat' dir='ltr'>de</span> <span class='ocrx_word' id='word_1_229' title='bbox 375 3090 487 3147; x_wconf 76' lang='lat' dir='ltr'>l&#39;ancien</span> <span class='ocrx_word' id='word_1_230' title='bbox 501 3091 641 3156; x_wconf 68' lang='lat' dir='ltr'>Picenum</span> <span class='ocrx_word' id='word_1_231' title='bbox 660 3088 724 3143; x_wconf 87' lang='lat' dir='ltr'>c’est</span> <span class='ocrx_word' id='word_1_232' title='bbox 742 3105 771 3144; x_wconf 91' lang='lat' dir='ltr'>ce</span> <span class='ocrx_word' id='word_1_233' title='bbox 791 3091 834 3158; x_wconf 84' lang='lat' dir='ltr'>qu&#39;</span> <span class='ocrx_word' id='word_1_234' title='bbox 848 3105 881 3143; x_wconf 91' lang='lat' dir='ltr'>on</span> <span class='ocrx_word' id='word_1_235' title='bbox 901 3089 986 3160; x_wconf 83' lang='lat' dir='ltr'>apelle</span> <span class='ocrx_word' id='word_1_236' title='bbox 999 3088 1177 3160; x_wconf 79' lang='lat' dir='ltr'>am&#39;omrl&#39;hui</span> <span class='ocrx_word' id='word_1_237' title='bbox 1196 3089 1221 3144; x_wconf 90' lang='lat' dir='ltr'>le</span> <span class='ocrx_word' id='word_1_238' title='bbox 1239 3089 1325 3144; x_wconf 76' lang='lat' dir='ltr'>nuche</span> <span class='ocrx_word' id='word_1_239' title='bbox 1338 3089 1444 3145; x_wconf 81' lang='lat' dir='ltr'>(l’Urbin</span> 
     </span>
     <span class='ocr_line' id='line_1_30' title="bbox 324 3167 1445 3240; baseline -0.003 -15"><span class='ocrx_word' id='word_1_240' title='bbox 324 3177 353 3226; x_wconf 91' lang='lat' dir='ltr'>et</span> <span class='ocrx_word' id='word_1_241' title='bbox 370 3171 459 3240; x_wconf 88' lang='lat' dir='ltr'>partie</span> <span class='ocrx_word' id='word_1_242' title='bbox 477 3169 510 3225; x_wconf 85' lang='lat' dir='ltr'>de</span> <span class='ocrx_word' id='word_1_243' title='bbox 529 3169 556 3224; x_wconf 86' lang='lat' dir='ltr'>la</span> <span class='ocrx_word' id='word_1_244' title='bbox 569 3169 676 3226; x_wconf 80' lang='lat' dir='ltr'>Marcbe</span> <span class='ocrx_word' id='word_1_245' title='bbox 694 3167 835 3224; x_wconf 78' lang='lat' dir='ltr'>d&#39;Anetne.</span> <span class='ocrx_word' id='word_1_246' title='bbox 855 3169 893 3224; x_wconf 81' lang='lat' dir='ltr'>he</span> <span class='ocrx_word' id='word_1_247' title='bbox 913 3169 1008 3224; x_wconf 79' lang='lat' dir='ltr'>Daobe&#39;</span> <span class='ocrx_word' id='word_1_248' title='bbox 1026 3169 1059 3222; x_wconf 77' lang='lat' dir='ltr'>cte</span> <span class='ocrx_word' id='word_1_249' title='bbox 1071 3169 1154 3224; x_wconf 78' lang='lat' dir='ltr'>nome</span> <span class='ocrx_word' id='word_1_250' title='bbox 1170 3169 1303 3226; x_wconf 79' lang='lat' dir='ltr'>renferme</span> <span class='ocrx_word' id='word_1_251' title='bbox 1322 3185 1379 3225; x_wconf 89' lang='lat' dir='ltr'>une</span> <span class='ocrx_word' id='word_1_252' title='bbox 1390 3185 1445 3238; x_wconf 87' lang='lat' dir='ltr'>par·</span> 
     </span>
     <span class='ocr_line' id='line_1_31' title="bbox 322 3247 1445 3318; baseline -0.003 -13"><span class='ocrx_word' id='word_1_253' title='bbox 322 3252 363 3306; x_wconf 90' lang='lat' dir='ltr'>tie</span> <span class='ocrx_word' id='word_1_254' title='bbox 382 3249 552 3306; x_wconf 81' lang='lat' dir='ltr'>del&#39;Etrurie</span> <span class='ocrx_word' id='word_1_255' title='bbox 570 3265 604 3304; x_wconf 91' lang='lat' dir='ltr'>on</span> <span class='ocrx_word' id='word_1_256' title='bbox 614 3251 646 3306; x_wconf 87' lang='lat' dir='ltr'>de</span> <span class='ocrx_word' id='word_1_257' title='bbox 665 3248 693 3303; x_wconf 90' lang='lat' dir='ltr'>la</span> <span class='ocrx_word' id='word_1_258' title='bbox 704 3249 830 3316; x_wconf 80' lang='lat' dir='ltr'>Tuscana,</span> <span class='ocrx_word' id='word_1_259' title='bbox 842 3265 908 3305; x_wconf 80' lang='lat' dir='ltr'>aveo</span> <span class='ocrx_word' id='word_1_260' title='bbox 927 3248 954 3303; x_wconf 82' lang='lat' dir='ltr'>la</span> <span class='ocrx_word' id='word_1_261' title='bbox 966 3247 1070 3314; x_wconf 63' lang='lat' dir='ltr'>&amp;biae</span> <span class='ocrx_word' id='word_1_262' title='bbox 1089 3263 1143 3304; x_wconf 88' lang='lat' dir='ltr'>une</span> <span class='ocrx_word' id='word_1_263' title='bbox 1160 3249 1251 3318; x_wconf 87' lang='lat' dir='ltr'>partie</span> <span class='ocrx_word' id='word_1_264' title='bbox 1268 3249 1302 3304; x_wconf 83' lang='lat' dir='ltr'>de</span> <span class='ocrx_word' id='word_1_265' title='bbox 1313 3247 1445 3304; x_wconf 82' lang='lat' dir='ltr'>l&#39;Ombrie.</span> 
     </span>
     <span class='ocr_line' id='line_1_32' title="bbox 325 3329 1445 3400; baseline -0.004 -14"><span class='ocrx_word' id='word_1_266' title='bbox 325 3337 353 3386; x_wconf 91' lang='lat' dir='ltr'>et</span> <span class='ocrx_word' id='word_1_267' title='bbox 371 3330 399 3384; x_wconf 91' lang='lat' dir='ltr'>la</span> <span class='ocrx_word' id='word_1_268' title='bbox 418 3330 577 3400; x_wconf 83' lang='lat' dir='ltr'>Campania,</span> <span class='ocrx_word' id='word_1_269' title='bbox 596 3345 625 3386; x_wconf 89' lang='lat' dir='ltr'>ce</span> <span class='ocrx_word' id='word_1_270' title='bbox 649 3329 696 3398; x_wconf 85' lang='lat' dir='ltr'>qui</span> <span class='ocrx_word' id='word_1_271' title='bbox 715 3330 850 3399; x_wconf 74' lang='lat' dir='ltr'>repende</span> <span class='ocrx_word' id='word_1_272' title='bbox 877 3345 929 3397; x_wconf 86' lang='lat' dir='ltr'>peu</span> <span class='ocrx_word' id='word_1_273' title='bbox 947 3331 1008 3398; x_wconf 76' lang='lat' dir='ltr'>pres</span> <span class='ocrx_word' id='word_1_274' title='bbox 1036 3332 1052 3383; x_wconf 83' lang='lat' dir='ltr'>t</span> <span class='ocrx_word' id='word_1_275' title='bbox 1071 3345 1100 3384; x_wconf 89' lang='lat' dir='ltr'>ca</span> <span class='ocrx_word' id='word_1_276' title='bbox 1119 3329 1197 3397; x_wconf 89' lang='lat' dir='ltr'>qn&#39;on</span> <span class='ocrx_word' id='word_1_277' title='bbox 1216 3329 1321 3398; x_wconf 87' lang='lat' dir='ltr'>appella</span> <span class='ocrx_word' id='word_1_278' title='bbox 1342 3330 1445 3398; x_wconf 70' lang='lat' dir='ltr'>arriom-</span> 
     </span>
     <span class='ocr_line' id='line_1_33' title="bbox 324 3408 1441 3479; baseline -0.004 -14"><span class='ocrx_word' id='word_1_279' title='bbox 324 3411 396 3466; x_wconf 79' lang='lat' dir='ltr'>d&#39;hui</span> <span class='ocrx_word' id='word_1_280' title='bbox 419 3411 445 3466; x_wconf 93' lang='lat' dir='ltr'>le</span> <span class='ocrx_word' id='word_1_281' title='bbox 476 3411 637 3479; x_wconf 86' lang='lat' dir='ltr'>patrimoine</span> <span class='ocrx_word' id='word_1_282' title='bbox 664 3411 696 3465; x_wconf 85' lang='lat' dir='ltr'>de</span> <span class='ocrx_word' id='word_1_283' title='bbox 725 3409 764 3466; x_wconf 87' lang='lat' dir='ltr'>St.</span> <span class='ocrx_word' id='word_1_284' title='bbox 791 3411 896 3472; x_wconf 85' lang='lat' dir='ltr'>Piarre,</span> <span class='ocrx_word' id='word_1_285' title='bbox 927 3423 993 3464; x_wconf 80' lang='lat' dir='ltr'>avec</span> <span class='ocrx_word' id='word_1_286' title='bbox 1019 3410 1109 3478; x_wconf 87' lang='lat' dir='ltr'>partie</span> <span class='ocrx_word' id='word_1_287' title='bbox 1136 3409 1169 3464; x_wconf 88' lang='lat' dir='ltr'>de</span> <span class='ocrx_word' id='word_1_288' title='bbox 1196 3408 1322 3464; x_wconf 82' lang='lat' dir='ltr'>l&#39;Ombrie</span> <span class='ocrx_word' id='word_1_289' title='bbox 1363 3417 1391 3466; x_wconf 88' lang='lat' dir='ltr'>et</span> <span class='ocrx_word' id='word_1_290' title='bbox 1419 3409 1441 3461; x_wconf 84' lang='grc' dir='ltr'>Ιι</span> 
     </span>
     <span class='ocr_line' id='line_1_34' title="bbox 320 3489 1443 3560; baseline -0.004 -14"><span class='ocrx_word' id='word_1_291' title='bbox 320 3491 479 3560; x_wconf 75' lang='lat' dir='ltr'>Compagne</span> <span class='ocrx_word' id='word_1_292' title='bbox 497 3489 530 3546; x_wconf 82' lang='lat' dir='ltr'>te</span> <span class='ocrx_word' id='word_1_293' title='bbox 548 3489 655 3545; x_wconf 81' lang='lat' dir='ltr'>Roma¹⁴</span> <span class='ocrx_word' id='word_1_294' title='bbox 688 3521 722 3532; x_wconf 92' lang='lat'>-</span> <span class='ocrx_word' id='word_1_295' title='bbox 754 3491 795 3544; x_wconf 76' lang='lat' dir='ltr'>Ad</span> <span class='ocrx_word' id='word_1_296' title='bbox 814 3489 983 3558; x_wconf 84' lang='lat' dir='ltr'>Pentapolim</span> <span class='ocrx_word' id='word_1_297' title='bbox 1014 3490 1083 3558; x_wconf 87' lang='lat' dir='ltr'>quod</span> <span class='ocrx_word' id='word_1_298' title='bbox 1108 3493 1227 3559; x_wconf 86' lang='lat' dir='ltr'>spectat,</span> <span class='ocrx_word' id='word_1_299' title='bbox 1256 3489 1325 3546; x_wconf 86' lang='lat' dir='ltr'>dicit</span> <span class='ocrx_word' id='word_1_300' title='bbox 1347 3491 1377 3544; x_wconf 90' lang='lat' dir='ltr'>P.</span> <span class='ocrx_word' id='word_1_301' title='bbox 1397 3489 1443 3542; x_wconf 88' lang='lat' dir='ltr'>Bo·</span> 
     </span>
     <span class='ocr_line' id='line_1_35' title="bbox 325 3569 1446 3638; baseline -0.004 -14"><span class='ocrx_word' id='word_1_302' title='bbox 325 3571 377 3636; x_wconf 80' lang='lat' dir='ltr'>ian,</span> <span class='ocrx_word' id='word_1_303' title='bbox 397 3569 487 3626; x_wconf 74' lang='lat' dir='ltr'>storia</span> <span class='ocrx_word' id='word_1_304' title='bbox 512 3569 620 3624; x_wconf 87' lang='lat' dir='ltr'>d’Italia</span> <span class='ocrx_word' id='word_1_305' title='bbox 641 3569 701 3626; x_wconf 80' lang='lat' dir='ltr'>Vol</span> <span class='ocrx_word' id='word_1_306' title='bbox 727 3571 762 3626; x_wconf 91' lang='lat'>11.</span> <span class='ocrx_word' id='word_1_307' title='bbox 782 3586 807 3638; x_wconf 85' lang='lat' dir='ltr'>p.</span> <span class='ocrx_word' id='word_1_308' title='bbox 834 3571 867 3624; x_wconf 80' lang='lat' dir='ltr'>to</span> <span class='ocrx_word' id='word_1_309' title='bbox 893 3576 960 3623; x_wconf 80' lang='lat' dir='ltr'>nota</span> <span class='ocrx_word' id='word_1_310' title='bbox 978 3571 1007 3624; x_wconf 80' lang='lat'>2:</span> <span class='ocrx_word' id='word_1_311' title='bbox 1037 3569 1091 3638; x_wconf 87' lang='lat' dir='ltr'>,Le</span> <span class='ocrx_word' id='word_1_312' title='bbox 1119 3569 1262 3638; x_wconf 87' lang='lat' dir='ltr'>Pentapoli</span> <span class='ocrx_word' id='word_1_313' title='bbox 1288 3585 1373 3625; x_wconf 86' lang='lat' dir='ltr'>erano</span> <span class='ocrx_word' id='word_1_314' title='bbox 1398 3569 1446 3622; x_wconf 77' lang='lat' dir='ltr'>dere</span> 
     </span>
     <span class='ocr_line' id='line_1_36' title="bbox 319 3649 1445 3720; baseline -0.004 -14"><span class='ocrx_word' id='word_1_315' title='bbox 319 3649 373 3706; x_wconf 88' lang='lat' dir='ltr'>che</span> <span class='ocrx_word' id='word_1_316' title='bbox 393 3650 469 3704; x_wconf 88' lang='lat' dir='ltr'>unite</span> <span class='ocrx_word' id='word_1_317' title='bbox 488 3649 671 3705; x_wconf 72' lang='lat' dir='ltr'>chiemseensi</span> <span class='ocrx_word' id='word_1_318' title='bbox 690 3651 715 3705; x_wconf 89' lang='lat' dir='ltr'>le</span> <span class='ocrx_word' id='word_1_319' title='bbox 733 3649 868 3718; x_wconf 87' lang='lat' dir='ltr'>Decapoli.</span> <span class='ocrx_word' id='word_1_320' title='bbox 906 3649 968 3706; x_wconf 89' lang='lat' dir='ltr'>Una</span> <span class='ocrx_word' id='word_1_321' title='bbox 986 3649 1140 3720; x_wconf 86' lang='lat' dir='ltr'>Pentapoli,</span> <span class='ocrx_word' id='word_1_322' title='bbox 1159 3651 1186 3704; x_wconf 89' lang='lat' dir='ltr'>la</span> <span class='ocrx_word' id='word_1_323' title='bbox 1209 3649 1370 3714; x_wconf 87' lang='lat' dir='ltr'>marittime,</span> <span class='ocrx_word' id='word_1_324' title='bbox 1388 3663 1445 3702; x_wconf 88' lang='lat' dir='ltr'>oon·</span> 
     </span>
     <span class='ocr_line' id='line_1_37' title="bbox 325 3729 1446 3800; baseline -0.004 -14"><span class='ocrx_word' id='word_1_325' title='bbox 325 3731 448 3798; x_wconf 81' lang='lat' dir='ltr'>quietata</span> <span class='ocrx_word' id='word_1_326' title='bbox 471 3730 506 3785; x_wconf 89' lang='lat' dir='ltr'>da</span> <span class='ocrx_word' id='word_1_327' title='bbox 524 3729 700 3799; x_wconf 84' lang='lat' dir='ltr'>Luitprando,</span> <span class='ocrx_word' id='word_1_328' title='bbox 727 3735 876 3785; x_wconf 84' lang='lat' dir='ltr'>mnteneva</span> <span class='ocrx_word' id='word_1_329' title='bbox 903 3729 1010 3795; x_wconf 86' lang='lat' dir='ltr'>Pesaro,</span> <span class='ocrx_word' id='word_1_330' title='bbox 1036 3731 1118 3795; x_wconf 82' lang='lat' dir='ltr'>Fano,</span> <span class='ocrx_word' id='word_1_331' title='bbox 1147 3730 1310 3800; x_wconf 76' lang='lat' dir='ltr'>Sinigaglis,</span> <span class='ocrx_word' id='word_1_332' title='bbox 1330 3731 1446 3787; x_wconf 80' lang='lat' dir='ltr'>Ancona.</span> 
     </span>
     <span class='ocr_line' id='line_1_38' title="bbox 323 3807 1446 3878; baseline -0.004 -12"><span class='ocrx_word' id='word_1_333' title='bbox 323 3811 439 3876; x_wconf 77' lang='lat' dir='ltr'>Ument,</span> <span class='ocrx_word' id='word_1_334' title='bbox 467 3809 539 3864; x_wconf 80' lang='lat' dir='ltr'>forse</span> <span class='ocrx_word' id='word_1_335' title='bbox 567 3807 677 3876; x_wconf 85' lang='lat' dir='ltr'>Rimlni,</span> <span class='ocrx_word' id='word_1_336' title='bbox 705 3810 801 3878; x_wconf 78' lang='lat' dir='ltr'>perche</span> <span class='ocrx_word' id='word_1_337' title='bbox 819 3809 838 3863; x_wconf 91' lang='lat' dir='ltr'>il</span> <span class='ocrx_word' id='word_1_338' title='bbox 858 3824 967 3864; x_wconf 86' lang='lat' dir='ltr'>numero</span> <span class='ocrx_word' id='word_1_339' title='bbox 985 3811 1080 3871; x_wconf 74' lang='lat' dir='ltr'>vano:</span> <span class='ocrx_word' id='word_1_340' title='bbox 1107 3811 1135 3865; x_wconf 90' lang='lat' dir='ltr'>la</span> <span class='ocrx_word' id='word_1_341' title='bbox 1152 3809 1359 3874; x_wconf 68' lang='lat' dir='ltr'>mediterranea</span> <span class='ocrx_word' id='word_1_342' title='bbox 1379 3808 1446 3863; x_wconf 82' lang='lat' dir='ltr'>forse</span> 
     </span>
     <span class='ocr_line' id='line_1_39' title="bbox 324 3888 1446 3960; baseline -0.003 -16"><span class='ocrx_word' id='word_1_343' title='bbox 324 3891 394 3944; x_wconf 90' lang='lat' dir='ltr'>oltre</span> <span class='ocrx_word' id='word_1_344' title='bbox 412 3888 501 3945; x_wconf 88' lang='lat' dir='ltr'>Osimo</span> <span class='ocrx_word' id='word_1_345' title='bbox 521 3897 604 3944; x_wconf 86' lang='lat' dir='ltr'>avuto</span> <span class='ocrx_word' id='word_1_346' title='bbox 624 3889 658 3943; x_wconf 84' lang='lat' dir='ltr'>da</span> <span class='ocrx_word' id='word_1_347' title='bbox 677 3889 851 3957; x_wconf 75' lang='lat' dir='ltr'>Lnitprandq</span> <span class='ocrx_word' id='word_1_348' title='bbox 876 3897 1026 3944; x_wconf 76' lang='lat' dir='ltr'>contenera</span> <span class='ocrx_word' id='word_1_349' title='bbox 1043 3889 1115 3952; x_wconf 79' lang='lat' dir='ltr'>lesi,</span> <span class='ocrx_word' id='word_1_350' title='bbox 1141 3889 1232 3960; x_wconf 80' lang='lat' dir='ltr'>Cagli,</span> <span class='ocrx_word' id='word_1_351' title='bbox 1253 3889 1368 3946; x_wconf 86' lang='lat' dir='ltr'>anbio.</span> <span class='ocrx_word' id='word_1_352' title='bbox 1388 3889 1446 3944; x_wconf 80' lang='lat' dir='ltr'>Pos-</span> 
     </span>
     <span class='ocr_line' id='line_1_40' title="bbox 325 3967 1446 4037; baseline -0.004 -13"><span class='ocrx_word' id='word_1_353' title='bbox 325 3969 472 4035; x_wconf 85' lang='lat' dir='ltr'>sombrone,</span> <span class='ocrx_word' id='word_1_354' title='bbox 487 3967 613 4026; x_wconf 78' lang='lat' dir='ltr'>Urbino.“</span> <span class='ocrx_word' id='word_1_355' title='bbox 626 4000 660 4009; x_wconf 95' lang='lat'><em>-</em></span> <span class='ocrx_word' id='word_1_356' title='bbox 671 3969 712 4023; x_wconf 82' lang='lat' dir='ltr'>Ad</span> <span class='ocrx_word' id='word_1_357' title='bbox 730 3969 874 4023; x_wconf 89' lang='lat' dir='ltr'>Venetiam</span> <span class='ocrx_word' id='word_1_358' title='bbox 892 3969 961 4036; x_wconf 82' lang='lat' dir='ltr'>quod</span> <span class='ocrx_word' id='word_1_359' title='bbox 975 3967 1085 4032; x_wconf 78' lang='lat' dir='ltr'>attiaet.</span> <span class='ocrx_word' id='word_1_360' title='bbox 1105 3985 1137 4023; x_wconf 89' lang='lat' dir='ltr'>ea</span> <span class='ocrx_word' id='word_1_361' title='bbox 1149 3969 1283 4024; x_wconf 82' lang='lat' dir='ltr'>territorii</span> <span class='ocrx_word' id='word_1_362' title='bbox 1302 3985 1369 4037; x_wconf 86' lang='lat' dir='ltr'>pars</span> <span class='ocrx_word' id='word_1_363' title='bbox 1382 3985 1446 4036; x_wconf 82' lang='lat' dir='ltr'>qnae</span> 
     </span>
     <span class='ocr_line' id='line_1_41' title="bbox 325 4047 1446 4118; baseline -0.001 -15"><span class='ocrx_word' id='word_1_364' title='bbox 325 4048 353 4103; x_wconf 90' lang='lat' dir='ltr'>in</span> <span class='ocrx_word' id='word_1_365' title='bbox 373 4055 447 4103; x_wconf 87' lang='lat' dir='ltr'>terra</span> <span class='ocrx_word' id='word_1_366' title='bbox 465 4049 615 4103; x_wconf 89' lang='lat' dir='ltr'>continenti</span> <span class='ocrx_word' id='word_1_367' title='bbox 634 4055 689 4102; x_wconf 81' lang='lat' dir='ltr'>sita</span> <span class='ocrx_word' id='word_1_368' title='bbox 707 4054 775 4114; x_wconf 89' lang='lat' dir='ltr'>crat,</span> <span class='ocrx_word' id='word_1_369' title='bbox 788 4047 1139 4118; x_wconf 79' lang='lat' dir='ltr'>ahongobardlsoccupata</span> <span class='ocrx_word' id='word_1_370' title='bbox 1156 4048 1225 4114; x_wconf 64' lang='lat' dir='ltr'>tutu</span> <span class='ocrx_word' id='word_1_371' title='bbox 1245 4065 1307 4118; x_wconf 90' lang='lat' dir='ltr'>pars</span> <span class='ocrx_word' id='word_1_372' title='bbox 1327 4065 1393 4105; x_wconf 82' lang='lat' dir='ltr'>rero</span> <span class='ocrx_word' id='word_1_373' title='bbox 1410 4049 1446 4102; x_wconf 90' lang='lat' dir='ltr'>io·</span> 
     </span>
    </p>
   </div>
   <div class='ocr_carea' id='block_1_5' title="bbox 318 4127 1447 4200">
    <p class='ocr_par' dir='ltr' id='par_1_5' title="bbox 318 4127 1447 4200">
     <span class='ocr_line' id='line_1_42' title="bbox 318 4127 1447 4200; baseline 0 -19"><span class='ocrx_word' id='word_1_374' title='bbox 318 4127 391 4182; x_wconf 80' lang='lat' dir='ltr'>‚salis</span> <span class='ocrx_word' id='word_1_375' title='bbox 410 4129 598 4184; x_wconf 77' lang='lat' dir='ltr'>constamus!</span> <span class='ocrx_word' id='word_1_376' title='bbox 625 4128 693 4183; x_wconf 83' lang='lat' dir='ltr'>mari</span> <span class='ocrx_word' id='word_1_377' title='bbox 719 4127 844 4196; x_wconf 60' lang='lat' dir='ltr'>amouens</span> <span class='ocrx_word' id='word_1_378' title='bbox 862 4127 978 4196; x_wconf 88' lang='lat' dir='ltr'>propriis</span> <span class='ocrx_word' id='word_1_379' title='bbox 1004 4129 1111 4200; x_wconf 81' lang='lat' dir='ltr'>legibus</span> <span class='ocrx_word' id='word_1_380' title='bbox 1129 4129 1278 4200; x_wconf 82' lang='lat' dir='ltr'>regebatur</span> <span class='ocrx_word' id='word_1_381' title='bbox 1295 4131 1374 4184; x_wconf 81' lang='lat' dir='ltr'>modo</span> <span class='ocrx_word' id='word_1_382' title='bbox 1393 4127 1447 4182; x_wconf 78' lang='lat' dir='ltr'>sere</span> 
     </span>
    </p>
   </div>
   <div class='ocr_carea' id='block_1_6' title="bbox 321 4205 1447 4356">
    <p class='ocr_par' dir='ltr' id='par_1_6' title="bbox 321 4205 1447 4356">
     <span class='ocr_line' id='line_1_43' title="bbox 324 4205 1447 4278; baseline 0 -16"><span class='ocrx_word' id='word_1_383' title='bbox 324 4207 523 4277; x_wconf 83' lang='lat' dir='ltr'>independenti‚</span> <span class='ocrx_word' id='word_1_384' title='bbox 537 4207 589 4263; x_wconf 90' lang='lat' dir='ltr'>etsi</span> <span class='ocrx_word' id='word_1_385' title='bbox 602 4207 789 4262; x_wconf 84' lang='lat' dir='ltr'>nominetenus</span> <span class='ocrx_word' id='word_1_386' title='bbox 809 4205 842 4261; x_wconf 89' lang='lat' dir='ltr'>ab</span> <span class='ocrx_word' id='word_1_387' title='bbox 856 4208 1022 4276; x_wconf 87' lang='lat' dir='ltr'>Imperatore</span> <span class='ocrx_word' id='word_1_388' title='bbox 1035 4209 1141 4276; x_wconf 73' lang='lat' dir='ltr'>Optano</span> <span class='ocrx_word' id='word_1_389' title='bbox 1150 4209 1320 4278; x_wconf 83' lang='lat' dir='ltr'>dependeret.</span> <span class='ocrx_word' id='word_1_390' title='bbox 1335 4211 1370 4266; x_wconf 82' lang='lat' dir='ltr'>V.</span> <span class='ocrx_word' id='word_1_391' title='bbox 1384 4209 1447 4263; x_wconf 88' lang='lat' dir='ltr'>Bru·</span> 
     </span>
     <span class='ocr_line' id='line_1_44' title="bbox 321 4287 923 4356; baseline 0 -14"><span class='ocrx_word' id='word_1_392' title='bbox 321 4303 423 4356; x_wconf 79' lang='lat' dir='ltr'>nengo,</span> <span class='ocrx_word' id='word_1_393' title='bbox 443 4287 481 4342; x_wconf 82' lang='lat' dir='ltr'>Le</span> <span class='ocrx_word' id='word_1_394' title='bbox 500 4287 601 4356; x_wconf 77' lang='lat' dir='ltr'>origini</span> <span class='ocrx_word' id='word_1_395' title='bbox 620 4294 672 4343; x_wconf 87' lang='lat' dir='ltr'>ete.</span> <span class='ocrx_word' id='word_1_396' title='bbox 691 4304 715 4356; x_wconf 94' lang='lat' dir='ltr'>p.</span> <span class='ocrx_word' id='word_1_397' title='bbox 735 4287 796 4351; x_wconf 80' lang='lat' dir='ltr'>ma,</span> <span class='ocrx_word' id='word_1_398' title='bbox 815 4293 880 4341; x_wconf 86' lang='lat' dir='ltr'>uota</span> <span class='ocrx_word' id='word_1_399' title='bbox 901 4289 923 4342; x_wconf 91' lang='lat'>1.</span> 
     </span>
    </p>
   </div>
   <div class='ocr_carea' id='block_1_7' title="bbox 0 0 1515 4836">
    <p class='ocr_par' dir='ltr' id='par_1_7' title="bbox 0 0 1515 4836">
     <span class='ocr_line' id='line_1_45' title="bbox 0 0 1515 4836; baseline 0 0"><span class='ocrx_word' id='word_1_400' title='bbox 0 0 1515 4836; x_wconf 95' lang='lat' dir='ltr'> </span> 
     </span>
    </p>
   </div>
  </div>
 </body>
</html>
