2952 4832
329 479 380 528 222
579 477 654 532 xxi.
675 479 757 532 1)θὸΙ
779 477 909 546 Gregorio
928 477 983 530 Vll
1002 478 1077 532 Rom.
1097 477 1236 534 Pontifice.

175 621 292 672 E¹P⁶³¹li⁰
417 622 446 686 6.
473 621 582 706 Atque
606 620 668 685 hoe
693 620 763 686 loco
787 623 1010 700 advertamus,
1027 621 1173 686 Leonem
1184 623 1235 688 IX
1252 623 1420 690 militaribus

171 691 317 802 ”⁰³:23⁹
329 720 433 804 copiis
465 721 499 782 iu
532 741 571 782 ca
603 719 816 804 expeditione
849 743 884 783 se
916 720 1118 800 miscentem,
1150 731 1263 805 postea
1287 745 1325 786 ea
1345 722 1379 786 de
1396 745 1419 784 re

328 819 551 902 vituperatum
585 817 685 880 fuisse
715 841 735 880 a
764 839 788 882 s.
836 818 933 881 Petro
965 818 1131 882 Datuiano
1170 820 1202 882 in
1234 819 1363 903 epistola
1391 817 1420 881 al

329 913 525 980 Ordericum
558 915 744 979 Firminum
769 918 971 1001 episcopum.
988 915 1015 1000 ¹)
1061 917 1127 980 sed
1151 919 1256 980 sancti
1280 917 1422 982 Pontificis

330 1013 494 1077 vindicias
518 1014 581 1077 hae
606 1013 646 1077 de
669 1035 704 1077 re
720 1013 887 1100 praeclare
912 1017 979 1098 egit
994 1013 1168 1078 Batonius.
1204 1013 1319 1094 „Quae
1334 1015 1424 1078 Petms

330 1113 529 1190 Damianus,
559 1113 679 1197 inquit,
716 1111 875 1176 adversus
899 1111 1044 1176 Leonem
1070 1112 1267 1176 militaribus
1291 1115 1383 1198 copiis
1400 1133 1423 1172 se

330 1211 523 1274 miscentem
556 1211 696 1294 scripsit,
727 1212 761 1274 in
786 1210 838 1274 liis
862 1232 946 1296 quae
970 1212 1085 1274 asserit
1110 1210 1332 1274 examinanda
1359 1226 1424 1274 sum.

329 1331 373 1372 an
398 1309 431 1371 in
455 1307 609 1371 omnibus
633 1310 771 1371 veritate
795 1308 985 1374 subsistant.
1034 1309 1117 1372 llum
1151 1311 1239 1372 enim
1275 1311 1341 1394 ipse
1362 1327 1424 1372 essu

331 1427 481 1470 moerens
511 1406 621 1469 animo
651 1427 691 1468 ac
721 1406 838 1490 lugens
869 1408 969 1470 eremi
995 1405 1112 1487 incola,
1149 1407 1237 1492 quod
1263 1408 1426 1494 frequenter

330 1503 461 1568 audiret
483 1505 652 1588 episcopos
676 1503 804 1589 aliquos
828 1505 861 1568 in
878 1503 996 1568 Galliis
1019 1514 1118 1589 atque
1133 1503 1322 1570 Germaniis
1343 1504 1426 1589 galea·

330 1615 380 1667 tos
404 1625 443 1665 ac
459 1601 611 1665 loricatos
633 1601 678 1664 ed
692 1601 779 1666 bella
803 1602 991 1688 procedere,
1016 1603 1145 1666 facinus
1168 1615 1349 1682 execratus,
1371 1601 1427 1664 scri·

331 1703 397 1786 psit
431 1698 602 1784 epistolam
634 1700 677 1766 ad
708 1701 895 1764 Firminum
936 1702 1145 1785 episcopum,
1180 1724 1245 1788 qua
1277 1701 1427 1786 deplorans

332 1799 447 1864 mundi
472 1800 570 1886 hujus
595 1801 691 1884 mala,
717 1800 895 1884 praecipue
910 1821 989 1862 vero
1007 1799 1188 1863 discordias
1202 1800 1324 1864 oboriri
1340 1798 1429 1862 solius

332 1900 418 1962 inter
440 1901 653 1984 imperatores
677 1909 774 1984 atque
799 1897 981 1982 pontifices,
1011 1899 1058 1961 sic
1083 1897 1155 1962 vult
1179 1919 1316 1962 munera
1339 1915 1428 1960 eorum

332 2019 402 2060 esse
434 1998 605 2082 distinete,
642 2009 678 2062 ut
719 2019 781 2060 neo
823 1997 1037 2080 imperatores
1066 1997 1230 2080 attingant
1264 2018 1347 2081 quae
1373 2005 1429 2056 suut

332 2096 551 2177 sacerdotum,
576 2119 638 2161 nec
655 2095 841 2158 sacerdotes
856 2105 1029 2179 quaesunt
1045 2096 1291 2180 imperatorum,
1316 2105 1350 2155 ut
1365 2089 1429 2154 bella

332 2203 474 2257 tractare
505 2205 538 2258 et
567 2194 659 2259 aliud
684 2193 718 2256 id
750 2213 868 2275 genus,
901 2213 987 2276 quac
1011 2193 1090 2277 ipsis
1114 2193 1248 2256 omuino
1273 2207 1428 2254 reservat·

334 2291 440 2354 Affcrt
456 2291 533 2356 dein
550 2293 713 2356 Beronius
738 2292 808 2374 ipsa
823 2288 979 2374 epistolae
997 2287 1101 2354 verba
1109 2289 1146 2375 ²),
1171 2300 1204 2352 et
1219 2288 1328 2353 addit:
1354 2287 1430 2368 ,Huc

334 2411 437 2474 usque
461 2389 502 2454 de
526 2389 578 2454 his
603 2390 718 2453 Petrus
742 2389 911 2467 Damiani,
944 2389 995 2451 cui
1028 2387 1190 2452 catholiea
1222 2387 1370 2471 dogmata
1393 2407 1432 2470 pe·

333 2489 423 2550 nitus
446 2488 682 2565 adversantur,
706 2485 826 2572 quibus
850 2484 994 2549 haeresis
1018 2507 1126 2548 errore
1150 2498 1306 2550 notantur
1329 2503 1431 2548 omnes.

333 2587 390 2670 qui
415 2583 456 2650 ab
472 2584 623 2649 Ecclesia
639 2585 797 2666 Romana,
823 2581 979 2646 cathedra
994 2583 1093 2664 Petri,
1118 2606 1136 2645 e
1160 2581 1290 2646 duobus
1314 2583 1432 2646 alteruu¹

332 2683 481 2760 gladium
506 2683 668 2763 auferunt,
695 2704 756 2746 nec
780 2683 843 2744 nisi
867 2679 1070 2766 spiritualem
1089 2681 1306 2745 concedunt.“
1330 2679 1432 2744 Probat

335 2783 422 2862 dein,
447 2781 533 2846 hanc
548 2779 716 2844 Ecclesiae
730 2791 799 2844 esse
814 2779 1012 2862 doctrinam,
1037 2788 1088 2843 et:
1115 2780 1255 2862 „Errore
1273 2781 1375 2862 igitur.
1398 2778 1434 2838 iu-

334 2881 415 2964 quit,
444 2877 554 2964 lapsus
579 2879 790 2943 convincitur
813 2877 939 2956 Petrus,
972 2879 1143 2958 (excusare
1167 2899 1243 2940 eum
1273 2899 1330 2942 nee
1353 2874 1432 2938 debe-

335 2999 407 3040 mus
423 2999 484 3040 uec
501 2975 698 3062 possumus),
724 2998 823 3062 quem
840 2979 899 3057 (so.
913 2978 1070 3047 errorem)
1086 2976 1254 3038 communi
1272 2973 1434 3038 catholicae

332 3077 433 3140 totius
457 3075 626 3139 Ecclesiae
650 3096 812 3138 consensu
837 3085 965 3138 constet
988 3097 1058 3137 esse
1082 3073 1340 3154 damnatum.“⁸)

424 3227 452 3290 7.
477 3226 587 3289 Etiam
612 3224 832 3289 Bellarminus
856 3223 971 3288 scribit
995 3223 1035 3288 do
1060 3223 1115 3288 illa
1139 3247 1163 3287 s.
1179 3223 1268 3286 Petri
1294 3221 1431 3288 Damieui

331 3322 485 3408 epistola:
527 3323 584 3406 „lii
618 3323 755 3409 epistola
792 3322 836 3386 ad
865 3323 1052 3386 Firmiuum
1084 3323 1276 3408 episcopum
1305 3321 1432 3386 liberie.

335 3471 542 3478 —m———um

409 3555 427 3622 ²)
447 3554 516 3620 Epp.
537 3555 565 3608 L.
588 3553 635 3608 [V.
655 3569 696 3622 ep.
716 3557 740 3606 9.

406 3651 429 3720 a)
448 3653 522 3718 Quae
540 3652 656 3706 Leonem
667 3651 707 3706 IX
726 3657 851 3718 spectant
869 3657 935 3704 strat
953 3651 1032 3704 haec:
1053 3650 1112 3718 „Aa
1130 3649 1195 3706 haec
1213 3652 1236 3706 si
1256 3651 1316 3720 quis
1332 3651 1431 3718 objiciat.

333 3731 448 3786 Leonem
468 3731 569 3786 bellicis
582 3731 674 3786 usibus
693 3747 722 3786 se
735 3732 893 3798 frequenter
906 3729 1069 3800 implicuisse
1082 3730 1248 3799 Pontificem,
1268 3743 1431 3786 veruntamen

332 3821 455 3876 sanctum
474 3828 543 3866 csse:
563 3811 621 3866 dico
641 3812 710 3878 quod
729 3811 824 3873 sentio,
844 3810 970 3877 quoniam
989 3827 1037 3864 nee
1050 3811 1145 3866 l‘etrus
1164 3811 1197 3864 ob
1216 3813 1265 3868 hoc
1278 3811 1430 3882 apestolimu

330 3893 438 3946 obtinet
463 3893 644 3961 principatum
663 3893 727 3958 quia
745 3894 873 3960 negarit3
899 3907 947 3944 nec
965 3891 1055 3945 David
1073 3891 1169 3946 idcireo
1194 3893 1347 3961 prophetiae
1362 3903 1429 3944 meaL

332 3981 379 4026 tur
396 3973 542 4032 oraculum,
567 3973 631 4039 quia
650 3979 738 4026 torum
758 3971 838 4026 alieni
859 3971 912 4026 riri
931 3971 1042 4038 invasit,
1069 3987 1128 4026 cum
1146 3973 1218 4026 mels
1242 3973 1285 4028 rel
1310 3974 1369 4026 tem
1383 3983 1429 4020 nem

332 4067 380 4120 pro
399 4052 503 4106 meritis
522 4053 725 4109 considerentur
744 4053 908 4116 habentium,
928 4052 974 4104 sed
993 4068 1027 4106 ex
1045 4052 1160 4120 propriis
1179 4053 1294 4108 debeant
1311 4049 1429 4120 quidud-

332 4132 381 4184 bus
397 4132 538 4200 jurlicari.“

407 4231 428 4296 ³)
446 4229 478 4282 V.
498 4229 595 4283 Baton.
616 4231 649 4284 ad
669 4247 693 4284 a.
715 4233 782 4284 tosa
811 4246 836 4284 n.
859 4232 891 4284 10
909 4246 966 4296 sqq.
