2952 4832
285 474 324 527 De
342 471 594 528 Pnredecosaoribus
614 473 639 528 S.
659 473 785 542 Gregorii
805 473 867 528 Vll.
1101 475 1154 528 225

56 617 177 682 fideliter
199 619 444 682 continuarunt.
491 616 741 682 Hildebrandus
770 625 879 680 autem
904 618 1003 679 etiam
1028 616 1089 681 snb
1114 617 1155 680 iis

55 716 106 780 hac
126 719 156 780 in
179 737 215 780 re
240 725 272 778 et
294 717 328 779 in
359 725 426 778 toto
457 717 618 800 regimine
640 713 811 778 Ecclesiae
844 715 1007 777 maximas
1037 713 1155 779 habuit

53 825 154 898 partes.
201 813 339 897 Singula
369 835 573 898 percurrere,
610 833 694 899 quae
727 833 765 874 eo
793 821 940 896 tempore
970 812 1013 875 ad
1044 814 1155 877 incon-

53 914 209 976 tinentiam
233 911 428 976 clericorum
452 921 484 974 et
508 912 682 975 simoniam
699 909 948 995 exstirpandam
964 910 1153 989 factasunt,

51 1031 105 1074 nou
134 1010 267 1074 videtur
296 1011 529 1072 necessarium.
577 1007 643 1074 Sed
675 1007 847 1072 advertere
880 1010 1038 1072 convenit
1060 1030 1155 1072 aecu-

51 1109 139 1171 ratiue
161 1107 205 1172 ad
227 1106 403 1170 relationes
426 1129 510 1191 quae
534 1108 620 1170 inter
643 1104 826 1170 Ecclesiam
850 1116 950 1190 atque
973 1105 1155 1191 Imperium

49 1208 301 1270 intercesserunt.
348 1204 556 1278 Videbimus,
581 1226 647 1289 qua
669 1205 797 1268 ratione
813 1201 1063 1266 Hildebrandus
1086 1203 1156 1268 alii·

49 1325 103 1386 que
125 1305 187 1368 viri
213 1302 427 1367 ecclesiastici
456 1323 578 1388 magna
601 1302 778 1388 prudentia
809 1300 995 1364 studuerint
1026 1323 1155 1375 cavere,

47 1424 132 1464 neex
147 1400 371 1486 dependentia
396 1399 452 1464 illa
475 1400 629 1486 adquam
653 1401 776 1486 injuria
800 1410 987 1484 temporum
1005 1399 1158 1464 Ecclesia

47 1499 171 1564 redacta
204 1509 288 1576 erat,
327 1500 431 1562 nimia
465 1519 524 1583 pro
553 1499 670 1562 eadem
703 1497 902 1562 detrimenta
933 1509 1155 1582 sequerentur.

44 1597 107 1660 lmo
142 1596 302 1682 paulatim
338 1618 380 1660 ex
408 1595 471 1658 illis
502 1595 647 1660 vinculis
684 1597 851 1659 servitutis
874 1595 1059 1660 Ecclesiam
1094 1598 1157 1661 nisi

46 1707 113 1758 sunt
135 1697 309 1758 extricare.

127 1849 179 1910 10.
228 1845 306 1908 Post
336 1855 473 1909 mortem
507 1845 628 1908 Leonis
654 1845 701 1910 lX
725 1845 865 1908 Romani
890 1843 1159 1912 Hildebrandum
1182 1847 1322 1930 ⁸¹⁰⁰l{⁰¹{⁰'¹

39 1945 77 2008 ad
93 1944 215 2010 Sedent
239 1943 445 2029 pontificiam
468 1941 609 2006 evehere
634 1945 668 2008 iu
685 1945 796 2006 animo
821 1941 999 2026 habebant,
1024 1947 1081 2010 sed
1105 1946 1160 2011 hic
1190 1917 1309 1960 mm

41 2042 218 2126 prudenter
240 2063 296 2105 eos
320 2041 502 2124 admonuit,
528 2064 568 2104 na
584 2041 618 2103 id
632 2040 795 2121 lacerent3
820 2051 919 2126 atque
935 2041 1159 2110 Romanorum

37 2139 163 2224 legatus
196 2141 267 2224 ipae
296 2138 339 2202 ad
363 2138 546 2204 Heuricum
570 2137 620 2202 Ill
653 2139 820 2224 profectus
850 2149 909 2220 est,
947 2151 983 2203 ut
1014 2164 1089 2207 cum
1121 2167 1158 2209 eo

37 2241 239 2318 conveniret,
265 2238 337 2324 quis
361 2236 517 2300 Pontifex
541 2248 716 2301 crearetur.
745 2236 851 2299 Erant
875 2236 1010 2322 quidem
1034 2239 1159 2306 Rornae

35 2355 64 2398 ot
97 2338 134 2400 in
159 2333 258 2400 Italia
291 2335 353 2397 viri
378 2333 421 2398 ad
445 2333 586 2398 sublime
618 2355 738 2398 rannus
763 2332 953 2398 obeundum
986 2338 1160 2422 aptissimi,

35 2435 91 2498 sed
107 2431 335 2520 perspiciebat
347 2430 607 2514 Hildebrandus,
633 2431 849 2494 exelectione
874 2432 1022 2517 indigeni
1047 2436 1161 2501 turbas

35 2555 131 2616 posse
161 2533 250 2610 oriri,
274 2529 552 2616 Imperatorisque
577 2529 840 2631 indignatiopem
865 2541 896 2592 et
920 2535 1159 2617 oppositionem

33 2632 188 2694 *excitari
236 2628 326 2692 Hinc
356 2629 459 2692 satius
486 2627 618 2708 habuit,
649 2637 685 2689 ut
710 2629 779 2712 ipse
804 2629 937 2691 nomine
961 2631 1073 2716 populi
1099 2633 1160 2696 Ro-

32 2730 122 2791 mani
152 2728 347 2811 Imperatori
372 2748 447 2790 cnm
471 2747 569 2811 quem
594 2723 693 2788 vellet
715 2748 756 2788 ex
772 2723 951 2790 Germania
975 2727 1159 2812 praesulem

31 2837 249 2911 proponeret,
275 2835 375 2910 utque
400 2823 462 2888 bac
486 2827 626 2903 ratione,
651 2835 811 2908 quantum
837 2823 907 2887 fieri
932 2833 1073 2909 poterat,
1099 2827 1158 2890 Ec-

28 2923 159 2988 clesiae
178 2921 312 3010 juribus
336 2921 571 3008 electionisque
587 2920 731 2986 libertati
749 2923 951 3006 prospiceret
964 2923 997 3006 ¹).
1048 2924 1159 3004 Quum

29 3021 224 3106 Imperator
255 3022 484 3106 acquievisset,
520 3019 770 3083 Hildebrandus
801 3018 1037 3084 Gebehardum
1062 3023 1159 3086 Eich-

25 3134 215 3184 stetensem
240 3120 430 3204 episcopum
448 3129 484 3180 ut
496 3117 693 3182 Pontificem
717 3115 908 3202 postulavit.
938 3119 1020 3182 Erat
1048 3131 1159 3185 autem

24 3217 259 3281 liebelrardns
272 3215 551 3280 intimusHenriei
568 3214 785 3296 consiliarius,
802 3227 833 3277 et
851 3217 883 3278 in
897 3215 1159 3283 administrando

24 3317 183 3401 Imperio
207 3315 338 3399 adjutor
361 3315 595 3398 peritissimum
625 3323 722 3398 atque
746 3314 870 3398 passim
893 3315 955 3397 ipsi
979 3315 1083 3380 Leoni
1109 3317 1160 3382 IX

22 3414 262 3478 difficiliorem
287 3435 320 3476 se
342 3412 552 3498 praebuerat,
590 3410 669 3475 dum
692 3411 825 3496 Imperii
853 3409 1026 3476 utilitatem
1051 3417 1160 3498 potius

17 3535 135 3598 (quam
154 3510 326 3574 Pontificio
349 3511 511 3595 respicere
535 3511 627 3574 visus
651 3520 744 3572 esset.
774 3508 838 3573 Sed
856 3510 1020 3593 praevidit
1037 3514 1160 3597 optime

102 3756 126 3820 ¹)
152 3751 212 3804 Hoc
229 3749 406 3804 Hildebrandi
424 3749 564 3804 eonsilium
583 3765 694 3802 coaevos
714 3747 858 3815 scriptores
877 3763 930 3802 uon
944 3748 1033 3802 latuit.
1061 3747 1161 3803 Scribit

14 3836 155 3891 Boni20:
184 3835 267 3897 „Cum
285 3829 420 3900 religiosis
439 3830 506 3884 viris
525 3830 606 3897 Alpes
621 3829 756 3882 transiens
775 3827 968 3895 Imperatorem
986 3828 1062 3892 adiit,
1082 3829 1160 3894 eique

14 3922 42 3972 in
60 3920 164 3970 tanta
176 3911 296 3966 amicltia
314 3911 422 3978 junctrrs
442 3915 490 3975 est,
511 3917 543 3964 ut
562 3909 662 3963 crebris
681 3908 901 3962 collocutionibus
920 3913 1051 3974 quantum
1069 3924 1160 3976 pecca·

14 4011 80 4050 tum
104 3997 141 4048 in
163 3991 309 4060 largitione
327 3991 467 4045 Pontifieis
492 3989 663 4060 (pontificiilr
690 3989 811 4053 fecisset,
831 3989 995 4044 ostenderat.
1032 3989 1083 4055 Qui
1102 3990 1160 4058 ejus

14 4076 135 4134 salubri
170 4073 340 4140 acquiescens
364 4072 475 4126 oonsilio
501 4071 670 4139 tyrannidem
695 4069 856 4138 patritiatus
881 4069 1012 4137 deposuit.
1038 4070 1160 4135 cleroque

14 4163 162 4213 ltirmano
187 4161 215 4208 et
232 4153 330 4220 populo
348 4153 492 4208 secundum
511 4154 625 4219 antiqua
643 4150 788 4218 privilegia
807 4150 964 4205 electionem
982 4151 1078 4204 summi
1097 4167 1160 4218 pon·

14 4241 164 4296 :iocatus
182 4233 336 4289 conrasit*
365 4233 397 4288 L.
417 4233 448 4286 V.
469 4235 502 4288 ad
522 4234 651 4297 Amicum,
671 4231 831 4286 Watterich.
851 4232 873 4288 I.
893 4249 918 4299 p.
940 4233 997 4284 184.

38 4351 209 4392 Junrrmann,
225 4345 410 4382 Dissertationum
425 4345 490 4382 Tota.
506 4343 547 4382 lv.
1020 4329 1053 4381 15
