2952 4832
325 503 363 555 De
382 501 547 555 Pontificem
565 501 592 553 S.
612 501 740 568 Gregorii
759 501 821 555 tlt
1108 503 1156 555 281

54 660 84 710 ut
104 645 188 710 nullo
211 648 366 710 examine
390 644 503 709 habito
524 643 821 728 llngdeburgensis
845 655 877 708 et
892 645 1160 709 Halberstadien·

53 747 92 808 sis
122 747 264 830 episcopi
297 745 552 828 deponerentur.
599 743 637 806 ld
662 743 771 806 facere
796 744 952 807 Pontifex
983 745 1159 813 recusarit,

52 843 101 906 sed
124 853 157 906 ut
178 867 197 906 a
220 842 349 926 sy'nodo
366 841 600 928 judicarentur
623 841 814 926 postidavit.
847 841 942 906 Clam
956 843 1057 904 etiam
1069 841 1159 906 Hen-

52 943 129 1004 rieus
161 964 236 1005 cum
259 941 402 1005 Roberto
425 939 613 1004 Guiscardo
649 962 709 1025 per
745 943 878 1004 nuntios
914 938 1088 1009 uacabat,
1123 952 1160 1002 nt

45 1039 143 1121 juncti
167 1039 322 1128 Pontifici
350 1038 595 1105 obsisterentst.
643 1038 696 1101 Ex
720 1038 903 1102 Germania
927 1047 1037 1100 autem
1062 1059 1159 1100 reue·

51 1147 117 1199 runt
138 1139 331 1222 praesertim
353 1159 374 1200 a
387 1135 577 1200 Saxonibus
600 1135 761 1221 deputati,
785 1137 841 1221 qni
858 1136 1058 1219 Gregorium
1073 1155 1159 1198 com-

51 1256 172 1298 munem
196 1233 460 1298 Christianorum
493 1245 621 1319 patrem
645 1245 761 1298 eontra
785 1233 922 1297 Hearici
947 1231 1158 1316 tyrannidem

50 1332 298 1416 interpellarunt,
329 1334 466 1418 ejusque
490 1333 676 1410 saevitiam,
712 1333 851 1395 infamia
874 1332 1014 1394 crimina
1038 1339 1070 1394 et
1094 1339 1159 1394 tur·

49 1431 211 1512 pissimum
235 1441 419 1516 quaestum,
452 1452 518 1515 quo
542 1429 721 1513 dignitates
750 1428 990 1494 ecclesiasticas
1013 1428 1159 1512 indignis

48 1526 229 1592 hominibus
252 1529 400 1592 conferre
425 1527 593 1612 pergebat.
618 1528 858 1610 significarunt.

128 1681 181 1742 12>-
228 1679 410 1762 Gregorius
439 1679 505 1742 l'll
541 1702 655 1742 versus
678 1679 778 1742 tinem
812 1681 890 1742 anni
919 1677 1003 1740 1015
1035 1675 1330 1763 legumento-ti-

48 1797 114 1839 cum
137 1775 255 1840 litteris
278 1779 368 1840 misit
392 1779 425 1840 in
448 1776 666 1840 Germaniam
690 1797 867 1861 regemque
892 1776 1068 1838 instantius
1094 1795 1160 1836 mo·
1225 1752 1278 1798 “¹''

47 1875 120 1955 nait,
152 1885 190 1937 ut
216 1877 377 1960 promissa
410 1896 495 1959 quae
525 1873 622 1936 factis
652 1877 808 1938 continuo
833 1872 980 1936 violabat
1004 1881 1159 1939 servaret,

47 1983 74 2034 ct
94 1995 131 2036 ea
155 1995 242 2058 qnae
257 1971 482 2038 Christianum
506 1994 685 2057 regemque
709 1970 851 2036 decebat
877 1973 1005 2034 ratione
1032 1979 1158 2053 ageret:

46 2069 200 2156 simulque
224 2069 334 2156 quoad
357 2069 527 2134 decretum
552 2071 768 2134 investiturae
804 2068 996 2148 declaravit,
1029 2068 1077 2130 uti
1109 2088 1160 2128 su-

46 2169 146 2250 perius
164 2167 321 2248 vidimus,
346 2190 381 2231 se
405 2177 557 2252 paratum
583 2191 663 2248 esse,
689 2179 826 2254 atquae
842 2189 950 2253 acqua
967 2164 1160 2228 viderentur

45 2287 112 2328 cum
144 2269 215 2351 ipso
248 2275 415 2330 statueret.
448 2305 491 2312 —
523 2266 595 2329 Rex
625 2266 777 2330 Natalem
811 2266 948 2330 Domini
984 2269 1028 2346 (a.
1059 2261 1157 2327 1075>

46 2361 212 2428 Goslariae
237 2363 434 2443 celebrabat,
464 2387 528 2450 quo
553 2375 777 2428 convenerant
800 2366 899 2428 etiam
923 2362 1048 2447 aliquot
1072 2360 1158 2444 prin·
1254 2377 1260 2390 ¹

42 2463 125 2545 cipes
149 2473 183 2525 et
206 2463 353 2548 episcopi
378 2463 441 2547 ipsi
458 2461 595 2539 addicti,
620 2486 660 2526 ac
675 2462 817 2547 delegati
833 2460 1081 2526 Coloniensium
1100 2459 1158 2542 qui

44 2559 205 2641 petebant,
235 2570 272 2622 ut
296 2561 431 2624 Anauni
458 2559 513 2624 die
537 2562 576 2624 4⁰
599 2561 798 2625 Decembris
830 2559 986 2625 defuncto
1010 2557 1158 2620 nomina-

43 2667 123 2722 retur
162 2681 343 2723 successor.
396 2657 563 2723 Henricus
604 2682 662 2744 pro
699 2659 835 2722 arbitrio
875 2681 934 2720 suo
972 2654 1158 2720 nominavit

43 2754 245 2842 Hidulphum
270 2757 468 2821 canonicum
493 2757 750 2833 Goslariensem‚
782 2757 905 2820 frustra
930 2749 1158 2818 obnitentibus

40 2851 149 2936 legatis
182 2853 454 2925 Coloniensibus.
493 2857 577 2940 quod
606 2857 694 2920 dorae
726 2866 850 2919 statura
878 2850 1034 2939 pruillas,
1072 2851 1158 2914 valta

38 2951 251 3038 despicabilis,
274 2975 383 3038 ponere
408 2954 566 3032 obscurus,
591 2978 645 3017 nec
668 2956 769 3017 animi
793 2976 846 3017 aec
870 2951 1011 3038 corporis
1037 2951 1157 3012 virtuti-

40 3049 90 3112 ta
116 3053 283 3135 quiequam
306 3061 394 3114 tanto
419 3051 596 3114 sacerdotio
620 3052 748 3136 dipaam
768 3050 999 3138 praetenderet.
1019 3045 1159 3111 ...Sed

40 3169 91 3210 rea
115 3147 255 3211 recolens
278 3147 424 3212 Arenaria
457 3151 689 3236 archiepiscopi
717 3149 927 3213 constantiam
957 3156 987 3208 et
1010 3146 1158 3208 irsoictara

38 3244 201 3310 adeersum
225 3268 329 3310 omues
351 3247 496 3331 nefarios
519 3259 649 3310 coriatus
670 3270 744 3310 suos
766 3248 923 3332 spiritam,
947 3242 1088 3306 consulto
1112 3253 1157 3304 ta-

36 3340 93 3404 lem
121 3344 153 3405 ei
181 3365 388 3408 successorem
418 3345 568 3409 ordinari
596 3345 772 3431 satagebat,
809 3349 899 3433 cajus
922 3340 1090 3426 facilitate
1115 3340 1159 3402 ad

36 3443 141 3504 omnia
165 3464 244 3526 qaae
268 3442 359 3506 vellet
376 3467 439 3528 pro
464 3443 553 3508 libito
578 3467 634 3507 aaa
658 3443 922 3528 abatiqrosseffi).

125 3591 177 3656 73.
224 3593 341 3678 Legati
372 3593 543 3658 Pontificis
579 3595 680 3673 igitur
714 3617 752 3658 eo
789 3607 935 3678 tempore
970 3589 1158 3654 Goslariam

37 3701 267 3771 pervenerunt.
318 3691 358 3754 lu
384 3691 549 3756 mandatis
573 3691 752 3768 habebant,
779 3701 814 3754 ut
837 3701 962 3754 secreto
986 3709 1026 3752 ao
1041 3686 1157 3751 famili·

35 3787 124 3850 arius
155 3809 230 3851 oum
264 3811 341 3873 rege
374 3799 554 3854 tractarent
583 3789 625 3852 de
649 3790 720 3874 ejus
754 3786 994 3874 multiplicibus
1018 3784 1157 3856 delictis,

39 3882 284 3973 Gregorinsqne
312 3890 381 3972 regi
408 3887 657 3970 „indubitanter
680 3889 826 3951 intimari
851 3888 938 3963 fecit,
972 3886 999 3947 si
1024 3907 1078 3947 eos
1102 3881 1158 3969 (le-

34 3981 141 4069 gatos)
165 3982 229 4048 sibi
253 3983 423 4070 loquentes
448 4007 514 4050 non
537 3985 677 4064 audiret,
701 3985 790 4072 quod
814 3984 887 4070 ejus
904 3983 1029 4068 flagitia
1046 3981 1159 4045 Eccle-

101 4129 176 4136 -.-....
194 4131 245 4136 .--.

110 4205 130 4270 ¹)
148 4205 279 4274 Amulph.
299 4207 406 4262 tiediol
426 4223 467 4275 ap.
489 4206 652 4270 ll'atterich,
671 4207 693 4262 1.
713 4205 773 4260 366.

109 4283 134 4350 ²)
152 4285 243 4338 Lamb.
263 4288 297 4340 ed
316 4304 341 4344 a.
361 4287 438 4341 1076.
