3054 4834
338 473 391 526 352
572 473 646 528 XXI.
666 473 705 526 lte
724 474 750 528 S.
770 474 902 542 Gregorio
922 474 974 528 Vll
995 475 1070 530 ltonr.
1092 473 1231 529 Pontifice.

337 627 452 700 potest,
483 615 680 698 Gregorium
714 619 785 680 seni
811 619 866 702 qui
893 627 1084 682 constanter
1107 617 1324 697 declamabat,
1354 643 1381 684 se
1399 645 1432 684 se·

337 715 451 798 positis
476 712 715 778 subtilitatibus
744 714 937 800 Scripturas
974 715 1160 782 doctrinam
1185 719 1318 783 omnino
1340 729 1434 784 tenera

336 811 480 891 benigne
513 812 646 881 dixisse.
679 814 789 898 ipsum
817 813 959 878 libenter
995 813 1139 896 credere,
1173 836 1249 880 eum
1286 815 1434 882 adhaerere

338 912 376 972 iis
409 933 494 995 qrrao
519 911 710 996 Scripturas
742 911 872 976 docent.
922 911 1082 978 Animum
1108 934 1240 998 quoque
1270 916 1300 978 ei
1322 913 1435 978 addidit.

336 1030 494 1080 asserens,
530 1009 681 1093 sepositis
714 1007 943 1072 subtilioribus
974 1009 1234 1094 quaestionibus,
1270 1012 1303 1076 id
1333 1022 1435 1076 mamm

337 1115 495 1168 statutum
529 1107 578 1186 iri,
619 1106 707 1192 quod
741 1107 782 1170 de
813 1131 852 1171 ss.
880 1107 1093 1172 Eucharistia
1116 1107 1309 1193 Scripturas
1331 1109 1436 1174 docent.

177 1207 273 1286 ctuosi
290 1207 324 1246 V¹¹
338 1201 522 1266 Prudenter
546 1204 579 1267 id
605 1203 764 1286 Gregorio
785 1205 847 1268 Vll
873 1205 1078 1289 propositum
1104 1216 1184 1286 erat,
1216 1217 1249 1270 et
1273 1206 1365 1292 plane
1384 1227 1437 1291 pro

181 1277 310 1327 ΜΝ·
337 1300 447 1364 babile
472 1317 531 1379 est,
563 1315 631 1364 tum
658 1303 764 1388 ipsum
790 1315 860 1367 tum
885 1301 978 1383 alios,
1003 1324 1041 1368 eo
1066 1311 1216 1387 petente,
1241 1303 1351 1370 lumen
1371 1304 1437 1367 divi·

336 1421 415 1462 num
448 1423 486 1462 ac
520 1401 556 1464 B.
583 1401 708 1464 Mariae
733 1401 882 1480 Virginis
910 1399 1074 1466 auxilium
1106 1401 1149 1466 ad
1184 1401 1265 1468 illud
1294 1404 1438 1485 negotium

336 1498 397 1559 rite
428 1498 668 1584 perficiendum
707 1497 862 1583 precibus
901 1497 1094 1582 postulasse.
1142 1501 1191 1564 Ar
1223 1501 1308 1564 l'orte
1336 1502 1440 1564 amicus
1490 1548 1491 1591 ,

336 1594 508 1674 religiosus
541 1599 570 1659 ei
605 1596 717 1660 retulit
749 1619 834 1682 quae
858 1621 877 1660 u
902 1597 940 1660 B.
966 1597 1106 1682 Virgine
1130 1597 1193 1661 sibi
1219 1600 1440 1665 communicata

336 1694 558 1776 existimabat,
588 1696 832 1779 Gregoriusquo
858 1697 893 1760 iu
917 1717 954 1758 eo
991 1696 1142 1760 firmatus
1165 1707 1215 1758 est
1238 1696 1380 1763 consilio.
1410 1695 1441 1758 de

336 1813 400 1876 quo
418 1794 654 1876 Berengariuur
680 1795 852 1856 certiorem
878 1792 1034 1874 reddidit,
1059 1803 1096 1858 ut
1112 1803 1240 1858 tantum
1265 1793 1364 1858 obvia
1384 1794 1441 1856 doc·

336 1892 422 1955 trina
447 1891 636 1977 Scripturas
670 1903 918 1976 proponeretur.
965 1891 1027 1956 Illa
1056 1901 1167 1956 autem
1200 1891 1318 1970 verba,
1352 1903 1441 1954 contro

336 2014 413 2074 pisas
437 1991 649 2075 Ber-euporius
672 1991 753 2052 uitii
775 1989 919 2066 habebut,
945 2012 986 2052 ue
1010 2013 1030 2054 a
1055 1991 1126 2052 viro
1151 1991 1287 2074 quidem
1313 1989 1363 2054 illo
1385 1986 1441 2051 reli·

336 2092 426 2166 gioso
452 2111 618 2152 censerem
644 2088 753 2163 allatu,
779 2099 814 2150 ut
839 2090 1084 2152 communicata
1108 2111 1127 2150 a
1143 2088 1182 2151 B.
1198 2087 1309 2152 Maria
1325 2089 1441 2170 Virgine

337 2191 370 2250 in
401 2189 684 2250 confirmationem
716 2185 931 2248 orthodoxiae
966 2185 1170 2270 Bereugarii,
1204 2185 1263 2250 sed
1301 2187 1385 2251 dieu
1408 2183 1441 2246 ab

337 2285 390 2349 illo
416 2289 486 2348 viro
512 2284 564 2348 vel
589 2309 607 2347 a
628 2286 788 2362 Gregorio
813 2306 854 2346 ox
879 2285 1116 2370 suppositione,
1141 2283 1326 2348 secundum
1345 2284 1440 2348 lieren·

335 2385 419 2467 gerii
448 2383 728 2468 protestationem,
769 2384 824 2466 qui
866 2383 962 2445 toties
1003 2381 1181 2462 asserebat,
1223 2405 1257 2445 se
1290 2381 1444 2446 admittere

337 2482 470 2544 omniuo
496 2481 680 2544 doctrinam
706 2481 906 2565 Scripturac,
943 2480 1001 2544 sed
1034 2479 1309 2544 cavillationibus
1340 2477 1444 2542 subtili·

337 2579 449 2642 oribus
480 2578 523 2642 ab
555 2579 755 2642 adversariis
789 2581 945 2663 torqueri.
993 2578 1047 2642 Ex
1071 2577 1226 2644 omnibus
1249 2577 1344 2642 hisce
1366 2577 1446 2660 igitur

336 2687 465 2742 tanturn
491 2678 603 2741 inferri
630 2685 746 2762 potest,
772 2677 969 2756 Gregorinrn
995 2677 1234 2760 Berengarium
1258 2697 1380 2754 senem,
1402 2673 1446 2756 qui

336 2775 379 2840 ad
404 2775 497 2838 illurn
521 2774 748 2860 appellaverat
778 2798 817 2837 ac
850 2785 1016 2838 caetorum
1049 2774 1245 2840 crnditionis
1279 2787 1313 2838 et
1335 2771 1449 2858 pietatis

336 2876 426 2939 fama
452 2873 591 2937 multum
617 2872 856 2951 celebrabatur,
898 2872 1041 2954 benigne
1066 2885 1245 2946 tractasse;
1286 2893 1362 2936 eum
1385 2869 1447 2934 satis

338 2984 490 3058 paratum
515 2973 720 3034 existimasse
745 2981 790 3050 ut,
816 2971 945 3033 omissis
969 2968 1197 3036 subtilioribus
1222 2968 1448 3034 controversiis.

339 3074 370 3135 in
403 3069 585 3156 simplicem
620 3069 803 3132 doctrinam
838 3068 1006 3131 Ecclesiae
1040 3067 1139 3131 iidem
1180 3068 1395 3152 profiteretur.
1426 3080 1448 3122 rt

341 3172 482 3234 soluisse
508 3169 676 3252 negotium
702 3165 792 3236 illud,
830 3169 876 3230 uti
902 3189 1044 3252 aequum
1071 3166 1257 3244 ridebatur,
1291 3165 1448 3249 ‹lisponerr

338 3281 429 3333 tantu
457 3271 489 3331 iu
516 3267 752 3350 llereugariurn
778 3265 996 3342 indulgentia,
1022 3275 1146 3350 ‹prrauta
1173 3267 1219 3327 uti
1245 3275 1380 3348 poterat.

433 3467 504 3528 1:32.
553 3463 616 3525 sed
643 3463 764 3525 insistit
788 3461 999 3543 lloslremius
1025 3461 1226 3540 Gregoriurn
1252 3459 1328 3542 Vll,
1365 3475 1446 3542 quun

339 3563 560 3640 berengarius
592 3563 625 3624 in
651 3561 791 3645 patriam
825 3581 976 3622 reversus
1008 3555 1174 3622 doctrinas
1209 3560 1335 3644 priores
1359 3557 1448 3620 denuo

339 3663 484 3740 afferret,
511 3659 600 3722 lraud
626 3659 856 3738 intervenisse,
883 3655 939 3720 sed
966 3655 998 3719 id
1024 3655 1193 3736 tolerasse,
1227 3655 1376 3742 adeoque
1399 3649 1448 3713 illis

340 3759 499 3823 doctrinis
523 3779 589 3820 non
607 3757 705 3820 fuisse
726 3755 937 3834 contrarium,
963 3767 995 3817 et
1012 3755 1178 3818 censuisse
1201 3753 1243 3818 ad
1261 3753 1363 3817 fidem
1378 3747 1447 3812 sulii·

341 3881 414 3921 cere
428 3857 666 3942 professionem
682 3853 881 3938 generalem,
899 3854 931 3915 in
944 3852 1155 3915 Eucliaristia
1172 3851 1294 3936 porrigi
1314 3845 1449 3913 fidelibus

341 3977 455 4019 rerum
490 3976 608 4038 corpus
632 3961 664 4015 et
688 3953 883 4033 sanguinem
909 3949 1042 4014 Christi.
1091 3949 1232 4014 Adverti
1266 3959 1371 4034 potest
1405 3947 1447 4005 iu-

342 4053 473 4139 primis,
505 4073 607 4137 quum
641 4049 791 4113 doctrina
825 4047 988 4112 catholica
1022 4047 1223 4132 professione
1258 4049 1291 4110 iu
1326 4037 1448 4107 coneilio

341 4151 508 4238 proposita
532 4173 570 4212 ac
595 4170 692 4212 sensu
716 4144 859 4210 naturali
886 4144 1049 4210 intellecta
1075 4144 1161 4208 clare
1186 4165 1344 4230 expressa
1365 4153 1446 4202 esset.

342 4249 541 4324 Gregorium
561 4247 671 4310 inultis
689 4243 942 4308 difficultatibus
958 4243 1128 4307 detentum
1142 4245 1286 4328 potuisse
1298 4239 1448 4305 abstines
