<?xml version="1.0" encoding="UTF-8"?>
<!DOCTYPE html PUBLIC "-//W3C//DTD XHTML 1.0 Transitional//EN"
    "http://www.w3.org/TR/xhtml1/DTD/xhtml1-transitional.dtd">
<html xmlns="http://www.w3.org/1999/xhtml" xml:lang="en" lang="en">
 <head>
  <title>
</title>
<meta http-equiv="Content-Type" content="text/html;charset=utf-8" />
  <meta name='ocr-system' content='tesseract 3.04.00' />
  <meta name='ocr-capabilities' content='ocr_page ocr_carea ocr_par ocr_line ocrx_word'/>
</head>
<body>
  <div class='ocr_page' id='page_1' title='image "./dissertationess01junggoog_0780.png"; bbox 0 0 2952 4832; ppageno 0'>
   <div class='ocr_carea' id='block_1_1' title="bbox 340 493 1145 562">
    <p class='ocr_par' dir='ltr' id='par_1_1' title="bbox 340 493 1145 562">
     <span class='ocr_line' id='line_1_1' title="bbox 340 493 1145 562; baseline -0.002 -15"><span class='ocrx_word' id='word_1_1' title='bbox 340 495 380 548; x_wconf 83' lang='lat' dir='ltr'><strong>De</strong></span> <span class='ocrx_word' id='word_1_2' title='bbox 400 495 564 547; x_wconf 76' lang='lat' dir='ltr'><strong>pontificatu</strong></span> <span class='ocrx_word' id='word_1_3' title='bbox 583 493 608 547; x_wconf 86' lang='lat' dir='ltr'><strong>S.</strong></span> <span class='ocrx_word' id='word_1_4' title='bbox 629 493 755 562; x_wconf 78' lang='lat' dir='ltr'><strong>Gregorii</strong></span> <span class='ocrx_word' id='word_1_5' title='bbox 775 493 838 548; x_wconf 78' lang='lat' dir='ltr'><strong>vn.</strong></span> <span class='ocrx_word' id='word_1_6' title='bbox 1091 493 1145 546; x_wconf 80' lang='lat'><strong>30⁹</strong></span> 
     </span>
    </p>
   </div>
   <div class='ocr_carea' id='block_1_2' title="bbox 35 635 1144 1506">
    <p class='ocr_par' dir='ltr' id='par_1_2' title="bbox 35 635 1144 1506">
     <span class='ocr_line' id='line_1_2' title="bbox 40 635 1144 724; baseline -0.002 -23"><span class='ocrx_word' id='word_1_7' title='bbox 40 638 160 702; x_wconf 86' lang='lat' dir='ltr'><strong>concilio</strong></span> <span class='ocrx_word' id='word_1_8' title='bbox 191 639 401 724; x_wconf 81' lang='lat' dir='ltr'>praesideret,</span> <span class='ocrx_word' id='word_1_9' title='bbox 433 659 497 701; x_wconf 91' lang='lat' dir='ltr'><strong>non</strong></span> <span class='ocrx_word' id='word_1_10' title='bbox 531 637 662 701; x_wconf 87' lang='lat' dir='ltr'><strong>sinebat</strong></span> <span class='ocrx_word' id='word_1_11' title='bbox 694 635 877 722; x_wconf 84' lang='lat' dir='ltr'><strong>quidquam</strong></span> <span class='ocrx_word' id='word_1_12' title='bbox 907 645 1050 702; x_wconf 82' lang='lat' dir='ltr'><strong>statuere</strong></span> <span class='ocrx_word' id='word_1_13' title='bbox 1086 647 1144 700; x_wconf 88' lang='lat' dir='ltr'><strong>aut</strong></span> 
     </span>
     <span class='ocr_line' id='line_1_3' title="bbox 41 733 1144 822; baseline -0.001 -24"><span class='ocrx_word' id='word_1_14' title='bbox 41 735 205 820; x_wconf 88' lang='lat' dir='ltr'><strong>prohibere,</strong></span> <span class='ocrx_word' id='word_1_15' title='bbox 237 739 301 801; x_wconf 89' lang='lat' dir='ltr'><strong>nisi</strong></span> <span class='ocrx_word' id='word_1_16' title='bbox 337 758 420 822; x_wconf 87' lang='lat' dir='ltr'><strong>quae</strong></span> <span class='ocrx_word' id='word_1_17' title='bbox 445 757 523 798; x_wconf 90' lang='lat' dir='ltr'><strong>suae</strong></span> <span class='ocrx_word' id='word_1_18' title='bbox 549 733 711 798; x_wconf 88' lang='lat' dir='ltr'><strong>voluntati</strong></span> <span class='ocrx_word' id='word_1_19' title='bbox 736 735 987 799; x_wconf 86' lang='lat' dir='ltr'><strong>accommodata</strong></span> <span class='ocrx_word' id='word_1_20' title='bbox 1010 746 1043 798; x_wconf 90' lang='lat' dir='ltr'><strong>et</strong></span> <span class='ocrx_word' id='word_1_21' title='bbox 1066 758 1085 798; x_wconf 92' lang='lat' dir='ltr'><strong>a</strong></span> <span class='ocrx_word' id='word_1_22' title='bbox 1109 757 1144 798; x_wconf 88' lang='lat' dir='ltr'><strong>se</strong></span> 
     </span>
     <span class='ocr_line' id='line_1_4' title="bbox 41 831 1144 918; baseline 0.001 -23"><span class='ocrx_word' id='word_1_23' title='bbox 41 835 129 916; x_wconf 88' lang='lat' dir='ltr'><strong>primo</strong></span> <span class='ocrx_word' id='word_1_24' title='bbox 163 845 271 900; x_wconf 87' lang='lat' dir='ltr'><strong>essent</strong></span> <span class='ocrx_word' id='word_1_25' title='bbox 310 832 472 897; x_wconf 85' lang='lat' dir='ltr'><strong>ordinata.</strong></span> <span class='ocrx_word' id='word_1_26' title='bbox 527 831 617 896; x_wconf 88' lang='lat' dir='ltr'><strong>Nulli</strong></span> <span class='ocrx_word' id='word_1_27' title='bbox 654 831 871 896; x_wconf 87' lang='lat' dir='ltr'><strong>nihilominus</strong></span> <span class='ocrx_word' id='word_1_28' title='bbox 914 831 1144 918; x_wconf 88' lang='lat' dir='ltr'><strong>episcoporum</strong></span> 
     </span>
     <span class='ocr_line' id='line_1_5' title="bbox 39 929 1144 1017; baseline 0.001 -25"><span class='ocrx_word' id='word_1_29' title='bbox 39 953 155 996; x_wconf 89' lang='lat' dir='ltr'><strong>suorum</strong></span> <span class='ocrx_word' id='word_1_30' title='bbox 178 953 371 996; x_wconf 88' lang='lat' dir='ltr'><strong>concessum</strong></span> <span class='ocrx_word' id='word_1_31' title='bbox 404 933 443 994; x_wconf 92' lang='lat' dir='ltr'><strong>iri</strong></span> <span class='ocrx_word' id='word_1_32' title='bbox 468 929 689 1016; x_wconf 85' lang='lat' dir='ltr'><strong>permittebat,</strong></span> <span class='ocrx_word' id='word_1_33' title='bbox 722 940 758 993; x_wconf 88' lang='lat' dir='ltr'><strong>ut</strong></span> <span class='ocrx_word' id='word_1_34' title='bbox 781 930 925 1017; x_wconf 85' lang='lat' dir='ltr'><strong>aliquem</strong></span> <span class='ocrx_word' id='word_1_35' title='bbox 951 931 991 994; x_wconf 91' lang='lat' dir='ltr'><strong>de</strong></span> <span class='ocrx_word' id='word_1_36' title='bbox 1015 929 1144 994; x_wconf 88' lang='lat' dir='ltr'><strong>baroni-</strong></span> 
     </span>
     <span class='ocr_line' id='line_1_6' title="bbox 40 1029 1144 1111; baseline 0.001 -20"><span class='ocrx_word' id='word_1_37' title='bbox 40 1029 90 1092; x_wconf 88' lang='lat' dir='ltr'><strong>bus</strong></span> <span class='ocrx_word' id='word_1_38' title='bbox 111 1033 174 1095; x_wconf 87' lang='lat' dir='ltr'><strong>suis</strong></span> <span class='ocrx_word' id='word_1_39' title='bbox 198 1053 256 1096; x_wconf 91' lang='lat' dir='ltr'><strong>seu</strong></span> <span class='ocrx_word' id='word_1_40' title='bbox 279 1031 448 1111; x_wconf 80' lang='lat' dir='ltr'><strong>ministris,</strong></span> <span class='ocrx_word' id='word_1_41' title='bbox 485 1029 556 1090; x_wconf 89' lang='lat' dir='ltr'><strong>sive</strong></span> <span class='ocrx_word' id='word_1_42' title='bbox 585 1029 723 1110; x_wconf 90' lang='lat' dir='ltr'><strong>incestu,</strong></span> <span class='ocrx_word' id='word_1_43' title='bbox 759 1030 831 1092; x_wconf 89' lang='lat' dir='ltr'><strong>sive</strong></span> <span class='ocrx_word' id='word_1_44' title='bbox 863 1029 1036 1109; x_wconf 86' lang='lat' dir='ltr'><strong>adulterio,</strong></span> <span class='ocrx_word' id='word_1_45' title='bbox 1073 1031 1144 1092; x_wconf 89' lang='lat' dir='ltr'><strong>sivo</strong></span> 
     </span>
     <span class='ocr_line' id='line_1_7' title="bbox 38 1125 1142 1214; baseline 0.002 -26"><span class='ocrx_word' id='word_1_46' title='bbox 38 1126 132 1212; x_wconf 87' lang='lat' dir='ltr'><strong>aliquo</strong></span> <span class='ocrx_word' id='word_1_47' title='bbox 156 1128 289 1214; x_wconf 86' lang='lat' dir='ltr'><strong>capitali</strong></span> <span class='ocrx_word' id='word_1_48' title='bbox 315 1128 454 1190; x_wconf 89' lang='lat' dir='ltr'><strong>crimine</strong></span> <span class='ocrx_word' id='word_1_49' title='bbox 479 1126 681 1207; x_wconf 87' lang='lat' dir='ltr'><strong>denotatum,</strong></span> <span class='ocrx_word' id='word_1_50' title='bbox 706 1125 850 1212; x_wconf 85' lang='lat' dir='ltr'><strong>publice,</strong></span> <span class='ocrx_word' id='word_1_51' title='bbox 876 1128 938 1190; x_wconf 88' lang='lat' dir='ltr'><strong>nisi</strong></span> <span class='ocrx_word' id='word_1_52' title='bbox 957 1127 1028 1212; x_wconf 87' lang='lat' dir='ltr'><strong>ejus</strong></span> <span class='ocrx_word' id='word_1_53' title='bbox 1052 1149 1142 1212; x_wconf 89' lang='lat' dir='ltr'><strong>prac-</strong></span> 
     </span>
     <span class='ocr_line' id='line_1_8' title="bbox 37 1224 1141 1310; baseline 0.003 -25"><span class='ocrx_word' id='word_1_54' title='bbox 37 1235 126 1308; x_wconf 90' lang='lat' dir='ltr'><strong>cepto,</strong></span> <span class='ocrx_word' id='word_1_55' title='bbox 151 1226 372 1310; x_wconf 78' lang='lat' dir='ltr'><strong>implacitaret</strong></span> <span class='ocrx_word' id='word_1_56' title='bbox 394 1235 452 1288; x_wconf 88' lang='lat' dir='ltr'><strong>aut</strong></span> <span class='ocrx_word' id='word_1_57' title='bbox 476 1227 790 1306; x_wconf 81' lang='lat' dir='ltr'><strong>excommunicaret,</strong></span> <span class='ocrx_word' id='word_1_58' title='bbox 822 1235 880 1289; x_wconf 89' lang='lat' dir='ltr'><strong>aut</strong></span> <span class='ocrx_word' id='word_1_59' title='bbox 904 1224 969 1289; x_wconf 86' lang='lat' dir='ltr'><strong>ulla</strong></span> <span class='ocrx_word' id='word_1_60' title='bbox 994 1225 1141 1289; x_wconf 88' lang='lat' dir='ltr'><strong>ecclcsia-</strong></span> 
     </span>
     <span class='ocr_line' id='line_1_9' title="bbox 35 1321 1143 1408; baseline 0.001 -24"><span class='ocrx_word' id='word_1_61' title='bbox 35 1323 98 1385; x_wconf 86' lang='lat' dir='ltr'><strong>stici</strong></span> <span class='ocrx_word' id='word_1_62' title='bbox 121 1326 235 1408; x_wconf 87' lang='lat' dir='ltr'><strong>rigoris</strong></span> <span class='ocrx_word' id='word_1_63' title='bbox 264 1345 371 1408; x_wconf 90' lang='lat' dir='ltr'><strong>poena</strong></span> <span class='ocrx_word' id='word_1_64' title='bbox 402 1323 650 1407; x_wconf 87' lang='lat' dir='ltr'><strong>constringeret.</strong></span> <span class='ocrx_word' id='word_1_65' title='bbox 697 1323 906 1386; x_wconf 87' lang='lat' dir='ltr'><strong>Lunfrancus</strong></span> <span class='ocrx_word' id='word_1_66' title='bbox 937 1325 1022 1386; x_wconf 90' lang='lat' dir='ltr'><strong>inter</strong></span> <span class='ocrx_word' id='word_1_67' title='bbox 1052 1321 1143 1404; x_wconf 87' lang='lat' dir='ltr'><strong>alios,</strong></span> 
     </span>
     <span class='ocr_line' id='line_1_10' title="bbox 37 1420 1143 1506; baseline 0.005 -26"><span class='ocrx_word' id='word_1_68' title='bbox 37 1420 90 1481; x_wconf 88' lang='lat' dir='ltr'><strong>imo</strong></span> <span class='ocrx_word' id='word_1_69' title='bbox 112 1442 188 1504; x_wconf 88' lang='lat' dir='ltr'><strong>prae</strong></span> <span class='ocrx_word' id='word_1_70' title='bbox 213 1421 297 1502; x_wconf 89' lang='lat' dir='ltr'><strong>aliis,</strong></span> <span class='ocrx_word' id='word_1_71' title='bbox 324 1431 393 1485; x_wconf 86' lang='lat' dir='ltr'><strong>erat</strong></span> <span class='ocrx_word' id='word_1_72' title='bbox 417 1431 597 1484; x_wconf 88' lang='lat' dir='ltr'><strong>memorato</strong></span> <span class='ocrx_word' id='word_1_73' title='bbox 621 1423 691 1505; x_wconf 83' lang='lat' dir='ltr'><strong>regi</strong></span> <span class='ocrx_word' id='word_1_74' title='bbox 715 1421 900 1485; x_wconf 89' lang='lat' dir='ltr'><strong>Wilhclmo</strong></span> <span class='ocrx_word' id='word_1_75' title='bbox 925 1423 1143 1506; x_wconf 85' lang='lat' dir='ltr'><strong>acceptus“¹).</strong></span> 
     </span>
    </p>
   </div>
   <div class='ocr_carea' id='block_1_3' title="bbox 16 1589 1146 3138">
    <p class='ocr_par' dir='ltr' id='par_1_3' title="bbox 16 1589 1146 3138">
     <span class='ocr_line' id='line_1_11' title="bbox 112 1589 1142 1676; baseline 0.002 -24"><span class='ocrx_word' id='word_1_76' title='bbox 112 1589 183 1654; x_wconf 81' lang='lat'>106.</span> <span class='ocrx_word' id='word_1_77' title='bbox 211 1589 392 1673; x_wconf 80' lang='lat' dir='ltr'><strong>Gregorius</strong></span> <span class='ocrx_word' id='word_1_78' title='bbox 408 1591 474 1654; x_wconf 88' lang='lat' dir='ltr'><strong>Vll</strong></span> <span class='ocrx_word' id='word_1_79' title='bbox 499 1613 518 1654; x_wconf 85' lang='lat' dir='ltr'><strong>a</strong></span> <span class='ocrx_word' id='word_1_80' title='bbox 543 1589 708 1654; x_wconf 86' lang='lat' dir='ltr'><strong>Gulielmo</strong></span> <span class='ocrx_word' id='word_1_81' title='bbox 733 1593 882 1676; x_wconf 80' lang='lat' dir='ltr'><strong>petierat,</strong></span> <span class='ocrx_word' id='word_1_82' title='bbox 909 1600 944 1652; x_wconf 94' lang='lat' dir='ltr'><strong>ut</strong></span> <span class='ocrx_word' id='word_1_83' title='bbox 969 1590 1142 1654; x_wconf 88' lang='lat' dir='ltr'><strong>denarium</strong></span> 
     </span>
     <span class='ocr_line' id='line_1_12' title="bbox 33 1677 1145 1772; baseline 0.005 -26"><span class='ocrx_word' id='word_1_84' title='bbox 33 1677 213 1751; x_wconf 86' lang='lat' dir='ltr'><strong>consuetum</strong></span> <span class='ocrx_word' id='word_1_85' title='bbox 238 1712 262 1752; x_wconf 91' lang='lat' dir='ltr'><strong>s.</strong></span> <span class='ocrx_word' id='word_1_86' title='bbox 288 1689 375 1752; x_wconf 89' lang='lat' dir='ltr'><strong>Petri</strong></span> <span class='ocrx_word' id='word_1_87' title='bbox 402 1687 483 1752; x_wconf 85' lang='lat' dir='ltr'><strong>solvi</strong></span> <span class='ocrx_word' id='word_1_88' title='bbox 510 1687 701 1772; x_wconf 76' lang='lat' dir='ltr'><strong>diligentins</strong></span> <span class='ocrx_word' id='word_1_89' title='bbox 727 1700 865 1766; x_wconf 85' lang='lat' dir='ltr'><strong>curaret,</strong></span> <span class='ocrx_word' id='word_1_90' title='bbox 898 1711 936 1750; x_wconf 88' lang='lat' dir='ltr'><strong>ac</strong></span> <span class='ocrx_word' id='word_1_91' title='bbox 952 1689 1145 1771; x_wconf 80' lang='lat' dir='ltr'><strong>fidelitatem</strong></span> 
     </span>
     <span class='ocr_line' id='line_1_13' title="bbox 34 1783 1144 1872; baseline 0.006 -29"><span class='ocrx_word' id='word_1_92' title='bbox 34 1783 85 1866; x_wconf 88' lang='lat' dir='ltr'><strong>ipsi</strong></span> <span class='ocrx_word' id='word_1_93' title='bbox 121 1797 153 1849; x_wconf 90' lang='lat' dir='ltr'><strong>et</strong></span> <span class='ocrx_word' id='word_1_94' title='bbox 189 1787 436 1850; x_wconf 87' lang='lat' dir='ltr'><strong>successoribus</strong></span> <span class='ocrx_word' id='word_1_95' title='bbox 476 1787 547 1871; x_wconf 87' lang='lat' dir='ltr'><strong>ejus</strong></span> <span class='ocrx_word' id='word_1_96' title='bbox 582 1787 715 1850; x_wconf 90' lang='lat' dir='ltr'><strong>faceret.</strong></span> <span class='ocrx_word' id='word_1_97' title='bbox 762 1787 816 1850; x_wconf 77' lang='lat' dir='ltr'><strong>Ad</strong></span> <span class='ocrx_word' id='word_1_98' title='bbox 854 1787 937 1850; x_wconf 87' lang='lat' dir='ltr'><strong>haec</strong></span> <span class='ocrx_word' id='word_1_99' title='bbox 972 1788 1144 1872; x_wconf 86' lang='lat' dir='ltr'><strong>respondit</strong></span> 
     </span>
     <span class='ocr_line' id='line_1_14' title="bbox 31 1879 1143 1970; baseline 0.005 -27"><span class='ocrx_word' id='word_1_100' title='bbox 31 1879 222 1948; x_wconf 85' lang='lat' dir='ltr'><strong>Gulielmus:</strong></span> <span class='ocrx_word' id='word_1_101' title='bbox 263 1884 423 1948; x_wconf 82' lang='lat' dir='ltr'><strong>Hubertus</strong></span> <span class='ocrx_word' id='word_1_102' title='bbox 454 1883 574 1970; x_wconf 72' lang='lat' dir='ltr'><strong>loqutus</strong></span> <span class='ocrx_word' id='word_1_103' title='bbox 604 1897 683 1961; x_wconf 76' lang='lat' dir='ltr'><strong>triers,</strong></span> <span class='ocrx_word' id='word_1_104' title='bbox 721 1884 863 1970; x_wconf 68' lang='lat' dir='ltr'><strong>reliyioso</strong></span> <span class='ocrx_word' id='word_1_105' title='bbox 889 1887 1003 1962; x_wconf 79' lang='lat' dir='ltr'><strong>Pater,</strong></span> <span class='ocrx_word' id='word_1_106' title='bbox 1030 1885 1074 1948; x_wconf 83' lang='lat' dir='ltr'><strong>od</strong></span> <span class='ocrx_word' id='word_1_107' title='bbox 1097 1909 1143 1949; x_wconf 83' lang='lat' dir='ltr'><strong>me</strong></span> 
     </span>
     <span class='ocr_line' id='line_1_15' title="bbox 34 1982 1142 2068; baseline 0.005 -30"><span class='ocrx_word' id='word_1_108' title='bbox 34 1982 142 2044; x_wconf 79' lang='lat' dir='ltr'><strong>renisus</strong></span> <span class='ocrx_word' id='word_1_109' title='bbox 167 2005 208 2044; x_wconf 74' lang='lat' dir='ltr'><strong>ea</strong></span> <span class='ocrx_word' id='word_1_110' title='bbox 233 1993 287 2045; x_wconf 85' lang='lat' dir='ltr'><strong>tuo</strong></span> <span class='ocrx_word' id='word_1_111' title='bbox 305 1994 402 2068; x_wconf 71' lang='lat' dir='ltr'><strong>purte</strong></span> <span class='ocrx_word' id='word_1_112' title='bbox 437 2007 482 2045; x_wconf 84' lang='lat' dir='ltr'><strong>mo</strong></span> <span class='ocrx_word' id='word_1_113' title='bbox 507 1983 679 2058; x_wconf 81' lang='lat' dir='ltr'><strong>admonuit,</strong></span> <span class='ocrx_word' id='word_1_114' title='bbox 709 1995 862 2068; x_wconf 84' lang='lat' dir='ltr'><strong>quatenus</strong></span> <span class='ocrx_word' id='word_1_115' title='bbox 888 1983 947 2046; x_wconf 75' lang='lat' dir='ltr'><strong>tibi</strong></span> <span class='ocrx_word' id='word_1_116' title='bbox 976 1993 1004 2046; x_wconf 86' lang='lat' dir='ltr'><strong>et</strong></span> <span class='ocrx_word' id='word_1_117' title='bbox 1028 2005 1142 2045; x_wconf 75' lang='lat' dir='ltr'><strong>seroces-</strong></span> 
     </span>
     <span class='ocr_line' id='line_1_16' title="bbox 30 2079 1144 2167; baseline 0.004 -29"><span class='ocrx_word' id='word_1_118' title='bbox 30 2079 140 2143; x_wconf 79' lang='lat' dir='ltr'><strong>soribus</strong></span> <span class='ocrx_word' id='word_1_119' title='bbox 170 2082 234 2144; x_wconf 86' lang='lat' dir='ltr'><strong>tuis</strong></span> <span class='ocrx_word' id='word_1_120' title='bbox 258 2080 450 2164; x_wconf 81' lang='lat' dir='ltr'><strong>fidelitatem</strong></span> <span class='ocrx_word' id='word_1_121' title='bbox 473 2080 629 2165; x_wconf 79' lang='lat' dir='ltr'><strong>facerem,</strong></span> <span class='ocrx_word' id='word_1_122' title='bbox 659 2083 748 2143; x_wconf 85' lang='lat' dir='ltr'><strong>etde</strong></span> <span class='ocrx_word' id='word_1_123' title='bbox 768 2084 907 2167; x_wconf 79' lang='lat' dir='ltr'><strong>pecunia</strong></span> <span class='ocrx_word' id='word_1_124' title='bbox 938 2105 1030 2165; x_wconf 83' lang='lat' dir='ltr'><strong>quam</strong></span> <span class='ocrx_word' id='word_1_125' title='bbox 1059 2091 1144 2142; x_wconf 40' lang='lat' dir='ltr'><strong>osnte-</strong></span> 
     </span>
     <span class='ocr_line' id='line_1_17' title="bbox 28 2178 1145 2256; baseline 0.005 -21"><span class='ocrx_word' id='word_1_126' title='bbox 28 2199 151 2240; x_wconf 82' lang='lat' dir='ltr'><strong>cessores</strong></span> <span class='ocrx_word' id='word_1_127' title='bbox 177 2179 238 2240; x_wconf 84' lang='lat' dir='ltr'><strong>moi</strong></span> <span class='ocrx_word' id='word_1_128' title='bbox 261 2179 305 2240; x_wconf 83' lang='lat' dir='ltr'><strong>od</strong></span> <span class='ocrx_word' id='word_1_129' title='bbox 329 2179 506 2242; x_wconf 78' lang='lat' dir='ltr'><strong>Itomouum</strong></span> <span class='ocrx_word' id='word_1_130' title='bbox 530 2178 690 2242; x_wconf 79' lang='lat' dir='ltr'><strong>ecclesium</strong></span> <span class='ocrx_word' id='word_1_131' title='bbox 713 2180 833 2242; x_wconf 83' lang='lat' dir='ltr'><strong>mittere</strong></span> <span class='ocrx_word' id='word_1_132' title='bbox 858 2179 1008 2256; x_wconf 80' lang='lat' dir='ltr'><strong>solebant,</strong></span> <span class='ocrx_word' id='word_1_133' title='bbox 1034 2179 1145 2241; x_wconf 85' lang='lat' dir='ltr'><strong>melius</strong></span> 
     </span>
     <span class='ocr_line' id='line_1_18' title="bbox 29 2274 1144 2357; baseline 0.004 -24"><span class='ocrx_word' id='word_1_134' title='bbox 29 2275 194 2357; x_wconf 58' lang='lat' dir='ltr'><strong>cogitio-rem.</strong></span> <span class='ocrx_word' id='word_1_135' title='bbox 243 2276 345 2339; x_wconf 79' lang='lat' dir='ltr'><strong>Uanus</strong></span> <span class='ocrx_word' id='word_1_136' title='bbox 370 2276 495 2352; x_wconf 76' lang='lat' dir='ltr'><strong>odiieisi,</strong></span> <span class='ocrx_word' id='word_1_137' title='bbox 522 2277 655 2339; x_wconf 81' lang='lat' dir='ltr'><strong>ultorum</strong></span> <span class='ocrx_word' id='word_1_138' title='bbox 680 2300 741 2339; x_wconf 80' lang='grc' dir='ltr'><em>ττοη</em></span> <span class='ocrx_word' id='word_1_139' title='bbox 766 2278 891 2339; x_wconf 79' lang='lat' dir='ltr'><strong>admisi.</strong></span> <span class='ocrx_word' id='word_1_140' title='bbox 939 2274 1144 2338; x_wconf 79' lang='lat' dir='ltr'><strong>l‘l&#39;delitatem</strong></span> 
     </span>
     <span class='ocr_line' id='line_1_19' title="bbox 19 2370 1145 2459; baseline -0.002 -21"><span class='ocrx_word' id='word_1_141' title='bbox 19 2370 119 2450; x_wconf 69' lang='lat' dir='ltr'><strong>,facere</strong></span> <span class='ocrx_word' id='word_1_142' title='bbox 144 2373 246 2452; x_wconf 84' lang='lat' dir='ltr'><strong>uolui,</strong></span> <span class='ocrx_word' id='word_1_143' title='bbox 272 2398 326 2436; x_wconf 76' lang='lat' dir='ltr'><strong>auc</strong></span> <span class='ocrx_word' id='word_1_144' title='bbox 352 2374 440 2452; x_wconf 86' lang='lat' dir='ltr'><strong>uolo,·</strong></span> <span class='ocrx_word' id='word_1_145' title='bbox 463 2375 539 2459; x_wconf 83' lang='lat' dir='ltr'><strong>quio</strong></span> <span class='ocrx_word' id='word_1_146' title='bbox 555 2399 610 2436; x_wconf 86' lang='grc' dir='ltr'><em>ττεε</em></span> <span class='ocrx_word' id='word_1_147' title='bbox 626 2397 679 2457; x_wconf 74' lang='lat' dir='ltr'><strong>ayo</strong></span> <span class='ocrx_word' id='word_1_148' title='bbox 691 2377 838 2459; x_wconf 76' lang='lat' dir='ltr'><strong>promisi,</strong></span> <span class='ocrx_word' id='word_1_149' title='bbox 864 2398 917 2437; x_wconf 86' lang='lat' dir='ltr'><strong>uec</strong></span> <span class='ocrx_word' id='word_1_150' title='bbox 935 2385 1145 2438; x_wconf 80' lang='lat' dir='ltr'><strong>antecessores</strong></span> 
     </span>
     <span class='ocr_line' id='line_1_20' title="bbox 27 2471 1144 2558; baseline 0.002 -28"><span class='ocrx_word' id='word_1_151' title='bbox 27 2491 96 2532; x_wconf 82' lang='lat' dir='ltr'><strong>meos</strong></span> <span class='ocrx_word' id='word_1_152' title='bbox 120 2471 370 2535; x_wconf 60' lang='lat' dir='ltr'><strong>antiocenae-ottus</strong></span> <span class='ocrx_word' id='word_1_153' title='bbox 396 2473 458 2534; x_wconf 81' lang='lat' dir='ltr'><strong>tuis</strong></span> <span class='ocrx_word' id='word_1_154' title='bbox 481 2472 516 2534; x_wconf 78' lang='lat' dir='ltr'><strong>id</strong></span> <span class='ocrx_word' id='word_1_155' title='bbox 532 2473 652 2556; x_wconf 41' lang='lat' dir='ltr'><strong>&#39;fecisse</strong></span> <span class='ocrx_word' id='word_1_156' title='bbox 676 2473 841 2558; x_wconf 63' lang='lat' dir='ltr'><strong>conquesto.</strong></span> <span class='ocrx_word' id='word_1_157' title='bbox 881 2473 1017 2534; x_wconf 80' lang='lat' dir='ltr'><strong>Pacuuio</strong></span> <span class='ocrx_word' id='word_1_158' title='bbox 1043 2472 1144 2535; x_wconf 70' lang='lat' dir='ltr'><strong>tribus</strong></span> 
     </span>
     <span class='ocr_line' id='line_1_21' title="bbox 16 2565 1143 2656; baseline 0.005 -30"><span class='ocrx_word' id='word_1_159' title='bbox 16 2565 80 2648; x_wconf 26' lang='lat' dir='ltr'><strong>,fere</strong></span> <span class='ocrx_word' id='word_1_160' title='bbox 112 2572 220 2646; x_wconf 70' lang='lat' dir='ltr'><strong>(irenis,</strong></span> <span class='ocrx_word' id='word_1_161' title='bbox 251 2571 285 2631; x_wconf 84' lang='grc' dir='ltr'><strong>τ’τι</strong></span> <span class='ocrx_word' id='word_1_162' title='bbox 313 2567 433 2632; x_wconf 83' lang='lat' dir='ltr'><strong>Galliis</strong></span> <span class='ocrx_word' id='word_1_163' title='bbox 468 2593 514 2632; x_wconf 84' lang='lat' dir='ltr'><strong>mc</strong></span> <span class='ocrx_word' id='word_1_164' title='bbox 546 2582 671 2654; x_wconf 72' lang='lat' dir='ltr'><strong>ayantc,</strong></span> <span class='ocrx_word' id='word_1_165' title='bbox 707 2569 898 2656; x_wconf 66' lang='lat' dir='ltr'><strong>oeuliyeater</strong></span> <span class='ocrx_word' id='word_1_166' title='bbox 927 2569 1057 2634; x_wconf 85' lang='lat' dir='ltr'><strong>collecto</strong></span> <span class='ocrx_word' id='word_1_167' title='bbox 1089 2580 1143 2632; x_wconf 87' lang='lat' dir='ltr'><strong>est.</strong></span> 
     </span>
     <span class='ocr_line' id='line_1_22' title="bbox 27 2663 1143 2753; baseline 0.009 -31"><span class='ocrx_word' id='word_1_168' title='bbox 27 2663 109 2728; x_wconf 66' lang='lat' dir='ltr'><strong>⁴l&#39;uoc</strong></span> <span class='ocrx_word' id='word_1_169' title='bbox 132 2691 207 2731; x_wconf 86' lang='lat' dir='ltr'><strong>vero</strong></span> <span class='ocrx_word' id='word_1_170' title='bbox 232 2668 343 2730; x_wconf 81' lang='lat' dir='ltr'><strong>diuino</strong></span> <span class='ocrx_word' id='word_1_171' title='bbox 369 2669 585 2731; x_wconf 75' lang='lat' dir='ltr'><strong>miseriem-dio</strong></span> <span class='ocrx_word' id='word_1_172' title='bbox 609 2693 656 2731; x_wconf 81' lang='grc' dir='ltr'><strong>τηε</strong></span> <span class='ocrx_word' id='word_1_173' title='bbox 681 2670 714 2730; x_wconf 78' lang='lat' dir='ltr'><strong>in</strong></span> <span class='ocrx_word' id='word_1_174' title='bbox 737 2691 864 2753; x_wconf 71' lang='lat' dir='ltr'><strong>requam</strong></span> <span class='ocrx_word' id='word_1_175' title='bbox 888 2690 986 2730; x_wconf 85' lang='grc' dir='ltr'><em>τττετιτη</em></span> <span class='ocrx_word' id='word_1_176' title='bbox 1010 2690 1143 2745; x_wconf 78' lang='lat' dir='ltr'><strong>reverse,</strong></span> 
     </span>
     <span class='ocr_line' id='line_1_23' title="bbox 22 2763 1146 2852; baseline 0.004 -29"><span class='ocrx_word' id='word_1_177' title='bbox 22 2763 96 2844; x_wconf 77' lang='lat' dir='ltr'><strong>quod</strong></span> <span class='ocrx_word' id='word_1_178' title='bbox 119 2764 281 2828; x_wconf 81' lang='lat' dir='ltr'><strong>collectum</strong></span> <span class='ocrx_word' id='word_1_179' title='bbox 306 2777 361 2842; x_wconf 90' lang='lat' dir='ltr'><strong>est,</strong></span> <span class='ocrx_word' id='word_1_180' title='bbox 381 2791 443 2852; x_wconf 80' lang='lat' dir='ltr'><strong>per·</strong></span> <span class='ocrx_word' id='word_1_181' title='bbox 461 2767 647 2852; x_wconf 61' lang='lat' dir='ltr'><strong>praessuram</strong></span> <span class='ocrx_word' id='word_1_182' title='bbox 663 2768 807 2844; x_wconf 82' lang='lat' dir='ltr'><strong>mittitur,</strong></span> <span class='ocrx_word' id='word_1_183' title='bbox 832 2777 861 2827; x_wconf 86' lang='lat' dir='ltr'><strong>et</strong></span> <span class='ocrx_word' id='word_1_184' title='bbox 884 2766 967 2851; x_wconf 84' lang='lat' dir='ltr'><strong>quod</strong></span> <span class='ocrx_word' id='word_1_185' title='bbox 992 2767 1146 2850; x_wconf 80' lang='lat' dir='ltr'><strong>reliq-uum</strong></span> 
     </span>
     <span class='ocr_line' id='line_1_24' title="bbox 22 2862 1145 2950; baseline 0.007 -31"><span class='ocrx_word' id='word_1_186' title='bbox 22 2871 60 2922; x_wconf 76' lang='lat' dir='ltr'><strong>est</strong></span> <span class='ocrx_word' id='word_1_187' title='bbox 77 2886 139 2946; x_wconf 67' lang='grc' dir='ltr'><em>μετ·</em></span> <span class='ocrx_word' id='word_1_188' title='bbox 164 2863 285 2947; x_wconf 71' lang='lat' dir='ltr'><strong>loqutus</strong></span> <span class='ocrx_word' id='word_1_189' title='bbox 310 2863 490 2948; x_wconf 67' lang='lat' dir='ltr'><strong>Laiifraoci</strong></span> <span class='ocrx_word' id='word_1_190' title='bbox 520 2865 749 2950; x_wconf 74' lang='lat' dir='ltr'><strong>archicpiscopi</strong></span> <span class='ocrx_word' id='word_1_191' title='bbox 772 2862 884 2947; x_wconf 83' lang='lat' dir='ltr'><strong>fidelis</strong></span> <span class='ocrx_word' id='word_1_192' title='bbox 910 2866 1020 2942; x_wconf 73' lang='lat' dir='ltr'><strong>nostri,</strong></span> <span class='ocrx_word' id='word_1_193' title='bbox 1050 2887 1145 2948; x_wconf 81' lang='lat' dir='ltr'><strong>qu-um</strong></span> 
     </span>
     <span class='ocr_line' id='line_1_25' title="bbox 21 2960 1143 3047; baseline 0.008 -32"><span class='ocrx_word' id='word_1_194' title='bbox 21 2961 340 3047; x_wconf 73' lang='lat' dir='ltr'><strong>‹ipportuuumfuerit</strong></span> <span class='ocrx_word' id='word_1_195' title='bbox 357 2963 494 3024; x_wconf 85' lang='lat' dir='ltr'><strong>mittetur</strong></span> <span class='ocrx_word' id='word_1_196' title='bbox 504 2961 540 3038; x_wconf 71' lang='lat'><strong>²).</strong></span> <span class='ocrx_word' id='word_1_197' title='bbox 559 2999 601 3008; x_wconf 89' lang='lat'>-</span> <span class='ocrx_word' id='word_1_198' title='bbox 618 2962 842 3025; x_wconf 87' lang='lat' dir='ltr'><strong>Nihilominus</strong></span> <span class='ocrx_word' id='word_1_199' title='bbox 856 2960 1010 3024; x_wconf 84' lang='lat' dir='ltr'><strong>Pontifex</strong></span> <span class='ocrx_word' id='word_1_200' title='bbox 1028 2962 1143 3024; x_wconf 80' lang='lat' dir='ltr'><strong>merito</strong></span> 
     </span>
     <span class='ocr_line' id='line_1_26' title="bbox 19 3057 361 3138; baseline 0.018 -21"><span class='ocrx_word' id='word_1_201' title='bbox 19 3057 176 3138; x_wconf 85' lang='lat' dir='ltr'><strong>patientia</strong></span> <span class='ocrx_word' id='word_1_202' title='bbox 202 3081 278 3122; x_wconf 85' lang='lat' dir='ltr'><strong>usus</strong></span> <span class='ocrx_word' id='word_1_203' title='bbox 303 3071 361 3123; x_wconf 86' lang='lat' dir='ltr'><strong>est.</strong></span> 
     </span>
    </p>
   </div>
   <div class='ocr_carea' id='block_1_4' title="bbox 105 3208 1294 3295">
    <p class='ocr_par' dir='ltr' id='par_1_4' title="bbox 105 3208 1294 3295">
     <span class='ocr_line' id='line_1_27' title="bbox 105 3208 1294 3295; baseline -0.005 -23"><span class='ocrx_word' id='word_1_204' title='bbox 105 3209 181 3274; x_wconf 79' lang='lat'>107.</span> <span class='ocrx_word' id='word_1_205' title='bbox 230 3209 328 3289; x_wconf 79' lang='lat' dir='ltr'><strong>Quod</strong></span> <span class='ocrx_word' id='word_1_206' title='bbox 365 3233 443 3275; x_wconf 87' lang='lat' dir='ltr'><strong>vero</strong></span> <span class='ocrx_word' id='word_1_207' title='bbox 479 3213 597 3274; x_wconf 85' lang='lat' dir='ltr'><strong>attinet</strong></span> <span class='ocrx_word' id='word_1_208' title='bbox 632 3209 673 3274; x_wconf 88' lang='lat' dir='ltr'><strong>ad</strong></span> <span class='ocrx_word' id='word_1_209' title='bbox 702 3210 895 3295; x_wconf 83' lang='lat' dir='ltr'><strong>fidelitatem</strong></span> <span class='ocrx_word' id='word_1_210' title='bbox 926 3208 1016 3272; x_wconf 86' lang='lat' dir='ltr'><strong>illam</strong></span> <span class='ocrx_word' id='word_1_211' title='bbox 1040 3229 1138 3292; x_wconf 69' lang='lat' dir='ltr'><strong>&lt;quiam</strong></span> <span class='ocrx_word' id='word_1_212' title='bbox 1178 3209 1294 3250; x_wconf 66' lang='lat' dir='ltr'><strong>Pf⁰¹²¹l⁸⁸i⁰</strong></span> 
     </span>
    </p>
   </div>
   <div class='ocr_carea' id='block_1_5' title="bbox 19 3279 1311 3394">
    <p class='ocr_par' dir='ltr' id='par_1_5' title="bbox 19 3279 1311 3394">
     <span class='ocr_line' id='line_1_28' title="bbox 19 3279 1311 3394; baseline -0.005 -27"><span class='ocrx_word' id='word_1_213' title='bbox 19 3307 274 3386; x_wconf 86' lang='lat' dir='ltr'><strong>promittendam</strong></span> <span class='ocrx_word' id='word_1_214' title='bbox 291 3307 368 3373; x_wconf 89' lang='lat' dir='ltr'><strong>Sedi</strong></span> <span class='ocrx_word' id='word_1_215' title='bbox 386 3308 597 3394; x_wconf 89' lang='lat' dir='ltr'><strong>Apostolieae</strong></span> <span class='ocrx_word' id='word_1_216' title='bbox 617 3307 796 3392; x_wconf 85' lang='lat' dir='ltr'><strong>Gregorius</strong></span> <span class='ocrx_word' id='word_1_217' title='bbox 817 3307 883 3371; x_wconf 94' lang='lat' dir='ltr'><strong>VII</strong></span> <span class='ocrx_word' id='word_1_218' title='bbox 907 3279 1311 3393; x_wconf 54' lang='lat' dir='ltr'><strong>postulaveratfffl⁰¹i⁸⁸²¹¹</strong></span> 
     </span>
    </p>
   </div>
   <div class='ocr_carea' id='block_1_6' title="bbox 12 3404 1146 3982">
    <p class='ocr_par' dir='ltr' id='par_1_6' title="bbox 12 3404 1146 3982">
     <span class='ocr_line' id='line_1_29' title="bbox 15 3404 1142 3490; baseline 0.001 -25"><span class='ocrx_word' id='word_1_219' title='bbox 15 3413 178 3485; x_wconf 86' lang='lat' dir='ltr'><strong>quantum</strong></span> <span class='ocrx_word' id='word_1_220' title='bbox 203 3426 246 3468; x_wconf 85' lang='lat' dir='ltr'><strong>ex</strong></span> <span class='ocrx_word' id='word_1_221' title='bbox 269 3405 477 3471; x_wconf 89' lang='lat' dir='ltr'><strong>documentis</strong></span> <span class='ocrx_word' id='word_1_222' title='bbox 501 3405 655 3490; x_wconf 87' lang='lat' dir='ltr'><strong>colligere</strong></span> <span class='ocrx_word' id='word_1_223' title='bbox 679 3406 765 3486; x_wconf 88' lang='lat' dir='ltr'><strong>licet,</strong></span> <span class='ocrx_word' id='word_1_224' title='bbox 802 3405 857 3468; x_wconf 91' lang='lat' dir='ltr'><strong>hic</strong></span> <span class='ocrx_word' id='word_1_225' title='bbox 882 3428 947 3470; x_wconf 92' lang='lat' dir='ltr'><strong>non</strong></span> <span class='ocrx_word' id='word_1_226' title='bbox 968 3408 1077 3490; x_wconf 86' lang='lat' dir='ltr'><strong>agitur</strong></span> <span class='ocrx_word' id='word_1_227' title='bbox 1101 3404 1142 3467; x_wconf 93' lang='lat' dir='ltr'><strong>dc</strong></span> 
     </span>
     <span class='ocr_line' id='line_1_30' title="bbox 12 3497 1136 3590; baseline 0.002 -27"><span class='ocrx_word' id='word_1_228' title='bbox 12 3497 201 3580; x_wconf 88' lang='lat' dir='ltr'><strong>juramento</strong></span> <span class='ocrx_word' id='word_1_229' title='bbox 226 3503 365 3568; x_wconf 89' lang='lat' dir='ltr'><strong>hominii</strong></span> <span class='ocrx_word' id='word_1_230' title='bbox 383 3504 615 3590; x_wconf 85' lang='lat' dir='ltr'><strong>qqungliam</strong></span> <span class='ocrx_word' id='word_1_231' title='bbox 642 3515 676 3569; x_wconf 91' lang='lat' dir='ltr'><strong>ut</strong></span> <span class='ocrx_word' id='word_1_232' title='bbox 691 3504 828 3568; x_wconf 86' lang='lat' dir='ltr'><strong>feudum</strong></span> <span class='ocrx_word' id='word_1_233' title='bbox 851 3526 911 3567; x_wconf 86' lang='lat' dir='ltr'><strong>rex</strong></span> <span class='ocrx_word' id='word_1_234' title='bbox 924 3505 961 3568; x_wconf 91' lang='lat' dir='ltr'><strong>B.</strong></span> <span class='ocrx_word' id='word_1_235' title='bbox 976 3503 1072 3567; x_wconf 88' lang='lat' dir='ltr'><strong>Petro</strong></span> <span class='ocrx_word' id='word_1_236' title='bbox 1090 3503 1136 3566; x_wconf 90' lang='lat' dir='ltr'><strong>di·</strong></span> 
     </span>
     <span class='ocr_line' id='line_1_31' title="bbox 15 3600 1136 3687; baseline 0.004 -29"><span class='ocrx_word' id='word_1_237' title='bbox 15 3608 110 3664; x_wconf 84' lang='lat' dir='ltr'><strong>caret.</strong></span> <span class='ocrx_word' id='word_1_238' title='bbox 138 3600 274 3664; x_wconf 80' lang='lat' dir='ltr'><strong>Etenim</strong></span> <span class='ocrx_word' id='word_1_239' title='bbox 289 3603 323 3664; x_wconf 89' lang='lat' dir='ltr'><strong>iu</strong></span> <span class='ocrx_word' id='word_1_240' title='bbox 336 3602 410 3666; x_wconf 89' lang='lat' dir='ltr'><strong>aliis</strong></span> <span class='ocrx_word' id='word_1_241' title='bbox 427 3601 572 3687; x_wconf 89' lang='lat' dir='ltr'><strong>epistolis</strong></span> <span class='ocrx_word' id='word_1_242' title='bbox 589 3615 717 3666; x_wconf 84' lang='lat' dir='ltr'><strong>tantum</strong></span> <span class='ocrx_word' id='word_1_243' title='bbox 732 3604 766 3666; x_wconf 94' lang='lat' dir='ltr'><strong>in</strong></span> <span class='ocrx_word' id='word_1_244' title='bbox 780 3623 817 3664; x_wconf 88' lang='lat' dir='ltr'><strong>eo</strong></span> <span class='ocrx_word' id='word_1_245' title='bbox 832 3603 955 3665; x_wconf 90' lang='lat' dir='ltr'><strong>insistit</strong></span> <span class='ocrx_word' id='word_1_246' title='bbox 971 3601 1136 3684; x_wconf 81' lang='lat' dir='ltr'><strong>Pontifex,</strong></span> 
     </span>
     <span class='ocr_line' id='line_1_32' title="bbox 14 3696 1136 3764; baseline 0.004 -6"><span class='ocrx_word' id='word_1_247' title='bbox 14 3705 46 3758; x_wconf 91' lang='lat' dir='ltr'><strong>ut</strong></span> <span class='ocrx_word' id='word_1_248' title='bbox 63 3696 291 3763; x_wconf 84' lang='lat' dir='ltr'><strong>obedientiam</strong></span> <span class='ocrx_word' id='word_1_249' title='bbox 308 3712 340 3763; x_wconf 91' lang='lat' dir='ltr'><strong>et</strong></span> <span class='ocrx_word' id='word_1_250' title='bbox 354 3703 575 3764; x_wconf 88' lang='lat' dir='ltr'><strong>reverentiam</strong></span> <span class='ocrx_word' id='word_1_251' title='bbox 600 3703 633 3764; x_wconf 90' lang='lat' dir='ltr'><strong>in</strong></span> <span class='ocrx_word' id='word_1_252' title='bbox 650 3701 748 3764; x_wconf 87' lang='lat' dir='ltr'><strong>rebus</strong></span> <span class='ocrx_word' id='word_1_253' title='bbox 763 3698 996 3763; x_wconf 87' lang='lat' dir='ltr'><strong>ecclesiasticis</strong></span> <span class='ocrx_word' id='word_1_254' title='bbox 1012 3697 1136 3764; x_wconf 82' lang='lat' dir='ltr'><strong>Guliel-</strong></span> 
     </span>
     <span class='ocr_line' id='line_1_33' title="bbox 14 3794 1141 3889; baseline 0.004 -33"><span class='ocrx_word' id='word_1_255' title='bbox 14 3815 84 3857; x_wconf 89' lang='lat' dir='ltr'><strong>mus</strong></span> <span class='ocrx_word' id='word_1_256' title='bbox 109 3794 189 3859; x_wconf 86' lang='lat' dir='ltr'><strong>Sedi</strong></span> <span class='ocrx_word' id='word_1_257' title='bbox 215 3795 426 3889; x_wconf 57' lang='lat' dir='ltr'><strong>apostolicae</strong></span> <span class='ocrx_word' id='word_1_258' title='bbox 460 3810 613 3884; x_wconf 88' lang='lat' dir='ltr'><strong>praestet,</strong></span> <span class='ocrx_word' id='word_1_259' title='bbox 646 3801 693 3862; x_wconf 93' lang='lat' dir='ltr'><strong>uti</strong></span> <span class='ocrx_word' id='word_1_260' title='bbox 719 3801 753 3862; x_wconf 92' lang='lat' dir='ltr'><strong>in</strong></span> <span class='ocrx_word' id='word_1_261' title='bbox 778 3797 915 3883; x_wconf 87' lang='lat' dir='ltr'><strong>epistola</strong></span> <span class='ocrx_word' id='word_1_262' title='bbox 939 3818 1027 3860; x_wconf 87' lang='lat' dir='ltr'><strong>anno</strong></span> <span class='ocrx_word' id='word_1_263' title='bbox 1055 3796 1141 3860; x_wconf 83' lang='lat'>1080</span> 
     </span>
     <span class='ocr_line' id='line_1_34' title="bbox 12 3889 1146 3982; baseline 0.003 -29"><span class='ocrx_word' id='word_1_264' title='bbox 12 3889 53 3954; x_wconf 90' lang='lat' dir='ltr'><strong>ad</strong></span> <span class='ocrx_word' id='word_1_265' title='bbox 87 3915 203 3980; x_wconf 84' lang='lat' dir='ltr'><strong>regem</strong></span> <span class='ocrx_word' id='word_1_266' title='bbox 234 3897 365 3980; x_wconf 84' lang='lat' dir='ltr'><strong>scripta,</strong></span> <span class='ocrx_word' id='word_1_267' title='bbox 398 3898 431 3960; x_wconf 94' lang='lat' dir='ltr'><strong>in</strong></span> <span class='ocrx_word' id='word_1_268' title='bbox 456 3919 522 3982; x_wconf 91' lang='lat' dir='ltr'><strong>qua</strong></span> <span class='ocrx_word' id='word_1_269' title='bbox 554 3919 630 3961; x_wconf 87' lang='lat' dir='ltr'><strong>euru</strong></span> <span class='ocrx_word' id='word_1_270' title='bbox 655 3899 754 3960; x_wconf 89' lang='lat' dir='ltr'><strong>ctiam</strong></span> <span class='ocrx_word' id='word_1_271' title='bbox 778 3895 908 3978; x_wconf 48' lang='lat' dir='ltr'><strong>,fidelem</strong></span> <span class='ocrx_word' id='word_1_272' title='bbox 940 3917 964 3958; x_wconf 87' lang='lat' dir='ltr'><strong>s.</strong></span> <span class='ocrx_word' id='word_1_273' title='bbox 989 3894 1079 3957; x_wconf 89' lang='lat' dir='ltr'><strong>Petri</strong></span> <span class='ocrx_word' id='word_1_274' title='bbox 1113 3906 1146 3957; x_wconf 91' lang='lat' dir='ltr'><strong>ct</strong></span> 
     </span>
    </p>
   </div>
   <div class='ocr_carea' id='block_1_7' title="bbox 18 4037 233 4048">
    <p class='ocr_par' dir='ltr' id='par_1_7' title="bbox 18 4037 233 4048">
     <span class='ocr_line' id='line_1_35' title="bbox 18 4037 233 4048; baseline 0.014 -3"><span class='ocrx_word' id='word_1_275' title='bbox 18 4037 233 4048; x_wconf 65' lang='lat' dir='ltr'><strong>a—--.....--——v</strong></span> 
     </span>
    </p>
   </div>
   <div class='ocr_carea' id='block_1_8' title="bbox 86 4115 1145 4186">
    <p class='ocr_par' dir='ltr' id='par_1_8' title="bbox 86 4115 1145 4186">
     <span class='ocr_line' id='line_1_36' title="bbox 86 4115 1145 4186; baseline -0.001 -18"><span class='ocrx_word' id='word_1_276' title='bbox 86 4117 108 4186; x_wconf 74' lang='lat'><strong>¹)</strong></span> <span class='ocrx_word' id='word_1_277' title='bbox 129 4117 254 4170; x_wconf 83' lang='lat' dir='ltr'><strong>Historia</strong></span> <span class='ocrx_word' id='word_1_278' title='bbox 272 4133 402 4171; x_wconf 84' lang='lat' dir='ltr'><strong>uovorum</strong></span> <span class='ocrx_word' id='word_1_279' title='bbox 422 4119 451 4170; x_wconf 65' lang='lat' dir='ltr'><strong>li.</strong></span> <span class='ocrx_word' id='word_1_280' title='bbox 474 4119 496 4171; x_wconf 92' lang='lat' dir='ltr'><strong>l.</strong></span> <span class='ocrx_word' id='word_1_281' title='bbox 516 4118 544 4170; x_wconf 94' lang='lat' dir='ltr'><strong>in</strong></span> <span class='ocrx_word' id='word_1_282' title='bbox 565 4121 632 4184; x_wconf 80' lang='lat' dir='ltr'><strong>tlpp.</strong></span> <span class='ocrx_word' id='word_1_283' title='bbox 656 4135 676 4172; x_wconf 78' lang='lat' dir='ltr'><strong>a.</strong></span> <span class='ocrx_word' id='word_1_284' title='bbox 698 4117 817 4171; x_wconf 82' lang='lat' dir='ltr'><strong>Ariselmi</strong></span> <span class='ocrx_word' id='word_1_285' title='bbox 843 4118 882 4169; x_wconf 86' lang='lat' dir='ltr'><strong>ed.</strong></span> <span class='ocrx_word' id='word_1_286' title='bbox 904 4115 1058 4176; x_wconf 58' lang='lat' dir='ltr'><strong>(lerbcron,</strong></span> <span class='ocrx_word' id='word_1_287' title='bbox 1086 4124 1145 4182; x_wconf 79' lang='lat' dir='ltr'><strong>post</strong></span> 
     </span>
    </p>
   </div>
   <div class='ocr_carea' id='block_1_9' title="bbox 12 4195 683 4344">
    <p class='ocr_par' dir='ltr' id='par_1_9' title="bbox 12 4195 683 4344">
     <span class='ocr_line' id='line_1_37' title="bbox 12 4195 364 4264; baseline 0.011 -18"><span class='ocrx_word' id='word_1_288' title='bbox 12 4209 93 4261; x_wconf 81' lang='lat' dir='ltr'><strong>opere</strong></span> <span class='ocrx_word' id='word_1_289' title='bbox 115 4195 239 4249; x_wconf 85' lang='lat' dir='ltr'><strong>Anselmi</strong></span> <span class='ocrx_word' id='word_1_290' title='bbox 257 4213 282 4264; x_wconf 90' lang='lat' dir='ltr'><strong>p.</strong></span> <span class='ocrx_word' id='word_1_291' title='bbox 303 4199 364 4251; x_wconf 76' lang='lat'>215.</span> 
     </span>
     <span class='ocr_line' id='line_1_38' title="bbox 86 4276 683 4344; baseline 0.022 -22"><span class='ocrx_word' id='word_1_292' title='bbox 86 4277 107 4340; x_wconf 63' lang='grc'><strong>2)</strong></span> <span class='ocrx_word' id='word_1_293' title='bbox 131 4279 182 4344; x_wconf 84' lang='lat' dir='ltr'><strong>Ap.</strong></span> <span class='ocrx_word' id='word_1_294' title='bbox 202 4276 300 4330; x_wconf 87' lang='lat' dir='ltr'><strong>Barou.</strong></span> <span class='ocrx_word' id='word_1_295' title='bbox 321 4277 355 4329; x_wconf 85' lang='lat' dir='ltr'><strong>ad</strong></span> <span class='ocrx_word' id='word_1_296' title='bbox 375 4293 398 4330; x_wconf 89' lang='lat' dir='ltr'><strong>a.</strong></span> <span class='ocrx_word' id='word_1_297' title='bbox 421 4277 496 4335; x_wconf 82' lang='lat'><strong>1079.</strong></span> <span class='ocrx_word' id='word_1_298' title='bbox 522 4295 546 4332; x_wconf 91' lang='lat' dir='ltr'><strong>n.</strong></span> <span class='ocrx_word' id='word_1_299' title='bbox 568 4280 610 4331; x_wconf 73' lang='lat'><strong>25.</strong></span> <span class='ocrx_word' id='word_1_300' title='bbox 680 4303 683 4308; x_wconf 47' lang='lat'>¹</span> 
     </span>
    </p>
   </div>
   <div class='ocr_carea' id='block_1_10' title="bbox 0 0 1480 4832">
    <p class='ocr_par' dir='ltr' id='par_1_10' title="bbox 0 0 1480 4832">
     <span class='ocr_line' id='line_1_39' title="bbox 0 0 1480 4832; baseline 0 7"><span class='ocrx_word' id='word_1_301' title='bbox 0 0 1480 4832; x_wconf 95' lang='lat' dir='ltr'><strong> </strong></span> 
     </span>
    </p>
   </div>
  </div>
 </body>
</html>
