2898 4836
379 521 504 578 silvestri
524 522 551 576 ΙΙ
569 521 755 578 pontificatus.
1086 523 1136 578 107

41 679 98 728 erat
117 665 230 750 dignus
253 673 351 750 atque
375 667 624 749 magnanimus,
655 669 711 752 qui
739 669 856 752 paucis
885 667 1005 754 quibus
1027 668 1137 733 Ponti·

41 763 85 826 fex
97 762 258 828 Ecclesiae
277 763 419 849 praefuit
442 764 548 844 annis,
565 763 684 830 Sedsrn
698 764 923 850 Apostolicam
938 785 1138 851 magnopere

40 860 204 924 illustravit.
257 859 547 942 Quemadmodum
577 862 678 946 igitur
700 862 868 928 sacculum
897 863 1062 928 decimum
1091 865 1137 928 in·

39 957 175 1023 oleatum
196 969 260 1038 est,
293 958 428 1024 sedente
459 960 495 1023 in
522 958 612 1024 Petri
646 959 804 1026 cathedra
832 962 955 1046 insigni
977 961 1138 1026 Pontifice

39 1056 201 1122 Benedicta
224 1057 283 1140 lv,
309 1057 355 1122 ita
380 1057 451 1142 ejus
474 1058 583 1122 exitus
606 1054 768 1142 gloriosus
790 1058 940 1124 redditus
963 1068 1012 1124 est
1034 1060 1138 1143 ponti·

37 1154 122 1218 ficata
144 1153 295 1220 Silvestri
317 1154 362 1220 II.

110 1325 182 1390 107.
222 1322 350 1406 Quodsi
380 1345 522 1409 aequum
541 1323 708 1410 judicium
738 1324 779 1389 dc
812 1323 939 1389 ultimis
969 1324 1139 1390 decenniis

35 1421 140 1485 saeculi
164 1420 288 1486 decimi
311 1420 484 1486 ferendum
509 1431 572 1504 est,
607 1445 751 1487 asserere
775 1424 941 1504 convenit,
972 1424 1072 1488 etiam
1096 1422 1139 1487 al·

35 1533 91 1584 tero
121 1518 210 1584 illius
241 1517 362 1584 saeculi
396 1519 523 1603 medio,
556 1521 780 1586 conditionem
812 1519 907 1585 Sedis
930 1520 1248 1606 Apostolieacconuuo
1272 1529 1314 1572 ⁸·-

33 1617 206 1682 nullatenus
236 1628 304 1681 tam
335 1618 489 1682 miseram
520 1619 620 1683 finisse
652 1627 750 1705 atque
780 1617 975 1703 lugendam,
1009 1618 1139 1706 qualem
1165 1591 1199 1633 ‘³¹⁸
1219 1591 1294 1643 ΔΜ

33 1717 103 1780 varii
126 1727 280 1780 auctores
304 1737 376 1780 eam
402 1715 656 1802 descripserunt.
697 1715 792 1782 Certe
816 1716 858 1782 ob
882 1737 1023 1802 eaquae
1045 1716 1140 1782 brevi

32 1836 79 1876 suu
101 1813 298 1900 pontificatu
328 1815 410 1879 ferte
440 1815 587 1879 Joannes
611 1814 680 1879 XII
710 1814 796 1879 male
829 1816 909 1900 egit,
945 1835 1012 1878 non
1035 1823 1143 1900 potest

31 1914 143 1976 censeri
168 1910 274 1976 Sedes
298 1911 489 1998 Apostolica
517 1913 637 1977 affecta
660 1935 731 1976 esse
755 1911 901 1994 macula,
932 1933 1017 1997 quae
1041 1912 1140 1976 etiam

30 2009 80 2072 sub
102 2008 323 2074 Pontificibus
355 2012 411 2097 qui
445 2011 549 2075 secuti
582 2021 658 2074 sunt
692 2009 933 2096 perduraverit.
979 2008 1143 2094 Legenda

29 2129 96 2172 vero
125 2110 278 2173 facinora
307 2117 453 2194 tempore
476 2109 635 2173 Bonifatii
666 2109 733 2173 VH
766 2110 956 2190 commissa,
989 2117 1022 2171 et
1052 2128 1142 2171 usur·

28 2209 106 2288 piatio
140 2228 210 2294 qua
232 2206 379 2270 loannes
402 2205 620 2292 Philagathus
652 2207 881 2293 pontificatum
910 2207 1055 2292 arripere
1078 2214 1141 2269 stu-

28 2301 99 2386 duit,
123 2305 309 2368 faetionum
333 2303 442 2368 luctae
465 2307 643 2391 praecipue
662 2305 839 2369 tribuenda
863 2313 948 2386 sunt,
974 2325 1035 2366 nec
1058 2302 1141 2367 adeo

27 2403 122 2486 ipsam
155 2401 278 2467 Sedem
309 2401 534 2488 Apostolicam
568 2403 795 2488 deturparunt.
841 2401 881 2466 Id
913 2423 991 2466 sane
1025 2423 1141 2465 verum

26 2511 75 2580 est
108 2523 152 2566 ex
178 2499 404 2564 dominatione
427 2500 628 2565 familiarum
652 2500 814 2565 nobilium
839 2508 934 2564 etex
959 2499 1141 2563 factionum

26 2595 140 2682 litibus,
165 2599 293 2663 Romae
309 2608 416 2663 ortum
440 2621 509 2662 esse
524 2599 752 2685 perturbatum
766 2621 876 2662 rerum
892 2605 1023 2678 statum,
1039 2599 1141 2661 etiam

25 2697 52 2760 in
76 2696 164 2762 clero
200 2697 301 2760 fuisse
334 2697 494 2784 quosdam
529 2699 614 2760 viros
637 2697 792 2782 profanos
822 2706 856 2760 et
878 2697 988 2759 minus
1012 2694 1140 2778 dignos,

24 2817 55 2856 ae
85 2797 215 2880 passim
246 2792 342 2858 Sedis
378 2793 589 2880 Apostolieae
628 2795 833 2880 majestatem
871 2802 903 2857 et
945 2791 1170 2878 dignitatem·

23 2891 214 2958 obscuratas
237 2893 347 2957 fuisse.
409 2939 410 2944 η

106 3063 186 3126 108.
225 3062 315 3126 Dum
346 3083 423 3126 vero
457 3063 500 3126 ad
533 3062 633 3127 finem
663 3061 762 3149 hujus
792 3061 1042 3126 Dissertationis
1071 3083 1142 3147 per·

20 3163 192 3242 venimus,
224 3161 258 3225 in
289 3169 432 3225 mentem
456 3171 633 3225 occurrunt
662 3160 718 3225 illa
742 3159 844 3224 verba
867 3158 1056 3224 exacerbati
1086 3159 1141 3223 ad·

22 3261 156 3323 versarii
189 3258 359 3323 Ecclesiae
392 3257 574 3324 catholicae
606 3281 645 3323 ac
668 3259 892 3324 Romanorum
924 3257 1141 3322 Pontificum:

21 3357 189 3443 Hunisque
216 3357 363 3443 procedit
386 3357 519 3444 fautore
551 3357 778 3444 Episcopusum
805 3358 1020 3420 Romanarum
1050 3357 1143 3444 liujus

18 3455 137 3519 suendi
162 3454 313 3541 (decimi)
336 3457 480 3534 historic,
503 3479 596 3542 quam
618 3457 746 3520 doment
772 3455 837 3541 ipsi
860 3453 955 3517 etiam
977 3455 1143 3518 Ravennae

16 3555 121 3618 euriae
147 3555 329 3640 scriptores,
353 3577 391 3617 ae
415 3563 570 3618 amanus
593 3553 717 3638 quidem
738 3554 794 3616 loe
807 3549 992 3642 loeo,‘(utut
1014 3554 1050 3615 ia
1066 3573 1142 3638 per-

9 3652 98 3736 fecta
133 3650 224 3714 aliar
255 3649 415 3714 uoluntate
446 3650 590 3722 faciendi
618 3649 702 3736 quod
729 3673 792 3736 per
823 3648 1012 3713 rabuliemos
1035 3648 1141 3735 defen·

17 3751 117 3814 semor
132 3748 215 3833 fieri
233 3759 338 3834 poteri
361 3749 512 3813 adrasus
526 3748 691 3835 sactorum
717 3749 859 3834 ipsorum
880 3746 1066 3832 ceritatem)
1090 3769 1142 3810 ee·

16 3849 200 3912 filiationes
230 3846 484 3933 apolopcticas.¹)
538 3845 747 3910 Virulentam
785 3846 989 3910 invectivam
1018 3846 1143 3928 respui·

16 4067 85 4122 hand
107 4071 235 4122 mutatae
254 4066 282 4120 in
300 4082 453 4136 prosperam
473 4065 597 4122 Gerberti
616 4065 750 4131 fortunae,
770 4065 816 4120 sed
834 4065 976 4120 maturiori
991 4065 1094 4134 judicio
1114 4073 1142 4120 et

15 4149 121 4204 meliori
143 4147 328 4215 experientiae
346 4161 435 4202 rerum
454 4146 655 4202 adscribendum
674 4161 739 4202 esse.

90 4230 113 4296 ¹)
135 4227 303 4293 Weismann,
322 4227 393 4284 Hist.
413 4228 483 4282 llccl.
503 4227 569 4281 Nor.
589 4227 663 4282 Test.
682 4225 712 4280 T.
731 4225 754 4280 1.
772 4225 802 4282 P.
823 4225 858 4280 11.
878 4243 903 4296 p.
923 4227 990 4293 861;
1015 4241 1057 4293 ap.
1077 4225 1142 4281 Fer·

14 4311 86 4365 rucei
107 4311 127 4364 l.
150 4325 172 4365 a
191 4325 216 4377 p.
235 4310 278 4362 41.
