2926 4840
470 467 510 520 De
528 481 609 518 causa
629 464 760 519 Wuttsdi.
1123 467 1176 521 245

75 611 194 675 Nicolao
218 611 233 673 Ι
255 633 284 675 a.
312 610 376 674 863
401 609 541 672 similem
566 609 684 692 synodi
709 608 991 673 confirmationem
1023 610 1175 693 obtinuit,

75 709 151 792 solco
179 720 277 772 tantan
302 710 466 772 Romanae
491 705 582 770 Sedis
611 708 647 770 ia
670 706 810 770 omnibus
832 712 928 797 jerasa
958 718 987 770 et
1008 707 1176 796 judicie.¹)

76 811 113 869 At
140 807 226 870 brevi
259 815 334 892 post
362 804 598 869 animadvertit
620 802 794 886 Nicolaus,
829 804 871 868 ab
895 805 1076 869 Hincmaro
1110 827 1176 870 non

75 915 208 967 accurate
236 927 289 967 res
322 924 394 966 esse
416 900 544 966 relatas.
591 901 780 964 Renovavit
810 902 966 966 videlicet
988 903 1175 986 Wulfadus,

76 1025 159 1086 <quem
181 1001 320 1066 Carolus
346 998 470 1065 Calvus
500 1000 542 1064 ad
567 1001 791 1084 episcopatum
817 1000 1040 1086 Biturigarum
1065 1002 1177 1082 (Bour-

74 1101 132 1184 gesl
154 1099 246 1163 evehi
272 1096 492 1178 desiderabat,
517 1120 546 1162 a.
572 1097 635 1161 866
660 1097 913 1182 appellationem
937 1099 979 1161 ad
1004 1121 1028 1162 s.
1046 1098 1175 1163 Sedem.

73 1197 153 1261 Tunc
175 1197 331 1261 Nicolaus
363 1205 437 1258 acta
461 1195 579 1279 synodi
604 1193 849 1258 Suessionensis
877 1195 920 1259 ad
944 1197 1051 1281 ipsum
1074 1205 1176 1259 trans·

73 1297 159 1358 missa
180 1294 357 1379 diligenter
380 1292 557 1378 expendit,
592 1303 624 1356 et
647 1292 750 1356 multa
776 1294 808 1357 in
833 1295 873 1357 iis
904 1293 1177 1379 reprehendenda

74 1395 195 1457 invenit.
242 1392 453 1477 Significavit
477 1392 578 1475 igitur
601 1391 799 1471 Hincmaro,
833 1413 875 1454 ex
899 1391 993 1455 Actis
1024 1413 1090 1456 non
1114 1392 1178 1455 col-

73 1490 136 1574 ligi,
168 1491 304 1554 elericos
328 1489 400 1553 illos
425 1489 503 1575 jure
527 1489 693 1574 depositos
717 1511 803 1570 esse,
837 1489 985 1574 adeoque
1010 1512 1044 1552 se
1067 1491 1176 1574 ipsum

73 1587 195 1669 hortari,
231 1598 267 1651 nt
298 1609 354 1651 eos
384 1589 552 1668 restituat3
588 1587 676 1672 quod
709 1589 735 1649 si
768 1588 875 1651 tacere
907 1587 1004 1669 nolit,
1040 1611 1059 1651 a
1090 1609 1178 1652 nova

72 1685 182 1767 synodo
207 1707 327 1769 magna
353 1683 586 1750 suessionibus
610 1685 824 1750 convocanda
853 1705 994 1748 examen
1018 1687 1064 1750 rei
1089 1687 1178 1749 insti-

73 1783 217 1847 tuendum
242 1805 323 1847 esse.
1258 1781 1261 1788 '

146 1883 198 1945 30.
232 1880 388 1967 Synodus
418 1880 502 1944 haec
533 1879 647 1943 habita
677 1891 726 1943 est
756 1902 844 1944 enno
869 1881 944 1946 866.
990 1881 1030 1944 In
1061 1880 1176 1944 eadem
1201 1882 1326 1988 myli&

73 1980 218 2064 episcopi,
260 1981 414 2064 quamvis
447 1978 649 2042 Hincmarus
681 1977 920 2065 aliquantisper
951 1978 1176 2059 reluctaretur,
1325 1969 1332 1982 ⁶

73 2075 285 2158 decreverunt,
309 2087 346 2139 ut
371 2075 415 2139 illi
442 2075 550 2140 clerici
572 2078 831 2160 restituerentur,
855 2099 922 2140 non
937 2076 1072 2161 quidem
1088 2076 1177 2161 quod

68 2173 114 2255 jus
133 2174 303 2256 habereut,
329 2175 385 2238 sed
410 2197 468 2259 per
492 2176 581 2237 viam
605 2176 731 2256 gratiae
748 2176 847 2238 venia
867 2176 947 2259 ipsis
964 2173 1050 2256 data,
1075 2195 1178 2259 quum

74 2269 146 2334 bona
176 2273 242 2336 fide
279 2272 321 2336 ab
352 2271 492 2336 Ebbone
524 2291 633 2335 sacros
663 2272 794 2336 ordines
825 2274 1055 2357 suscepissent.
1101 2272 1178 2356 Epi-

74 2372 147 2454 scopi
178 2391 346 2434 unacum
371 2370 553 2433 Hincmaro
576 2369 755 2433 Rhemensi
788 2369 959 2455 epistolam
984 2369 1178 2453 synodicam

73 2466 107 2529 ad
127 2468 298 2532 Nicolaum
323 2467 517 2531 Pontificem
551 2466 729 2550 dederunt,
764 2470 798 2531 in
823 2491 888 2553 qna
921 2467 1057 2554 professi
1091 2476 1177 2547 sunt,

75 2587 100 2626 se
126 2575 224 2629 totam
248 2587 383 2630 cansam
408 2564 599 2628 submittere
631 2565 702 2650 ejus
721 2565 849 2650 judicio
882 2575 914 2628 et
941 2565 1082 2628 fideliter
1105 2587 1179 2628 exc-

75 2671 190 2728 ruturos
214 2685 295 2744 esse,
319 2662 483 2749 quidquid
506 2664 576 2747 ipse
601 2663 811 2727 decrevisset.
855 2664 1010 2727 Pontifex
1034 2683 1179 2746 compro·

75 2756 162 2840 bavit,
186 2761 277 2846 quod
298 2761 435 2825 clericos
452 2760 523 2824 illos
543 2763 578 2824 in
599 2783 674 2824 suos
690 2761 812 2846 gradus
833 2763 1027 2846 receperint.
1067 2761 1178 2824 Postu·

74 2853 142 2920 lavit
162 2873 284 2939 tamen,
310 2870 346 2922 ut
365 2861 476 2922 omnia
496 2861 530 2922 in
550 2881 651 2923 cansa
672 2859 811 2946 depositi
827 2859 977 2924 Ebbonis
1001 2870 1033 2922 et
1047 2858 1179 2921 illorum

75 2953 250 3019 elericorum
276 2967 351 3020 acta
375 2956 417 3020 ad
442 2958 550 3042 ipsum
575 2959 796 3040 mitterentur,
822 2958 1107 3042 Hincmarumque
1131 2979 1179 3018 ar-

74 3053 148 3134 guit,
177 3053 266 3139 quod
289 3056 408 3140 prioris
432 3055 550 3138 synodi
574 3055 819 3119 Suessionensis
848 3065 923 3120 acta
954 3054 1048 3140 plura
1072 3075 1179 3116 corru-

75 3151 147 3230 perit
168 3161 199 3214 et
222 3152 399 3237 obreptitio
423 3151 521 3216 modo
545 3153 829 3217 confirmationem
854 3153 942 3217 illius
958 3149 1179 3236 obtinueritl)

55 3329 58 3336 Ι
150 3250 200 3314 31.
226 3247 463 3314 Convenerunt
487 3251 588 3334 igitur
611 3252 789 3315 mandante
804 3251 965 3315 Pontifice
989 3250 1090 3314 iidem
1114 3251 1180 3335 epi-

76 3349 152 3430 scopi
174 3369 260 3410 anno
283 3347 347 3412 867
363 3349 487 3431 Trecis,
513 3348 770 3435 relationemque
795 3349 991 3434 completam
1016 3348 1057 3412 de
1081 3369 1181 3412 causa

77 3439 208 3506 Ebbonis
229 3444 273 3508 ad
288 3444 462 3509 Nicolaum
482 3446 676 3510 mittendam
698 3457 961 3532 composuerunt.
1002 3445 1066 3510 Sed
1083 3445 1180 3509 Oaro-

77 3535 117 3600 lus
139 3538 277 3627 Calvus,
303 3565 345 3606 ex
369 3545 464 3629 cujus
487 3545 594 3628 gratia
618 3545 749 3608 interim
774 3545 976 3610 Hincmarus
1000 3543 1179 3625 exciderat,

79 3683 271 3696 Q——u--u
284 3689 288 3696 ι

78 3751 206 3809 mboreati:
224 3755 249 3809 si
267 3755 309 3808 ita
326 3760 365 3808 est
383 3759 525 3824 nostroque
544 3761 575 3808 ut
588 3757 699 3824 scriptis
713 3756 890 3824 praesulatui
905 3757 1041 3808 intimasti
1059 3761 1083 3806 et
1097 3760 1180 3822 posto

79 3847 127 3884 rua
142 3837 206 3888 arie
222 3836 428 3899 domomum,
455 3840 529 3890 ratas
554 3836 660 3902 quidem
685 3851 730 3890 eas
756 3833 925 3890 definitiones
950 3833 1096 3902 apostolica
1121 3849 1181 3902 pro·

79 3911 214 4041 qulgamns
231 3913 289 3970 sore
307 3914 481 3981 anctoritate,
501 3930 656 3984 semperque
675 3931 783 3970 manere
802 3916 973 3969 statuimus.t
1011 3917 1060 3983 Ap.
1080 3915 1179 3970 Bsron.

78 3995 315 4050 aaffinm

141 4073 158 4140 ¹)
175 4073 207 4128 V.
226 4074 322 4130 Baron.
342 4075 377 4128 ad
396 4089 420 4129 a
439 4073 492 4130 863
511 4090 537 4130 n.
558 4077 600 4130 64.

140 4153 158 4210 'l
176 4153 229 4208 (Χῖ.
255 4169 312 4222 epp.
330 4153 434 4209 Nicolai
460 4153 494 4208 ad
520 4155 656 4223 episcopos
674 4155 783 4222 synodi,
812 4162 841 4209 et
866 4155 899 4209 ad
918 4155 1092 4209 Hinomsmm
1111 4155 1189 4214 Rhe.

82 4243 195 4298 mensem
213 4231 300 4288 babbe
318 4233 396 4289 VIII.
415 4235 464 4291 ool.
483 4235 536 4290 843
555 4243 584 4291 et
601 4235 663 4291 851.
