3002 4836
458 489 584 558 erogem
605 490 640 543 11.
661 489 693 544 u
713 472 753 546 1³2
763 497 851 558 geu„
1182 491 1217 544 so

102 628 259 714 adjunctis
288 631 419 696 influxu
450 643 482 695 et
508 633 705 698 auctoritate
726 633 896 697 Pontificis
924 655 976 697 res
1000 632 1216 718 disponeban-

103 737 158 792 tur.
202 728 388 814 Imperator
409 731 497 794 enim
524 731 659 816 ejusque
678 731 813 795 exarchi
829 731 987 796 Romanis
1009 741 1104 796 erunt
1119 731 1217 816 plene

102 829 204 906 exosi,
239 839 357 892 contre
380 826 618 912 Langobardos
651 851 706 894 eos
739 828 915 894 defendere
947 851 1013 893 non
1050 827 1217 906 valebant,

102 925 161 988 imo
190 923 347 990 hostilem
375 927 526 990 oninium
557 928 681 1011 possim
714 929 749 990 in
782 929 869 1012 ipsos
893 927 1058 992 Romanos
1081 946 1161 1013 pree
1182 949 1216 990 se

100 1021 255 1088 serebant.
303 1023 482 1110 Quumque
505 1045 535 1089 a.
562 1025 624 1088 ’121
648 1025 876 1110 Luitproudns
890 1025 1038 1090 Sutrium
1064 1027 1098 1089 in
1121 1047 1217 1090 suem

100 1119 276 1204 redegisset
308 1131 518 1207 potestatem,
543 1122 649 1188 uoluit
681 1124 853 1187 civitatem
877 1123 963 1187 hanc
987 1122 1124 1188 Graecis
1145 1123 1216 1188 red-

98 1216 180 1295 dere,
205 1217 266 1282 sod
295 1220 342 1282 ite
365 1241 417 1283 res
440 1222 636 1285 constitutae
668 1231 761 1306 sunt,
794 1229 831 1285 ut
864 1221 950 1286 dono
984 1221 1078 1286 deret
1100 1220 1216 1286 urbem

98 1315 177 1380 hene
201 1315 263 1382 SS.
286 1317 454 1402 Apostolis
475 1318 573 1382 Petro
609 1329 642 1383 et
664 1319 767 1384 Paulo
800 1341 858 1384 seu
880 1319 1029 1384 Romano
1052 1319 1217 1384 Pontifici.

98 1413 143 1478 Ao
166 1414 249 1478 dum
273 1436 418 1501 eousque
441 1416 595 1481 &mene
616 1417 767 1482 Ecclesia
790 1417 928 1482 heberet
956 1418 1091 1503 quidem
1120 1419 1219 1504 putri·

98 1513 203 1576 monio
226 1512 450 1599 amplissimo,
475 1514 626 1580 Sutrium
660 1514 749 1580 houd
777 1525 907 1580 tentum
930 1513 1218 1601 velutifejtssmodi

97 1611 341 1695 patrimonium,
365 1611 424 1676 sed
448 1614 494 1675 ite
506 1612 655 1676 Romano
678 1613 831 1678 Pontifici
863 1634 1055 1678 concessum
1077 1612 1214 1692 dixeris,

98 1721 129 1770 ut
151 1717 349 1793 potestatem
373 1709 593 1795 temporalem
617 1712 651 1775 in
675 1731 747 1774 eom
767 1731 876 1775 urcem
901 1720 1083 1792 exerceret,
1107 1731 1219 1796 quom·

98 1809 143 1870 vis
155 1827 349 1892 supremum
374 1807 559 1872 dominium
573 1810 716 1894 regionis
739 1807 850 1873 adhuc
876 1808 967 1894 opud
980 1809 1217 1894 Imperatorem

98 1915 192 1970 esset.
241 1903 341 1968 Hanc
374 1925 452 1969 vero
477 1903 577 1969 Sutrii
602 1907 839 1991 possessionem
864 1917 901 1970 ut
924 1907 1057 1971 initium
1081 1904 1218 1970 dominii

95 2001 283 2089 temporalis
305 2003 345 2068 R.
368 2002 540 2067 Pontiliois
562 2002 683 2068 eruditi
707 2003 927 2069 considerent.

179 2100 235 2166 30.
260 2098 427 2166 Convenit
449 2111 560 2166 eutem
584 2100 737 2166 hocloco
761 2123 834 2166 oum
858 2122 1115 2166 commemorem
1139 2121 1214 2165 con·
1242 2127 1275 2168 sn
1291 2127 1373 2170 caree

95 2199 289 2263 troversiom
319 2199 406 2262 inter
428 2199 573 2264 eruditos
606 2201 775 2284 agitatam,
798 2209 908 2264 utrum
932 2197 1112 2284 Gregorius
1133 2198 1216 2262 Pon·
1258 2188 1354 2301 Μ

96 2297 192 2377 tifex,
217 2296 261 2360 ob
286 2298 489 2382 impietatem
520 2309 553 2361 et
570 2298 749 2362 «saevitiam
772 2317 838 2383 que
865 2296 978 2361 fideles
1001 2295 1216 2382 persequeba-

95 2405 146 2460 tur
179 2396 250 2460 Leo
274 2395 419 2476 Isauros,
452 2394 552 2459 Itslos
575 2395 783 2460 Romanosve
813 2393 992 2480 aliquando
1016 2393 1150 2459 solverit
1172 2393 1215 2458 sb

95 2493 284 2558 obedientie
316 2493 388 2578 ejus
420 2505 453 2556 et
483 2515 504 2556 a
536 2493 721 2578 pendendis
753 2495 783 2557 ei
815 2493 948 2558 tributis
979 2513 1038 2558 seu
1072 2495 1215 2577 vectiga-

95 2591 189 2673 libus,
214 2594 318 2656 etita
351 2613 408 2656 eos
432 2593 585 2676 regiones
608 2593 746 2677 imperio
778 2592 821 2656 ed
844 2601 974 2677 tempus
996 2590 1215 2672 subtexerit,

96 2713 136 2754 an
161 2711 242 2754 vero
267 2691 303 2754 id
326 2691 519 2776 neutiquam
543 2689 712 2754 occiderit.
758 2691 905 2754 Priorem
929 2690 1125 2754 sententium
1149 2711 1216 2752 eur-

97 2789 287 2873 plectuutur
316 2790 491 2874 scriptores
522 2789 683 2872 insignes,
707 2787 922 2874 Beronins¹)‚
952 2787 1215 2873 Bellarminuss),

97 2885 343 2970 standi-stuc),
367 2885 538 2973 Soudini‘)
570 2886 708 2972 aliique,
740 2888 788 2949 uti
811 2888 896 2950 inter
919 2887 1093 2971 scriptores
1115 2883 1216 2949 Itelos

96 2997 223 3049 norme
247 2985 366 3048 aetatis
388 2984 504 3048 Petrus
526 2983 679 3070 Belen⁶),
704 2995 737 3048 et
758 2983 857 3048 card.
880 2983 1083 3070 Bertoliui⁶).
1107 2983 1215 3049 Poste-

98 3084 211 3147 riorem
236 3093 348 3146 sutem
373 3083 570 3147 sententium
594 3092 708 3146 tonent
730 3081 860 3146 Natalis
885 3080 1116 3168 Alexanderl),
1132 3081 1214 3166 Pagi

98 3180 293 3266 Antonius⁸)
326 3190 360 3243 et
382 3180 626 3266 Franciscus9),
660 3177 804 3264 Orei¹⁰),
837 3189 869 3244 et
901 3181 1099 3245 recentiores
1128 3201 1213 3243 oom-

97 3279 220 3363 plnres‚
254 3280 303 3342 uti
334 3277 569 3365 Brunengo¹')
597 3289 629 3342 et
658 3279 706 3344 Ill.
737 3277 853 3342 Heiele
876 3277 897 3342 l.
921 3300 949 3342 c.
982 3313 1024 3324 -·
1052 3277 1215 3341 Animad-

167 3477 186 3544 ¹)
204 3473 304 3530 noel.
324 3473 360 3527 od
377 3489 401 3526 e
421 3473 473 3528 726
493 3481 522 3527 et
541 3473 601 3528 730.
712 3475 733 3540 ¹²)
753 3472 792 3528 De
810 3473 887 3530 Rom.
904 3473 984 3528 Pont
1004 3473 1033 3526 L,
1056 3473 1088 3526 V.
1107 3487 1128 3526 c.
1149 3475 1174 3526 8.

166 3559 187 3626 ⁸)
206 3555 298 3610 Gallis
316 3553 461 3622 vindicato,
480 3554 593 3610 Dissert
616 3553 652 3608 11.
672 3553 696 3623 ἕ.
717 3557 741 3606 2.

166 3637 187 3706 ⁴)
205 3635 312 3704 Disput
333 3633 394 3687 hist.
416 3633 503 3687 XVII.

166 3717 188 3784 ⁸)
207 3713 298 3770 Storio
316 3713 430 3768 d'ItoIia.
450 3713 508 3768 Vol.
528 3711 564 3768 11.
584 3713 614 3768 L.
634 3713 711 3767 XIII.
731 3729 756 3767 u.
777 3709 802 3766 V
821 3729 876 3780 sqq.

166 3797 187 3866 ⁸)
205 3795 359 3930 ζοὲεηῧω
350 3793 690 3928 Pom31RegionamgprppI
700 3793 884 3862 predulcem,
913 3809 937 3861 p.
959 3793 1077 3847 XXXVI
1097 3809 1152 3860 sqq.

167 3875 599 3942 q,.'mm.mmm
693 3916 698 3925 .

168 3957 188 4025 ⁸)
206 3956 308 4012 Oritiet
326 3955 360 4009 ed
379 3972 402 4009 o.
423 3957 482 4009 730.

168 4039 190 4102 ¹)
208 4035 376 4092 Brevin-inu
394 4035 458 4090 hist.
478 4035 536 4090 Ru.
557 4035 609 4090 ΡΡ.
630 4034 679 4089 sub
698 4034 830 4103 Gregorio
849 4034 885 4088 11.

160 4119 189 4178 'tt
208 4117 283 4172 Dells
301 4115 407 4185 origiue
426 4116 467 4170 del
486 4115 604 4170 dominio
622 4115 665 4169 dei
685 4115 716 4168 R.
737 4113 789 4168 ΡΡ.
810 4131 830 4168 c.
854 4117 876 4168 l.

159 4199 188 4264 ¹¹)
207 4197 244 4252 Lo
271 4196 378 4265 (lrIgini
404 4195 476 4251 dello
504 4196 645 4250 sovrenitt
672 4195 819 4263 temporale
846 4195 888 4248 «lei
908 4195 984 4262 Papi.
1015 4193 1112 4263 (Romo
1132 4195 1214 4248 1811111

102 4275 171 4344 t'opc
187 4277 234 4344 111,
253 4294 277 4346 p.
297 4279 339 4332 ot.
