2922 4832
299 483 352 536 120
565 477 640 534 XIX.
659 477 867 536 Controversiae
885 484 914 536 et
926 479 1036 548 Imperii
1054 479 1165 534 indoles.

298 625 398 688 terias
422 625 456 689 in
480 623 620 688 diversis
644 620 791 690 ecclesiis
804 641 899 707 posse
923 644 993 688 esse
1009 622 1168 704 diversas,
1192 631 1290 708 atque
1305 624 1392 686 matri·

298 722 457 802 monium,
480 718 737 800 absolutionem,
773 718 1016 786 ordinationem
1048 717 1248 806 quibusdam
1277 720 1311 785 in
1330 717 1392 784 locis
1449 735 1450 794 ι

298 818 464 884 celebrata
486 819 578 882 irrita
605 839 676 884 esse
700 827 733 882 et
755 815 856 900 nulla,
879 820 1007 904 quaesi
1030 817 1148 884 eodem
1170 817 1269 884 modo
1291 825 1322 882 et
1334 839 1394 882 cun
1449 823 1450 828 ’

298 914 415 980 iisdem
440 915 696 980 circumstantiis
718 913 807 980 faeta
831 914 970 980 fuissent
993 913 1067 980 aliis
1091 916 1127 980 in
1155 914 1248 996 loeis,
1279 914 1394 980 inimum

298 1021 371 1078 rata
393 1023 427 1078 et
439 1012 597 1098 legitima,
623 1012 802 1077 dummodo
826 1011 1032 1078 conditiones
1055 1011 1130 1078 illae
1151 1023 1183 1078 et
1206 1012 1395 1078 circumstan-

296 1112 373 1193 tiae,
398 1123 434 1174 ut
456 1111 665 1192 assumimus,
688 1110 755 1176 sint
778 1132 821 1174 ex
832 1131 894 1174 usu
918 1108 1005 1176 illius
1028 1109 1187 1176 ecclesiae
1210 1119 1248 1174 nt
1270 1107 1395 1174 substan·

296 1207 391 1274 tiales
413 1206 657 1295 imperatae.“¹)
695 1207 850 1272 Advertit
874 1207 951 1272 dein
974 1208 1134 1291 Morinos,
1159 1206 1348 1286 Ecclesiam,
1367 1207 1396 1268 si·

297 1308 365 1371 cuti
400 1305 563 1393 ejusmodi
594 1304 800 1370 conditiones
832 1325 955 1391 ponere
987 1315 1110 1392 potest,
1144 1306 1191 1370 ita
1227 1306 1325 1368 etiam
1355 1325 1397 1366 ees

297 1425 392 1490 posse
415 1401 587 1488 abrogare,
611 1402 754 1489 indeque
769 1401 939 1488 explicari,
965 1403 1054 1489 quod
1078 1404 1249 1490 posteriori
1272 1412 1399 1486 tempore

296 1500 339 1565 ab
362 1500 537 1566 haereticis
561 1499 615 1564 vel
644 1499 865 1565 schismaticis
897 1500 1040 1568 ordinati
1064 1503 1099 1566 in
1130 1502 1199 1565 suis
1228 1499 1399 1566 ministeriis
1450 1497 1451 1576 l

295 1596 568 1684 relinquerentur.
614 1595 846 1685 Opportunum
871 1596 1027 1664 videlicet
1060 1608 1233 1664 censuerat
1270 1596 1400 1690 Ecclesia
1450 1587 1451 1606 ¹

296 1695 502 1761 conditiones
525 1694 597 1760 illas
620 1694 789 1779 abrogare,
815 1694 857 1760 ob
888 1716 1028 1781 quarum
1058 1695 1224 1761 defectum
1255 1705 1347 1760 autea
1372 1696 1401 1756 ir·

295 1795 359 1858 rita
382 1793 491 1858 fuerat
513 1791 720 1879 ordinatio.²)

387 1911 438 1974 14.
462 1909 550 1973 Dein
575 1909 613 1974 3⁰
639 1910 694 1990 ,in
718 1906 918 1986 charactere,
943 1918 980 1972 ut
996 1909 1030 1972 in
1054 1911 1172 1993 quavis
1195 1906 1262 1974 alia
1284 1930 1328 1989 re,
1350 1905 1402 1970 duo

296 2006 457 2090 distingui
479 2005 611 2086 debent,
634 2008 683 2070 rei
706 2005 885 2070 substantia
907 2017 940 2069 et
959 2006 1061 2070 m'rtm
1075 2005 1201 2090 agendi.
1240 2003 1405 2070 Charaoter

296 2103 396 2170 semel
410 2105 589 2191 impressus
603 2101 645 2168 ab
661 2102 813 2168 Ecclesia
827 2123 894 2168 non
917 2102 1041 2188 pendet
1061 2101 1215 2190 amplius,
1240 2115 1403 2190 perpetuus
1451 2139 1452 2200 ι

296 2211 345 2264 est
367 2211 400 2265 et
422 2199 628 2284 indelebilis3
659 2200 718 2266 sed
740 2201 843 2287 ipsius
871 2203 971 2266 virtue
995 2200 1156 2266 Eccum
1179 2203 1329 2286 regimini
1348 2198 1404 2264 at

295 2299 366 2364 dita
388 2310 443 2378 est,
468 2298 507 2364 ab
531 2321 570 2364 eo
592 2297 807 2386 mespeadr‘tur,
832 2300 878 2364 ita
894 2307 931 2363 ut
954 2297 1037 2363 nihil
1059 2307 1138 2383 agat
1152 2307 1211 2364 aut
1233 2320 1330 2384 agere
1343 2319 1403 2383 poe

295 2399 338 2462 sit
369 2396 529 2482 quamdiu
561 2396 660 2462 durat
682 2397 864 2483 suspensio.
874 2397 901 2478 ³)
919 2445 926 2462 .
945 2445 977 2464 ..
1014 2395 1051 2462 Si
1081 2399 1188 2462 virtus
1217 2396 1403 2462 characteris

295 2493 350 2560 illo
374 2493 485 2559 illaeso
509 2494 582 2579 lege
605 2493 828 2560 ecclesiastica
851 2493 1009 2580 suspendi
1034 2504 1156 2580 potest,
1187 2504 1276 2560 recte
1300 2489 1404 2558 intelli-

293 2592 392 2678 gitur,
417 2613 483 2678 qua
496 2594 623 2658 ratione
640 2592 817 2678 depositus,
838 2592 1048 2677 degradatus,
1072 2592 1268 2675 haereticus,
1285 2592 1404 2658 simoni·

294 2712 384 2772 acas,
408 2689 487 2756 licet
500 2688 725 2756 characterem
741 2691 774 2754 in
792 2689 944 2755 Ecclesia
959 2693 1149 2776 acceperint
1162 2699 1196 2755 et
1209 2701 1404 2758 conservent.

295 2786 379 2854 nihil
401 2795 513 2852 tamen
538 2789 573 2852 in
587 2787 755 2854 ordinatos
779 2810 799 2852 a
822 2809 858 2852 se
881 2788 1114 2870 uansmittant,
1139 2786 1246 2854 donec
1265 2809 1341 2853 cum
1356 2785 1406 2850 Ec·
1452 2795 1453 2804 ’

295 2885 395 2952 clasis
418 2887 453 2950 in
476 2886 618 2970 gratiam
641 2883 864 2972 redierint.“⁴)

386 3002 437 3068 lo.
472 3001 615 3066 Domum
640 3001 679 3066 4⁰
702 3000 768 3066 alia
784 3001 973 3085 ,distinctio
989 3010 1037 3066 est
1060 3001 1406 3086 mmsummoqsmue

294 3111 326 3164 et
348 3098 472 3164 dubiae.
520 3097 689 3179 Quamdiu
720 3100 868 3184 quaestio
897 3095 1001 3162 dubia
1031 3107 1081 3162 est
1104 3108 1137 3162 et
1159 3098 1332 3164 doctorum
1354 3095 1408 3160 dis

294 3193 524 3283 putationibus
548 3197 583 3260 in
606 3205 922 3282 utramquepartem
940 3193 1130 3278 ventilatur,
1154 3197 1296 3283 quisque
1310 3196 1407 3260 Ponti·

294 3295 351 3358 fex
375 3295 565 3380 opinionem
581 3314 680 3379 quam
696 3293 902 3379 judicaverit
918 3291 1168 3380 probabiliorem
1184 3303 1241 3358 aut
1262 3295 1312 3358 rei
1325 3313 1408 3380 quau

289 3415 373 3480 prae
391 3389 535 3456 masura
558 3390 650 3454 hahet
665 3390 986 3469 accommodatiorem,
1010 3389 1164 3478 amplecti
1188 3401 1295 3478 potest
1319 3399 1352 3455 ct
1371 3410 1409 3452 se·

296 3488 442 3554 cundum
466 3509 540 3552 eum
555 3509 662 3574 agere,
681 3497 712 3553 et
734 3487 935 3574 dispensare,
959 3487 1108 3575 nihilque
1124 3486 1189 3554 hac
1205 3487 1408 3554 oeconomica

293 3705 455 3760 sacramenti
474 3705 666 3760 determinasse
685 3705 827 3760 materiam
844 3706 931 3762 solum
955 3707 1084 3774 ymerus.
1110 3713 1143 3761 ot
1162 3705 1326 3761 adhiheatur
1342 3717 1410 3760 sarta

293 3784 461 3840 meremonia
478 3789 508 3839 et
526 3785 596 3840 ritru
620 3795 701 3854 aptus
725 3785 760 3839 ad
783 3784 991 3854 significandam
1009 3791 1188 3854 potestatem,
1214 3801 1284 3854 quae
1301 3787 1333 3840 in
1349 3785 1410 3839 ordi·

293 3863 405 3918 ustione
422 3863 572 3932 malerten
591 3865 844 3920 determinationem
856 3872 949 3920 summ
966 3866 1110 3934 specialem
1126 3867 1268 3934 reliqabse
1280 3864 1409 3920 nam

293 3943 343 4010 ite,
361 3951 394 3998 ut
411 3943 470 4012 ipse
487 3944 597 4012 signum
615 3944 644 3998 in
662 3944 802 4000 individuo
827 3944 861 3999 ab
880 3945 1003 4002 Ecclesia
1028 3947 1239 4002 determinatam
1262 3953 1355 4001 rstan
1372 3946 1411 3998 ts

294 4022 382 4078 beat.“
419 4023 575 4088 hersella,
595 4025 636 4078 De
653 4023 771 4079 &cram
789 4039 816 4092 p.
835 4025 879 4081 45.
898 4023 992 4080 Simile
1009 4025 1072 4092 quid
1090 4027 1177 4082 statui
1195 4025 1306 4082 deberet
1324 4027 1353 4081 ia
1364 4023 1411 4078 {a

294 4101 349 4158 rini
368 4103 515 4170 sententia,
534 4119 604 4171 qaae
623 4109 714 4158 tamen
733 4120 750 4158 a
768 4102 903 4172 theologis
921 4103 994 4158 hand
1011 4112 1121 4174 recepte
1138 4113 1188 4162 est.

368 4184 391 4251 ¹)
409 4183 440 4238 L.
459 4199 481 4238 c.
500 4198 527 4238 n.
546 4182 568 4238 1.
821 4183 843 4250 ἰ
863 4183 966 4238 Ibidem
983 4199 1028 4239 nn.
1047 4185 1111 4242 vu
1130 4186 1207 4240 VIII.

367 4260 388 4330 Ι)
408 4261 510 4317 Ibidem
528 4279 554 4320 u.
574 4263 607 4318 Χ.
673 4263 694 4330 ⁴)
712 4262 816 4318 Ibidem
835 4279 860 4319 n.
880 4263 957 4317 xm.
