<?xml version="1.0" encoding="UTF-8"?>
<!DOCTYPE html PUBLIC "-//W3C//DTD XHTML 1.0 Transitional//EN"
    "http://www.w3.org/TR/xhtml1/DTD/xhtml1-transitional.dtd">
<html xmlns="http://www.w3.org/1999/xhtml" xml:lang="en" lang="en">
 <head>
  <title>
</title>
<meta http-equiv="Content-Type" content="text/html;charset=utf-8" />
  <meta name='ocr-system' content='tesseract 3.04.00' />
  <meta name='ocr-capabilities' content='ocr_page ocr_carea ocr_par ocr_line ocrx_word'/>
</head>
<body>
  <div class='ocr_page' id='page_1' title='image "./dissertationess01junggoog_0287.png"; bbox 0 0 2926 4840; ppageno 0'>
   <div class='ocr_carea' id='block_1_1' title="bbox 319 487 1284 546">
    <p class='ocr_par' dir='ltr' id='par_1_1' title="bbox 319 487 1284 546">
     <span class='ocr_line' id='line_1_1' title="bbox 319 487 1284 546; baseline -0.004 0"><span class='ocrx_word' id='word_1_1' title='bbox 319 491 372 546; x_wconf 76' lang='lat'><strong><em>278</em></strong></span> <span class='ocrx_word' id='word_1_2' title='bbox 474 490 547 545; x_wconf 81' lang='lat' dir='ltr'><strong><em>xvi.</em></strong></span> <span class='ocrx_word' id='word_1_3' title='bbox 586 489 690 544; x_wconf 80' lang='lat' dir='ltr'><strong><em>Causae</em></strong></span> <span class='ocrx_word' id='word_1_4' title='bbox 707 489 823 544; x_wconf 80' lang='lat' dir='ltr'><strong><em>ceiebres</em></strong></span> <span class='ocrx_word' id='word_1_5' title='bbox 843 495 872 544; x_wconf 88' lang='lat' dir='ltr'><strong><em>et</em></strong></span> <span class='ocrx_word' id='word_1_6' title='bbox 890 489 1045 544; x_wconf 84' lang='lat' dir='ltr'><strong><em>Decretales</em></strong></span> <span class='ocrx_word' id='word_1_7' title='bbox 1064 487 1284 544; x_wconf 88' lang='lat' dir='ltr'><strong><em>Pseudo-isidori.</em></strong></span> 
     </span>
    </p>
   </div>
   <div class='ocr_carea' id='block_1_2' title="bbox 155 631 1446 4172">
    <p class='ocr_par' dir='ltr' id='par_1_2' title="bbox 155 631 1446 4172">
     <span class='ocr_line' id='line_1_2' title="bbox 319 631 1418 712; baseline -0.004 -14"><span class='ocrx_word' id='word_1_8' title='bbox 319 633 418 698; x_wconf 93' lang='lat' dir='ltr'><strong><em>nibus</em></strong></span> <span class='ocrx_word' id='word_1_9' title='bbox 448 631 648 697; x_wconf 78' lang='lat' dir='ltr'><strong>venerandis</strong></span> <span class='ocrx_word' id='word_1_10' title='bbox 671 632 870 696; x_wconf 86' lang='lat' dir='ltr'><strong><em>Pontificum</em></strong></span> <span class='ocrx_word' id='word_1_11' title='bbox 902 653 982 696; x_wconf 86' lang='lat' dir='ltr'><strong><em>usus</em></strong></span> <span class='ocrx_word' id='word_1_12' title='bbox 1009 639 1074 712; x_wconf 85' lang='lat' dir='ltr'><strong><em>est,</em></strong></span> <span class='ocrx_word' id='word_1_13' title='bbox 1107 639 1140 694; x_wconf 85' lang='lat' dir='ltr'><strong><em>et</em></strong></span> <span class='ocrx_word' id='word_1_14' title='bbox 1166 632 1328 696; x_wconf 84' lang='lat' dir='ltr'><strong><em>indiscrete</em></strong></span> <span class='ocrx_word' id='word_1_15' title='bbox 1352 655 1418 695; x_wconf 75' lang='lat' dir='ltr'><strong><em>coos·</em></strong></span> 
     </span>
     <span class='ocr_line' id='line_1_3' title="bbox 319 728 1418 816; baseline -0.004 -21"><span class='ocrx_word' id='word_1_16' title='bbox 319 734 469 811; x_wconf 72' lang='lat' dir='ltr'><strong><em>mistam,</em></strong></span> <span class='ocrx_word' id='word_1_17' title='bbox 505 739 667 816; x_wconf 88' lang='lat' dir='ltr'><strong><em>quatenus</em></strong></span> <span class='ocrx_word' id='word_1_18' title='bbox 704 729 836 794; x_wconf 85' lang='lat' dir='ltr'><strong><em>decreta</em></strong></span> <span class='ocrx_word' id='word_1_19' title='bbox 868 731 1063 794; x_wconf 84' lang='lat' dir='ltr'><strong><em>auctoritate</em></strong></span> <span class='ocrx_word' id='word_1_20' title='bbox 1096 730 1257 793; x_wconf 73' lang='lat' dir='ltr'><strong><em>canonicis</em></strong></span> <span class='ocrx_word' id='word_1_21' title='bbox 1288 728 1418 814; x_wconf 82' lang='lat' dir='ltr'><strong><em>praedita</em></strong></span> 
     </span>
     <span class='ocr_line' id='line_1_4' title="bbox 320 826 1420 912; baseline -0.005 -18"><span class='ocrx_word' id='word_1_22' title='bbox 320 829 417 894; x_wconf 91' lang='lat' dir='ltr'><strong><em>simul</em></strong></span> <span class='ocrx_word' id='word_1_23' title='bbox 446 851 522 893; x_wconf 90' lang='lat' dir='ltr'><strong><em>cum</em></strong></span> <span class='ocrx_word' id='word_1_24' title='bbox 545 827 620 892; x_wconf 87' lang='lat' dir='ltr'><strong><em>aliis</em></strong></span> <span class='ocrx_word' id='word_1_25' title='bbox 643 849 683 892; x_wconf 91' lang='lat' dir='ltr'><strong><em>ea</em></strong></span> <span class='ocrx_word' id='word_1_26' title='bbox 705 829 901 891; x_wconf 87' lang='lat' dir='ltr'><strong><em>auctoritate</em></strong></span> <span class='ocrx_word' id='word_1_27' title='bbox 924 827 1089 891; x_wconf 79' lang='lat' dir='ltr'><strong><em>destitutis</em></strong></span> <span class='ocrx_word' id='word_1_28' title='bbox 1113 826 1238 909; x_wconf 85' lang='lat' dir='ltr'><strong><em>attulit,</em></strong></span> <span class='ocrx_word' id='word_1_29' title='bbox 1269 837 1360 912; x_wconf 85' lang='lat' dir='ltr'><strong><em>atque</em></strong></span> <span class='ocrx_word' id='word_1_30' title='bbox 1381 827 1420 888; x_wconf 84' lang='lat' dir='ltr'><strong><em>sic</em></strong></span> 
     </span>
     <span class='ocr_line' id='line_1_5' title="bbox 319 925 1420 1012; baseline -0.004 -21"><span class='ocrx_word' id='word_1_31' title='bbox 319 937 439 992; x_wconf 88' lang='lat' dir='ltr'><strong><em>cuncta</em></strong></span> <span class='ocrx_word' id='word_1_32' title='bbox 467 926 644 1012; x_wconf 81' lang='lat' dir='ltr'>disposuit,</span> <span class='ocrx_word' id='word_1_33' title='bbox 678 935 715 988; x_wconf 89' lang='lat' dir='ltr'><strong><em>ut</em></strong></span> <span class='ocrx_word' id='word_1_34' title='bbox 742 925 959 990; x_wconf 65' lang='lat' dir='ltr'><strong><em>detruncando</em></strong></span> <span class='ocrx_word' id='word_1_35' title='bbox 992 937 1022 990; x_wconf 89' lang='lat' dir='ltr'><strong><em>et</em></strong></span> <span class='ocrx_word' id='word_1_36' title='bbox 1043 925 1317 1012; x_wconf 71' lang='lat' dir='ltr'><strong><em>praeposterando</em></strong></span> <span class='ocrx_word' id='word_1_37' title='bbox 1342 936 1420 1010; x_wconf 60' lang='lat' dir='ltr'><strong><em>aare</em></strong></span> 
     </span>
     <span class='ocr_line' id='line_1_6' title="bbox 318 1022 1422 1089; baseline -0.005 0"><span class='ocrx_word' id='word_1_38' title='bbox 318 1025 550 1089; x_wconf 70' lang='lat' dir='ltr'><strong><em>disordinando</em></strong></span> <span class='ocrx_word' id='word_1_39' title='bbox 583 1044 726 1088; x_wconf 90' lang='lat' dir='ltr'><strong><em>errorem</em></strong></span> <span class='ocrx_word' id='word_1_40' title='bbox 754 1045 849 1086; x_wconf 89' lang='lat' dir='ltr'><strong><em>suum</em></strong></span> <span class='ocrx_word' id='word_1_41' title='bbox 883 1025 923 1088; x_wconf 89' lang='lat' dir='ltr'><strong><em>iis</em></strong></span> <span class='ocrx_word' id='word_1_42' title='bbox 951 1022 1147 1088; x_wconf 86' lang='lat' dir='ltr'><strong><em>vindicaret.</em></strong></span> <span class='ocrx_word' id='word_1_43' title='bbox 1175 1061 1220 1070; x_wconf 95' lang='lat'><em>-</em></span> <span class='ocrx_word' id='word_1_44' title='bbox 1247 1023 1296 1086; x_wconf 83' lang='lat' dir='ltr'><strong><em>Eo</em></strong></span> <span class='ocrx_word' id='word_1_45' title='bbox 1327 1024 1422 1086; x_wconf 85' lang='lat' dir='ltr'><strong><em>minus</em></strong></span> 
     </span>
     <span class='ocr_line' id='line_1_7' title="bbox 317 1121 1421 1206; baseline -0.003 -21"><span class='ocrx_word' id='word_1_46' title='bbox 317 1133 429 1186; x_wconf 86' lang='lat' dir='ltr'><strong><em>autem</em></strong></span> <span class='ocrx_word' id='word_1_47' title='bbox 458 1123 640 1186; x_wconf 88' lang='lat' dir='ltr'><strong><em>Hinomaro</em></strong></span> <span class='ocrx_word' id='word_1_48' title='bbox 670 1121 1022 1186; x_wconf 87' lang='lat' dir='ltr'><strong><em>Pseudo-Decretales</em></strong></span> <span class='ocrx_word' id='word_1_49' title='bbox 1056 1131 1234 1206; x_wconf 86' lang='lat' dir='ltr'><strong><em>potnerunt</em></strong></span> <span class='ocrx_word' id='word_1_50' title='bbox 1269 1129 1421 1205; x_wconf 75' lang='lat' dir='ltr'><strong>suspectae</strong></span> 
     </span>
     <span class='ocr_line' id='line_1_8' title="bbox 317 1216 1421 1306; baseline -0.004 -23"><span class='ocrx_word' id='word_1_51' title='bbox 317 1243 388 1284; x_wconf 85' lang='lat' dir='ltr'><strong><em>csse</em></strong></span> <span class='ocrx_word' id='word_1_52' title='bbox 412 1231 449 1283; x_wconf 88' lang='lat' dir='ltr'><strong><em>ut</em></strong></span> <span class='ocrx_word' id='word_1_53' title='bbox 472 1222 613 1306; x_wconf 87' lang='lat' dir='ltr'><strong><em>spuriae,</em></strong></span> <span class='ocrx_word' id='word_1_54' title='bbox 638 1219 726 1306; x_wconf 92' lang='lat' dir='ltr'><strong><em>quod</em></strong></span> <span class='ocrx_word' id='word_1_55' title='bbox 751 1241 806 1282; x_wconf 88' lang='lat' dir='ltr'><strong><em>eas</em></strong></span> <span class='ocrx_word' id='word_1_56' title='bbox 830 1229 977 1284; x_wconf 88' lang='lat' dir='ltr'><strong><em>censeret</em></strong></span> <span class='ocrx_word' id='word_1_57' title='bbox 1000 1221 1162 1283; x_wconf 82' lang='lat' dir='ltr'><strong><em>contineri</em></strong></span> <span class='ocrx_word' id='word_1_58' title='bbox 1186 1221 1221 1283; x_wconf 95' lang='lat' dir='ltr'><strong><em>in</em></strong></span> <span class='ocrx_word' id='word_1_59' title='bbox 1237 1216 1421 1283; x_wconf 76' lang='lat' dir='ltr'><strong><em>Collection·</em></strong></span> 
     </span>
     <span class='ocr_line' id='line_1_9' title="bbox 317 1315 1421 1404; baseline -0.005 -22"><span class='ocrx_word' id='word_1_60' title='bbox 317 1319 436 1384; x_wconf 78' lang='lat' dir='ltr'><strong><em>Isidori</em></strong></span> <span class='ocrx_word' id='word_1_61' title='bbox 460 1319 620 1404; x_wconf 80' lang='lat' dir='ltr'><strong><em>Hispani,</em></strong></span> <span class='ocrx_word' id='word_1_62' title='bbox 645 1317 798 1404; x_wconf 88' lang='lat' dir='ltr'><strong><em>quodque</em></strong></span> <span class='ocrx_word' id='word_1_63' title='bbox 823 1340 878 1381; x_wconf 87' lang='lat' dir='ltr'><strong><em>eus</em></strong></span> <span class='ocrx_word' id='word_1_64' title='bbox 902 1317 1120 1382; x_wconf 85' lang='lat' dir='ltr'><strong><em>confunderet</em></strong></span> <span class='ocrx_word' id='word_1_65' title='bbox 1143 1337 1219 1381; x_wconf 90' lang='lat' dir='ltr'><strong><em>cum</em></strong></span> <span class='ocrx_word' id='word_1_66' title='bbox 1243 1316 1317 1379; x_wconf 80' lang='lat' dir='ltr'><strong><em>aliis</em></strong></span> <span class='ocrx_word' id='word_1_67' title='bbox 1339 1315 1421 1379; x_wconf 89' lang='lat' dir='ltr'><strong><em>docu-</em></strong></span> 
     </span>
     <span class='ocr_line' id='line_1_10' title="bbox 319 1413 1420 1501; baseline -0.005 -23"><span class='ocrx_word' id='word_1_68' title='bbox 319 1417 439 1479; x_wconf 90' lang='lat' dir='ltr'><strong><em>mentis</em></strong></span> <span class='ocrx_word' id='word_1_69' title='bbox 462 1417 616 1500; x_wconf 79' lang='lat' dir='ltr'><strong><em>genuinis</em></strong></span> <span class='ocrx_word' id='word_1_70' title='bbox 639 1415 726 1479; x_wconf 87' lang='lat' dir='ltr'><strong><em>illius</em></strong></span> <span class='ocrx_word' id='word_1_71' title='bbox 748 1413 968 1492; x_wconf 87' lang='lat' dir='ltr'><strong><em>Collectionis,</em></strong></span> <span class='ocrx_word' id='word_1_72' title='bbox 993 1416 1115 1501; x_wconf 86' lang='lat' dir='ltr'><strong><em>etjam</em></strong></span> <span class='ocrx_word' id='word_1_73' title='bbox 1139 1413 1266 1479; x_wconf 89' lang='lat' dir='ltr'><strong><em>dudum</em></strong></span> <span class='ocrx_word' id='word_1_74' title='bbox 1290 1423 1378 1477; x_wconf 80' lang='lat' dir='ltr'><strong><em>notas</em></strong></span> <span class='ocrx_word' id='word_1_75' title='bbox 1396 1429 1420 1474; x_wconf 84' lang='lat' dir='ltr'><strong><em>et</em></strong></span> 
     </span>
     <span class='ocr_line' id='line_1_11' title="bbox 318 1513 953 1599; baseline 0 -23"><span class='ocrx_word' id='word_1_76' title='bbox 318 1515 352 1578; x_wconf 90' lang='lat' dir='ltr'><strong><em>in</em></strong></span> <span class='ocrx_word' id='word_1_77' title='bbox 378 1514 520 1577; x_wconf 81' lang='lat' dir='ltr'><strong><em>Francia</em></strong></span> <span class='ocrx_word' id='word_1_78' title='bbox 543 1523 740 1599; x_wconf 85' lang='lat' dir='ltr'><strong><em>propagatas</em></strong></span> <span class='ocrx_word' id='word_1_79' title='bbox 764 1513 921 1578; x_wconf 87' lang='lat' dir='ltr'><strong><em>crederet.</em></strong></span> <span class='ocrx_word' id='word_1_80' title='bbox 929 1515 953 1594; x_wconf 87' lang='lat'><strong><em>¹)</em></strong></span> 
     </span>
     <span class='ocr_line' id='line_1_12' title="bbox 155 1608 1423 1695; baseline -0.006 -19"><span class='ocrx_word' id='word_1_81' title='bbox 155 1623 299 1668; x_wconf 67' lang='lat' dir='ltr'><strong><em>mannus</em></strong></span> <span class='ocrx_word' id='word_1_82' title='bbox 408 1612 461 1676; x_wconf 77' lang='lat'><strong><em>67.</em></strong></span> <span class='ocrx_word' id='word_1_83' title='bbox 495 1610 550 1675; x_wconf 85' lang='lat' dir='ltr'><strong><em>Ad</em></strong></span> <span class='ocrx_word' id='word_1_84' title='bbox 574 1610 676 1675; x_wconf 87' lang='lat' dir='ltr'><strong><em>alium</em></strong></span> <span class='ocrx_word' id='word_1_85' title='bbox 697 1613 870 1674; x_wconf 86' lang='lat' dir='ltr'><strong><em>veniamus</em></strong></span> <span class='ocrx_word' id='word_1_86' title='bbox 886 1620 1024 1694; x_wconf 87' lang='lat' dir='ltr'><strong><em>textum,</em></strong></span> <span class='ocrx_word' id='word_1_87' title='bbox 1050 1631 1114 1695; x_wconf 92' lang='lat' dir='ltr'><strong><em>quo</em></strong></span> <span class='ocrx_word' id='word_1_88' title='bbox 1136 1608 1176 1672; x_wconf 91' lang='lat' dir='ltr'><strong><em>cl.</em></strong></span> <span class='ocrx_word' id='word_1_89' title='bbox 1193 1609 1312 1673; x_wconf 86' lang='lat' dir='ltr'><strong><em>Hefele</em></strong></span> <span class='ocrx_word' id='word_1_90' title='bbox 1327 1623 1423 1672; x_wconf 81' lang='lat' dir='ltr'><strong><em>censet</em></strong></span> 
     </span>
     <span class='ocr_line' id='line_1_13' title="bbox 162 1685 1421 1794; baseline -0.006 -20"><span class='ocrx_word' id='word_1_91' title='bbox 162 1685 298 1738; x_wconf 52' lang='lat' dir='ltr'><strong><em>‘&#39;mm‘&#39;</em></strong></span> <span class='ocrx_word' id='word_1_92' title='bbox 320 1709 459 1775; x_wconf 90' lang='lat' dir='ltr'><strong><em>dubium</em></strong></span> <span class='ocrx_word' id='word_1_93' title='bbox 475 1710 516 1773; x_wconf 90' lang='lat' dir='ltr'><strong><em>de</em></strong></span> <span class='ocrx_word' id='word_1_94' title='bbox 531 1709 736 1794; x_wconf 84' lang='lat' dir='ltr'><strong><em>genuinitste</em></strong></span> <span class='ocrx_word' id='word_1_95' title='bbox 751 1707 976 1772; x_wconf 87' lang='lat' dir='ltr'><strong><em>Decretslium</em></strong></span> <span class='ocrx_word' id='word_1_96' title='bbox 993 1707 1111 1772; x_wconf 89' lang='lat' dir='ltr'><strong><em>Isidori</em></strong></span> <span class='ocrx_word' id='word_1_97' title='bbox 1127 1708 1279 1792; x_wconf 83' lang='lat' dir='ltr'><strong><em>exprimi,</em></strong></span> <span class='ocrx_word' id='word_1_98' title='bbox 1316 1706 1355 1770; x_wconf 93' lang='lat' dir='ltr'><strong><em>In</em></strong></span> <span class='ocrx_word' id='word_1_99' title='bbox 1369 1704 1421 1767; x_wconf 73' lang='lat' dir='ltr'><strong><em>fios</em></strong></span> 
     </span>
     <span class='ocr_line' id='line_1_14' title="bbox 323 1804 1422 1893; baseline -0.007 -22"><span class='ocrx_word' id='word_1_100' title='bbox 323 1806 480 1893; x_wconf 87' lang='lat' dir='ltr'><strong><em>epistolae</em></strong></span> <span class='ocrx_word' id='word_1_101' title='bbox 505 1806 613 1871; x_wconf 87' lang='lat' dir='ltr'><strong><em>Caroli</em></strong></span> <span class='ocrx_word' id='word_1_102' title='bbox 644 1807 731 1890; x_wconf 84' lang='lat' dir='ltr'><strong><em>regis</em></strong></span> <span class='ocrx_word' id='word_1_103' title='bbox 754 1806 797 1869; x_wconf 84' lang='lat' dir='ltr'><strong><em>cd</em></strong></span> <span class='ocrx_word' id='word_1_104' title='bbox 820 1806 1030 1870; x_wconf 80' lang='lat' dir='ltr'><strong><em>Hadrianum</em></strong></span> <span class='ocrx_word' id='word_1_105' title='bbox 1054 1807 1087 1870; x_wconf 96' lang='grc' dir='ltr'><strong><em>ΙΙ</em></strong></span> <span class='ocrx_word' id='word_1_106' title='bbox 1119 1805 1216 1870; x_wconf 86' lang='lat' dir='ltr'><strong><em>datae</em></strong></span> <span class='ocrx_word' id='word_1_107' title='bbox 1249 1807 1284 1868; x_wconf 96' lang='lat' dir='ltr'><strong><em>in</em></strong></span> <span class='ocrx_word' id='word_1_108' title='bbox 1307 1804 1422 1887; x_wconf 86' lang='lat' dir='ltr'><strong><em>negotio</em></strong></span> 
     </span>
     <span class='ocr_line' id='line_1_15' title="bbox 321 1903 1422 1990; baseline -0.007 -20"><span class='ocrx_word' id='word_1_109' title='bbox 321 1905 494 1971; x_wconf 88' lang='lat' dir='ltr'><strong><em>Hincmari</em></strong></span> <span class='ocrx_word' id='word_1_110' title='bbox 525 1904 775 1984; x_wconf 87' lang='lat' dir='ltr'><strong><em>Laudunensis,</em></strong></span> <span class='ocrx_word' id='word_1_111' title='bbox 808 1925 908 1990; x_wconf 88' lang='lat' dir='ltr'><strong><em>quam</em></strong></span> <span class='ocrx_word' id='word_1_112' title='bbox 938 1903 1111 1989; x_wconf 85' lang='lat' dir='ltr'><strong><em>epistolam</em></strong></span> <span class='ocrx_word' id='word_1_113' title='bbox 1140 1903 1336 1967; x_wconf 87' lang='lat' dir='ltr'><strong><em>Rhemensis</em></strong></span> <span class='ocrx_word' id='word_1_114' title='bbox 1363 1921 1422 1964; x_wconf 88' lang='lat' dir='ltr'><strong><em>ccu-</em></strong></span> 
     </span>
     <span class='ocr_line' id='line_1_16' title="bbox 319 1997 1425 2088; baseline -0.008 -21"><span class='ocrx_word' id='word_1_115' title='bbox 319 2013 409 2067; x_wconf 87' lang='lat' dir='ltr'><strong><em>setur</em></strong></span> <span class='ocrx_word' id='word_1_116' title='bbox 438 2003 633 2082; x_wconf 76' lang='lat' dir='ltr'><strong><em>confecisse,</em></strong></span> <span class='ocrx_word' id='word_1_117' title='bbox 666 2001 803 2086; x_wconf 88' lang='lat' dir='ltr'><strong><em>legitur:</em></strong></span> <span class='ocrx_word' id='word_1_118' title='bbox 838 2001 921 2076; x_wconf 84' lang='lat' dir='ltr'><strong><em>Quia</em></strong></span> <span class='ocrx_word' id='word_1_119' title='bbox 945 2003 1027 2088; x_wconf 82' lang='lat' dir='ltr'><strong><em>qnod</em></strong></span> <span class='ocrx_word' id='word_1_120' title='bbox 1058 2025 1097 2066; x_wconf 80' lang='lat' dir='ltr'><strong><em>ca</em></strong></span> <span class='ocrx_word' id='word_1_121' title='bbox 1121 2001 1324 2088; x_wconf 85' lang='lat' dir='ltr'><strong><em>Apostolicae</em></strong></span> <span class='ocrx_word' id='word_1_122' title='bbox 1347 1997 1425 2062; x_wconf 83' lang='lat' dir='ltr'><strong><em>Sedis</em></strong></span> 
     </span>
     <span class='ocr_line' id='line_1_17' title="bbox 320 2095 1423 2187; baseline -0.008 -21"><span class='ocrx_word' id='word_1_123' title='bbox 320 2104 444 2166; x_wconf 83' lang='lat' dir='ltr'><strong><em>nomine</em></strong></span> <span class='ocrx_word' id='word_1_124' title='bbox 474 2101 641 2164; x_wconf 85' lang='lat' dir='ltr'><strong><em>secandum</em></strong></span> <span class='ocrx_word' id='word_1_125' title='bbox 663 2111 844 2164; x_wconf 77' lang='lat' dir='ltr'><strong><em>sanctonus</em></strong></span> <span class='ocrx_word' id='word_1_126' title='bbox 868 2098 1104 2187; x_wconf 77' lang='lat' dir='ltr'><strong><em>Scripturansm</em></strong></span> <span class='ocrx_word' id='word_1_127' title='bbox 1134 2101 1290 2164; x_wconf 85' lang='lat' dir='ltr'><strong><em>tramitem</em></strong></span> <span class='ocrx_word' id='word_1_128' title='bbox 1307 2095 1423 2185; x_wconf 70' lang='lat' dir='ltr'><strong><em>praed·</em></strong></span> 
     </span>
     <span class='ocr_line' id='line_1_18' title="bbox 318 2196 1423 2288; baseline -0.007 -24"><span class='ocrx_word' id='word_1_129' title='bbox 318 2201 529 2284; x_wconf 78' lang='lat' dir='ltr'><strong><em>rationemque</em></strong></span> <span class='ocrx_word' id='word_1_130' title='bbox 552 2203 705 2288; x_wconf 77' lang='lat' dir='ltr'><strong><em>majorum</em></strong></span> <span class='ocrx_word' id='word_1_131' title='bbox 729 2208 758 2261; x_wconf 93' lang='lat' dir='ltr'><strong><em>et</em></strong></span> <span class='ocrx_word' id='word_1_132' title='bbox 782 2197 1025 2262; x_wconf 72' lang='lat' dir='ltr'><strong><em>orthodocconnn</em></strong></span> <span class='ocrx_word' id='word_1_133' title='bbox 1049 2199 1174 2262; x_wconf 87' lang='lat' dir='ltr'><strong><em>decreta</em></strong></span> <span class='ocrx_word' id='word_1_134' title='bbox 1196 2196 1361 2272; x_wconf 76' lang='lat' dir='ltr'><strong><em>scribitur,</em></strong></span> <span class='ocrx_word' id='word_1_135' title='bbox 1390 2213 1423 2256; x_wconf 81' lang='lat' dir='ltr'><strong><em>n·</em></strong></span> 
     </span>
     <span class='ocr_line' id='line_1_19' title="bbox 317 2295 1421 2382; baseline -0.006 -21"><span class='ocrx_word' id='word_1_136' title='bbox 317 2297 472 2382; x_wconf 84' lang='lat' dir='ltr'><strong><em>qaendnrn</em></strong></span> <span class='ocrx_word' id='word_1_137' title='bbox 495 2307 525 2360; x_wconf 89' lang='lat' dir='ltr'><strong><em>et</em></strong></span> <span class='ocrx_word' id='word_1_138' title='bbox 549 2296 713 2360; x_wconf 86' lang='lat' dir='ltr'><strong><em>tenendam</em></strong></span> <span class='ocrx_word' id='word_1_139' title='bbox 736 2319 800 2360; x_wconf 91' lang='lat' dir='ltr'><strong><em>non</em></strong></span> <span class='ocrx_word' id='word_1_140' title='bbox 822 2298 1021 2380; x_wconf 78' lang='lat' dir='ltr'><strong><em>ipncrarnus;</em></strong></span> <span class='ocrx_word' id='word_1_141' title='bbox 1054 2308 1083 2361; x_wconf 91' lang='lat' dir='ltr'><strong><em>et</em></strong></span> <span class='ocrx_word' id='word_1_142' title='bbox 1105 2295 1189 2382; x_wconf 83' lang='lat' dir='ltr'><strong><em>qnod</em></strong></span> <span class='ocrx_word' id='word_1_143' title='bbox 1211 2319 1299 2360; x_wconf 75' lang='lat' dir='ltr'><strong><em>semes</em></strong></span> <span class='ocrx_word' id='word_1_144' title='bbox 1322 2319 1342 2358; x_wconf 89' lang='lat' dir='ltr'><strong><em>a</em></strong></span> <span class='ocrx_word' id='word_1_145' title='bbox 1363 2313 1421 2376; x_wconf 82' lang='lat' dir='ltr'><strong><em>qao·</em></strong></span> 
     </span>
     <span class='ocr_line' id='line_1_20' title="bbox 317 2393 1421 2481; baseline -0.005 -22"><span class='ocrx_word' id='word_1_146' title='bbox 317 2417 411 2481; x_wconf 80' lang='lat' dir='ltr'><strong><em>quant</em></strong></span> <span class='ocrx_word' id='word_1_147' title='bbox 426 2394 533 2481; x_wconf 76' lang='lat' dir='ltr'><strong><em>fuerit</em></strong></span> <span class='ocrx_word' id='word_1_148' title='bbox 555 2393 758 2480; x_wconf 81' lang='lat' dir='ltr'><strong><em>compilatam</em></strong></span> <span class='ocrx_word' id='word_1_149' title='bbox 787 2395 850 2458; x_wconf 88' lang='lat' dir='ltr'><strong><em>siue</em></strong></span> <span class='ocrx_word' id='word_1_150' title='bbox 874 2394 1050 2478; x_wconf 74' lang='lat' dir='ltr'><strong><em>conflanda,</em></strong></span> <span class='ocrx_word' id='word_1_151' title='bbox 1080 2417 1146 2458; x_wconf 87' lang='lat' dir='ltr'><strong><em>non</em></strong></span> <span class='ocrx_word' id='word_1_152' title='bbox 1169 2393 1269 2457; x_wconf 86' lang='lat' dir='ltr'><strong><em>solam</em></strong></span> <span class='ocrx_word' id='word_1_153' title='bbox 1291 2411 1421 2478; x_wconf 60' lang='lat' dir='ltr'><strong><em>respuas</em></strong></span> 
     </span>
     <span class='ocr_line' id='line_1_21' title="bbox 316 2488 1421 2578; baseline -0.008 -21"><span class='ocrx_word' id='word_1_154' title='bbox 316 2495 390 2557; x_wconf 77' lang='lat' dir='ltr'><strong><em>dcent</em></strong></span> <span class='ocrx_word' id='word_1_155' title='bbox 412 2493 469 2556; x_wconf 87' lang='lat' dir='ltr'><strong><em>sed</em></strong></span> <span class='ocrx_word' id='word_1_156' title='bbox 496 2502 526 2555; x_wconf 92' lang='lat' dir='ltr'><strong><em>et</em></strong></span> <span class='ocrx_word' id='word_1_157' title='bbox 547 2491 798 2578; x_wconf 81' lang='lat' dir='ltr'><strong><em>redarpnendurn</em></strong></span> <span class='ocrx_word' id='word_1_158' title='bbox 830 2515 894 2555; x_wconf 89' lang='lat' dir='ltr'><strong><em>esse</em></strong></span> <span class='ocrx_word' id='word_1_159' title='bbox 918 2495 1137 2577; x_wconf 71' lang='lat' dir='ltr'><strong><em>cognoscimus.</em></strong></span> <span class='ocrx_word' id='word_1_160' title='bbox 1184 2490 1310 2555; x_wconf 84' lang='lat' dir='ltr'><strong><em>Ultimo</em></strong></span> <span class='ocrx_word' id='word_1_161' title='bbox 1334 2488 1421 2552; x_wconf 84' lang='lat' dir='ltr'><strong><em>inciso</em></strong></span> 
     </span>
     <span class='ocr_line' id='line_1_22' title="bbox 318 2585 1421 2675; baseline -0.009 -19"><span class='ocrx_word' id='word_1_162' title='bbox 318 2592 484 2675; x_wconf 88' lang='lat' dir='ltr'><strong><em>designari</em></strong></span> <span class='ocrx_word' id='word_1_163' title='bbox 509 2590 633 2654; x_wconf 86' lang='lat' dir='ltr'><strong><em>dixeris</em></strong></span> <span class='ocrx_word' id='word_1_164' title='bbox 656 2589 1005 2654; x_wconf 85' lang='lat' dir='ltr'><strong><em>Pseudo-Decretales</em></strong></span> <span class='ocrx_word' id='word_1_165' title='bbox 1027 2589 1156 2670; x_wconf 86' lang='lat' dir='ltr'><strong><em>Isidori,</em></strong></span> <span class='ocrx_word' id='word_1_166' title='bbox 1181 2587 1235 2652; x_wconf 88' lang='lat' dir='ltr'><strong><em>vel</em></strong></span> <span class='ocrx_word' id='word_1_167' title='bbox 1259 2585 1421 2652; x_wconf 76' lang='lat' dir='ltr'><strong><em>sententias</em></strong></span> 
     </span>
     <span class='ocr_line' id='line_1_23' title="bbox 317 2681 1422 2774; baseline -0.01 -21"><span class='ocrx_word' id='word_1_168' title='bbox 317 2713 359 2754; x_wconf 86' lang='lat' dir='ltr'><strong><em>ex</em></strong></span> <span class='ocrx_word' id='word_1_169' title='bbox 392 2691 439 2752; x_wconf 88' lang='lat' dir='ltr'><strong><em>eis</em></strong></span> <span class='ocrx_word' id='word_1_170' title='bbox 472 2688 699 2774; x_wconf 84' lang='lat' dir='ltr'><strong><em>depromptas,</em></strong></span> <span class='ocrx_word' id='word_1_171' title='bbox 734 2689 883 2774; x_wconf 83' lang='lat' dir='ltr'><strong><em>adeoque</em></strong></span> <span class='ocrx_word' id='word_1_172' title='bbox 906 2711 1019 2752; x_wconf 77' lang='lat' dir='ltr'><strong><em>eanum</em></strong></span> <span class='ocrx_word' id='word_1_173' title='bbox 1052 2690 1293 2774; x_wconf 87' lang='lat' dir='ltr'><strong><em>genuinitatem</em></strong></span> <span class='ocrx_word' id='word_1_174' title='bbox 1316 2681 1422 2768; x_wconf 85' lang='lat' dir='ltr'><strong><em>respui.</em></strong></span> 
     </span>
     <span class='ocr_line' id='line_1_24' title="bbox 316 2785 1422 2872; baseline -0.009 -20"><span class='ocrx_word' id='word_1_175' title='bbox 316 2787 475 2852; x_wconf 80' lang='lat' dir='ltr'><strong><em>Attamen</em></strong></span> <span class='ocrx_word' id='word_1_176' title='bbox 498 2790 685 2852; x_wconf 86' lang='lat' dir='ltr'><strong><em>accuratius</em></strong></span> <span class='ocrx_word' id='word_1_177' title='bbox 705 2787 912 2852; x_wconf 86' lang='lat' dir='ltr'><strong><em>considerata</em></strong></span> <span class='ocrx_word' id='word_1_178' title='bbox 928 2786 1037 2851; x_wconf 84' lang='lat' dir='ltr'><strong><em>Caroli</em></strong></span> <span class='ocrx_word' id='word_1_179' title='bbox 1057 2785 1204 2872; x_wconf 87' lang='lat' dir='ltr'><strong><em>epistola,</em></strong></span> <span class='ocrx_word' id='word_1_180' title='bbox 1228 2789 1333 2870; x_wconf 76' lang='lat' dir='ltr'><strong><em>eique</em></strong></span> <span class='ocrx_word' id='word_1_181' title='bbox 1351 2799 1422 2844; x_wconf 91' lang='lat' dir='ltr'><strong><em>con·</em></strong></span> 
     </span>
     <span class='ocr_line' id='line_1_25' title="bbox 316 2877 1422 2972; baseline -0.005 -23"><span class='ocrx_word' id='word_1_182' title='bbox 316 2897 432 2972; x_wconf 87' lang='lat' dir='ltr'><strong><em>parata</em></strong></span> <span class='ocrx_word' id='word_1_183' title='bbox 465 2907 541 2949; x_wconf 91' lang='lat' dir='ltr'><strong><em>oum</em></strong></span> <span class='ocrx_word' id='word_1_184' title='bbox 574 2883 849 2971; x_wconf 86' lang='lat' dir='ltr'><strong><em>praecedentibus</em></strong></span> <span class='ocrx_word' id='word_1_185' title='bbox 881 2885 998 2949; x_wconf 86' lang='lat' dir='ltr'><strong><em>litteris</em></strong></span> <span class='ocrx_word' id='word_1_186' title='bbox 1022 2885 1204 2965; x_wconf 87' lang='lat' dir='ltr'><strong><em>Hadriani,</em></strong></span> <span class='ocrx_word' id='word_1_187' title='bbox 1237 2882 1346 2966; x_wconf 86' lang='lat' dir='ltr'><strong><em>colligi</em></strong></span> <span class='ocrx_word' id='word_1_188' title='bbox 1368 2877 1422 2942; x_wconf 84' lang='lat' dir='ltr'><strong><em>exi·</em></strong></span> 
     </span>
     <span class='ocr_line' id='line_1_26' title="bbox 316 2973 1421 3063; baseline -0.008 -17"><span class='ocrx_word' id='word_1_189' title='bbox 316 2986 430 3062; x_wconf 91' lang='lat' dir='ltr'><strong><em>stimo,</em></strong></span> <span class='ocrx_word' id='word_1_190' title='bbox 465 3005 540 3046; x_wconf 90' lang='lat' dir='ltr'><strong><em>eum</em></strong></span> <span class='ocrx_word' id='word_1_191' title='bbox 564 3004 629 3046; x_wconf 93' lang='lat' dir='ltr'><strong><em>non</em></strong></span> <span class='ocrx_word' id='word_1_192' title='bbox 664 3003 733 3046; x_wconf 90' lang='lat' dir='ltr'><strong><em>esse</em></strong></span> <span class='ocrx_word' id='word_1_193' title='bbox 758 3004 888 3045; x_wconf 87' lang='lat' dir='ltr'><strong><em>sensum</em></strong></span> <span class='ocrx_word' id='word_1_194' title='bbox 920 2980 1007 3046; x_wconf 91' lang='lat' dir='ltr'><strong><em>illius</em></strong></span> <span class='ocrx_word' id='word_1_195' title='bbox 1030 2983 1146 3063; x_wconf 83' lang='lat' dir='ltr'><strong><em>iucisi,</em></strong></span> <span class='ocrx_word' id='word_1_196' title='bbox 1180 3003 1242 3045; x_wconf 90' lang='lat' dir='ltr'><strong><em>nec</em></strong></span> <span class='ocrx_word' id='word_1_197' title='bbox 1265 2980 1313 3043; x_wconf 90' lang='lat' dir='ltr'><strong><em>ibi</em></strong></span> <span class='ocrx_word' id='word_1_198' title='bbox 1343 2973 1421 3041; x_wconf 89' lang='lat' dir='ltr'><strong><em>innui</em></strong></span> 
     </span>
     <span class='ocr_line' id='line_1_27' title="bbox 318 3075 1446 3166; baseline -0.006 -22"><span class='ocrx_word' id='word_1_199' title='bbox 318 3080 653 3146; x_wconf 86' lang='lat' dir='ltr'><strong><em>Pseudo-Decretales</em></strong></span> <span class='ocrx_word' id='word_1_200' title='bbox 677 3083 805 3166; x_wconf 86' lang='lat' dir='ltr'><strong><em>spurias</em></strong></span> <span class='ocrx_word' id='word_1_201' title='bbox 829 3103 908 3145; x_wconf 87' lang='lat' dir='ltr'><strong><em>csse.</em></strong></span> <span class='ocrx_word' id='word_1_202' title='bbox 947 3080 1013 3146; x_wconf 85' lang='lat' dir='ltr'><strong><em>Sed</em></strong></span> <span class='ocrx_word' id='word_1_203' title='bbox 1037 3103 1096 3144; x_wconf 88' lang='lat' dir='ltr'><strong><em>rex</em></strong></span> <span class='ocrx_word' id='word_1_204' title='bbox 1120 3079 1183 3144; x_wconf 92' lang='lat' dir='ltr'><strong><em>illis</em></strong></span> <span class='ocrx_word' id='word_1_205' title='bbox 1198 3079 1311 3143; x_wconf 89' lang='lat' dir='ltr'><strong><em>verbis</em></strong></span> <span class='ocrx_word' id='word_1_206' title='bbox 1333 3075 1422 3157; x_wconf 80' lang='lat' dir='ltr'><strong><em>carpit</em></strong></span> <span class='ocrx_word' id='word_1_207' title='bbox 1445 3131 1446 3162; x_wconf 61' lang='lat'><strong><em>,</em></strong></span> 
     </span>
     <span class='ocr_line' id='line_1_28' title="bbox 316 3172 1421 3265; baseline -0.007 -23"><span class='ocrx_word' id='word_1_208' title='bbox 316 3179 471 3243; x_wconf 86' lang='lat' dir='ltr'><strong><em>rnnndata</em></strong></span> <span class='ocrx_word' id='word_1_209' title='bbox 504 3203 528 3244; x_wconf 88' lang='lat' dir='ltr'><strong><em>s.</em></strong></span> <span class='ocrx_word' id='word_1_210' title='bbox 554 3178 649 3244; x_wconf 85' lang='lat' dir='ltr'><strong><em>Sedis</em></strong></span> <span class='ocrx_word' id='word_1_211' title='bbox 682 3178 790 3265; x_wconf 87' lang='lat' dir='ltr'><strong><em>quoad</em></strong></span> <span class='ocrx_word' id='word_1_212' title='bbox 823 3201 957 3244; x_wconf 85' lang='lat' dir='ltr'><strong><em>causam</em></strong></span> <span class='ocrx_word' id='word_1_213' title='bbox 986 3177 1160 3243; x_wconf 87' lang='lat' dir='ltr'><strong><em>Hincmari</em></strong></span> <span class='ocrx_word' id='word_1_214' title='bbox 1192 3172 1421 3242; x_wconf 73' lang='lat' dir='ltr'><strong><em>Laudunensis.</em></strong></span> 
     </span>
     <span class='ocr_line' id='line_1_29' title="bbox 392 3381 1421 3449; baseline -0.006 -13"><span class='ocrx_word' id='word_1_215' title='bbox 392 3381 411 3436; x_wconf 77' lang='lat' dir='ltr'><strong><em>¹i</em></strong></span> <span class='ocrx_word' id='word_1_216' title='bbox 430 3381 490 3434; x_wconf 88' lang='lat' dir='ltr'><strong><em>Huc</em></strong></span> <span class='ocrx_word' id='word_1_217' title='bbox 508 3381 649 3449; x_wconf 86' lang='lat' dir='ltr'><strong><em>pertinent</em></strong></span> <span class='ocrx_word' id='word_1_218' title='bbox 667 3397 706 3445; x_wconf 84' lang='lat' dir='ltr'><strong><em>es,</em></strong></span> <span class='ocrx_word' id='word_1_219' title='bbox 729 3397 797 3448; x_wconf 88' lang='lat' dir='ltr'><strong><em>quse</em></strong></span> <span class='ocrx_word' id='word_1_220' title='bbox 816 3397 875 3435; x_wconf 91' lang='lat' dir='ltr'><strong><em>cum</em></strong></span> <span class='ocrx_word' id='word_1_221' title='bbox 893 3381 986 3448; x_wconf 85' lang='lat' dir='ltr'><strong><em>alique</em></strong></span> <span class='ocrx_word' id='word_1_222' title='bbox 1004 3381 1149 3449; x_wconf 83' lang='lat' dir='ltr'><strong><em>hyperbole</em></strong></span> <span class='ocrx_word' id='word_1_223' title='bbox 1166 3381 1329 3435; x_wconf 83' lang='lat' dir='ltr'><strong><em>Hincinarus</em></strong></span> <span class='ocrx_word' id='word_1_224' title='bbox 1346 3381 1372 3434; x_wconf 91' lang='lat' dir='ltr'><strong><em>in</em></strong></span> <span class='ocrx_word' id='word_1_225' title='bbox 1388 3391 1421 3430; x_wconf 72' lang='lat' dir='ltr'><strong><em>eo</em></strong></span> 
     </span>
     <span class='ocr_line' id='line_1_30' title="bbox 316 3449 1446 3531; baseline 0.001 -19"><span class='ocrx_word' id='word_1_226' title='bbox 316 3459 377 3514; x_wconf 85' lang='lat' dir='ltr'><strong><em>dem</em></strong></span> <span class='ocrx_word' id='word_1_227' title='bbox 394 3459 519 3526; x_wconf 90' lang='lat' dir='ltr'><strong><em>opusculo</em></strong></span> <span class='ocrx_word' id='word_1_228' title='bbox 536 3460 643 3514; x_wconf 83' lang='lat' dir='ltr'><strong><em>scribit:</em></strong></span> <span class='ocrx_word' id='word_1_229' title='bbox 663 3461 708 3527; x_wconf 86' lang='lat' dir='ltr'><strong><em>,Si</em></strong></span> <span class='ocrx_word' id='word_1_230' title='bbox 721 3476 785 3515; x_wconf 86' lang='lat' dir='ltr'><strong><em>vero</em></strong></span> <span class='ocrx_word' id='word_1_231' title='bbox 799 3462 859 3515; x_wconf 87' lang='lat' dir='ltr'><strong><em>ideo</em></strong></span> <span class='ocrx_word' id='word_1_232' title='bbox 875 3461 944 3514; x_wconf 85' lang='lat' dir='ltr'><strong><em>talia</em></strong></span> <span class='ocrx_word' id='word_1_233' title='bbox 958 3501 981 3512; x_wconf 94' lang='lat'><strong><em>..</em></strong></span> <span class='ocrx_word' id='word_1_234' title='bbox 1002 3461 1145 3531; x_wconf 83' lang='lat' dir='ltr'><strong><em>collegisti,</em></strong></span> <span class='ocrx_word' id='word_1_235' title='bbox 1164 3461 1229 3528; x_wconf 85' lang='lat' dir='ltr'><strong><em>qnia</em></strong></span> <span class='ocrx_word' id='word_1_236' title='bbox 1240 3461 1312 3516; x_wconf 84' lang='lat' dir='ltr'><strong><em>forte</em></strong></span> <span class='ocrx_word' id='word_1_237' title='bbox 1325 3469 1421 3530; x_wconf 74' lang='lat' dir='ltr'><strong><em>putasti·</em></strong></span> <span class='ocrx_word' id='word_1_238' title='bbox 1445 3449 1446 3466; x_wconf 57' lang='lat'>¹</span> 
     </span>
     <span class='ocr_line' id='line_1_31' title="bbox 317 3539 1446 3610; baseline -0.003 -16"><span class='ocrx_word' id='word_1_239' title='bbox 317 3541 450 3595; x_wconf 89' lang='lat' dir='ltr'><strong><em>neminem</em></strong></span> <span class='ocrx_word' id='word_1_240' title='bbox 469 3541 551 3594; x_wconf 86' lang='lat' dir='ltr'><strong><em>alium</em></strong></span> <span class='ocrx_word' id='word_1_241' title='bbox 568 3541 673 3596; x_wconf 82' lang='lat' dir='ltr'><strong><em>easdem</em></strong></span> <span class='ocrx_word' id='word_1_242' title='bbox 686 3543 836 3596; x_wconf 85' lang='lat' dir='ltr'><strong><em>sententias</em></strong></span> <span class='ocrx_word' id='word_1_243' title='bbox 852 3542 893 3595; x_wconf 85' lang='lat' dir='ltr'><strong><em>vei</em></strong></span> <span class='ocrx_word' id='word_1_244' title='bbox 910 3543 984 3609; x_wconf 86' lang='lat' dir='ltr'><strong><em>ipsas</em></strong></span> <span class='ocrx_word' id='word_1_245' title='bbox 997 3542 1133 3610; x_wconf 81' lang='lat' dir='ltr'><strong><em>epistolas,</em></strong></span> <span class='ocrx_word' id='word_1_246' title='bbox 1152 3549 1262 3610; x_wconf 86' lang='lat' dir='ltr'><strong><em>practer</em></strong></span> <span class='ocrx_word' id='word_1_247' title='bbox 1279 3548 1316 3608; x_wconf 89' lang='lat' dir='ltr'><strong><em>te,</em></strong></span> <span class='ocrx_word' id='word_1_248' title='bbox 1330 3539 1420 3595; x_wconf 76' lang='lat' dir='ltr'><strong><em>haben.</em></strong></span> <span class='ocrx_word' id='word_1_249' title='bbox 1445 3549 1446 3606; x_wconf 51' lang='grc' dir='ltr'>ξ</span> 
     </span>
     <span class='ocr_line' id='line_1_32' title="bbox 317 3617 1446 3692; baseline 0 -17"><span class='ocrx_word' id='word_1_250' title='bbox 317 3621 415 3676; x_wconf 84' lang='lat' dir='ltr'><strong><em>idcirco</em></strong></span> <span class='ocrx_word' id='word_1_251' title='bbox 434 3623 501 3675; x_wconf 88' lang='lat' dir='ltr'><strong><em>talia</em></strong></span> <span class='ocrx_word' id='word_1_252' title='bbox 519 3621 649 3676; x_wconf 84' lang='lat' dir='ltr'><strong><em>liberate</em></strong></span> <span class='ocrx_word' id='word_1_253' title='bbox 667 3623 832 3678; x_wconf 82' lang='lat' dir='ltr'><strong><em>existimasti</em></strong></span> <span class='ocrx_word' id='word_1_254' title='bbox 850 3638 928 3690; x_wconf 89' lang='lat' dir='ltr'><strong><em>posse</em></strong></span> <span class='ocrx_word' id='word_1_255' title='bbox 946 3623 1087 3692; x_wconf 82' lang='lat' dir='ltr'><strong><em>colligere,</em></strong></span> <span class='ocrx_word' id='word_1_256' title='bbox 1106 3639 1148 3678; x_wconf 89' lang='lat' dir='ltr'><strong><em>res</em></strong></span> <span class='ocrx_word' id='word_1_257' title='bbox 1166 3623 1235 3676; x_wconf 82' lang='lat' dir='ltr'><strong><em>mira</em></strong></span> <span class='ocrx_word' id='word_1_258' title='bbox 1254 3627 1305 3686; x_wconf 87' lang='lat' dir='ltr'><strong><em>est,</em></strong></span> <span class='ocrx_word' id='word_1_259' title='bbox 1323 3637 1377 3675; x_wconf 89' lang='lat' dir='ltr'><strong><em>cun</em></strong></span> <span class='ocrx_word' id='word_1_260' title='bbox 1393 3617 1418 3669; x_wconf 75' lang='lat' dir='ltr'><strong><em>dt</em></strong></span> <span class='ocrx_word' id='word_1_261' title='bbox 1445 3649 1446 3686; x_wconf 56' lang='grc' dir='ltr'>ι</span> 
     </span>
     <span class='ocr_line' id='line_1_33' title="bbox 317 3697 1419 3770; baseline -0.005 -14"><span class='ocrx_word' id='word_1_262' title='bbox 317 3703 383 3770; x_wconf 89' lang='lat' dir='ltr'><strong><em>ipsis</em></strong></span> <span class='ocrx_word' id='word_1_263' title='bbox 402 3703 546 3756; x_wconf 83' lang='lat' dir='ltr'><strong><em>sententiis</em></strong></span> <span class='ocrx_word' id='word_1_264' title='bbox 564 3703 645 3770; x_wconf 84' lang='lat' dir='ltr'><strong><em>plena</em></strong></span> <span class='ocrx_word' id='word_1_265' title='bbox 668 3703 779 3757; x_wconf 85' lang='lat' dir='ltr'><strong><em>sitista</em></strong></span> <span class='ocrx_word' id='word_1_266' title='bbox 797 3707 884 3768; x_wconf 87' lang='lat' dir='ltr'><strong><em>terra,</em></strong></span> <span class='ocrx_word' id='word_1_267' title='bbox 911 3704 982 3758; x_wconf 89' lang='lat' dir='ltr'><strong><em>sicut</em></strong></span> <span class='ocrx_word' id='word_1_268' title='bbox 1007 3710 1036 3758; x_wconf 88' lang='lat' dir='ltr'><strong><em>et</em></strong></span> <span class='ocrx_word' id='word_1_269' title='bbox 1053 3703 1087 3758; x_wconf 87' lang='lat' dir='ltr'><strong><em>de</em></strong></span> <span class='ocrx_word' id='word_1_270' title='bbox 1105 3703 1173 3758; x_wconf 87' lang='lat' dir='ltr'><strong><em>libro</em></strong></span> <span class='ocrx_word' id='word_1_271' title='bbox 1190 3702 1361 3758; x_wconf 86' lang='lat' dir='ltr'><strong><em>collectarum</em></strong></span> <span class='ocrx_word' id='word_1_272' title='bbox 1377 3697 1419 3764; x_wconf 86' lang='lat' dir='ltr'><strong><em>epi·</em></strong></span> 
     </span>
     <span class='ocr_line' id='line_1_34' title="bbox 318 3777 1446 3851; baseline -0.004 -15"><span class='ocrx_word' id='word_1_273' title='bbox 318 3783 447 3836; x_wconf 80' lang='lat' dir='ltr'><strong><em>stolarum</em></strong></span> <span class='ocrx_word' id='word_1_274' title='bbox 473 3783 506 3835; x_wconf 82' lang='lat' dir='ltr'><strong><em>ab</em></strong></span> <span class='ocrx_word' id='word_1_275' title='bbox 524 3782 641 3849; x_wconf 90' lang='lat' dir='ltr'><strong><em>Isidoro,</em></strong></span> <span class='ocrx_word' id='word_1_276' title='bbox 666 3798 744 3850; x_wconf 85' lang='lat' dir='ltr'><strong><em>quem</em></strong></span> <span class='ocrx_word' id='word_1_277' title='bbox 769 3784 802 3838; x_wconf 86' lang='lat' dir='ltr'><strong><em>de</em></strong></span> <span class='ocrx_word' id='word_1_278' title='bbox 827 3783 960 3850; x_wconf 80' lang='lat' dir='ltr'><strong><em>Hispania</em></strong></span> <span class='ocrx_word' id='word_1_279' title='bbox 985 3785 1098 3838; x_wconf 85' lang='lat' dir='ltr'><strong><em>aliatum</em></strong></span> <span class='ocrx_word' id='word_1_280' title='bbox 1117 3782 1240 3839; x_wconf 85' lang='lat' dir='ltr'><strong><em>Riculfus</em></strong></span> <span class='ocrx_word' id='word_1_281' title='bbox 1259 3781 1421 3851; x_wconf 81' lang='lat' dir='ltr'><strong><em>iioguntinu</em></strong></span> <span class='ocrx_word' id='word_1_282' title='bbox 1445 3777 1446 3798; x_wconf 75' lang='lat'>³</span> 
     </span>
     <span class='ocr_line' id='line_1_35' title="bbox 319 3855 1419 3932; baseline -0.004 -14"><span class='ocrx_word' id='word_1_283' title='bbox 319 3863 455 3930; x_wconf 86' lang='lat' dir='ltr'><strong><em>episcopas</em></strong></span> <span class='ocrx_word' id='word_1_284' title='bbox 475 3903 501 3915; x_wconf 88' lang='lat'><strong><em>..</em></strong></span> <span class='ocrx_word' id='word_1_285' title='bbox 520 3863 647 3928; x_wconf 86' lang='lat' dir='ltr'><strong><em>obtinuit,</em></strong></span> <span class='ocrx_word' id='word_1_286' title='bbox 665 3869 694 3918; x_wconf 89' lang='lat' dir='ltr'><strong><em>et</em></strong></span> <span class='ocrx_word' id='word_1_287' title='bbox 712 3864 780 3918; x_wconf 83' lang='lat' dir='ltr'><strong><em>istas</em></strong></span> <span class='ocrx_word' id='word_1_288' title='bbox 797 3863 922 3932; x_wconf 84' lang='lat' dir='ltr'><strong><em>regiones</em></strong></span> <span class='ocrx_word' id='word_1_289' title='bbox 939 3879 972 3918; x_wconf 80' lang='lat' dir='ltr'><strong><em>ex</em></strong></span> <span class='ocrx_word' id='word_1_290' title='bbox 990 3865 1036 3918; x_wconf 90' lang='lat' dir='ltr'><strong><em>ilio</em></strong></span> <span class='ocrx_word' id='word_1_291' title='bbox 1052 3865 1151 3932; x_wconf 88' lang='lat' dir='ltr'><strong><em>repleri</em></strong></span> <span class='ocrx_word' id='word_1_292' title='bbox 1169 3863 1260 3919; x_wconf 58' lang='lat' dir='ltr'><strong><em>faint</em></strong></span> <span class='ocrx_word' id='word_1_293' title='bbox 1294 3861 1323 3917; x_wconf 85' lang='lat' dir='ltr'><strong><em>C.</em></strong></span> <span class='ocrx_word' id='word_1_294' title='bbox 1336 3855 1419 3914; x_wconf 72' lang='lat' dir='ltr'><strong><em>xxii·-</em></strong></span> 
     </span>
     <span class='ocr_line' id='line_1_36' title="bbox 318 3935 1446 4013; baseline -0.007 -17"><span class='ocrx_word' id='word_1_295' title='bbox 318 3943 461 4003; x_wconf 78' lang='lat' dir='ltr'><strong><em>,Insniter</em></strong></span> <span class='ocrx_word' id='word_1_296' title='bbox 477 3949 599 4010; x_wconf 83' lang='lat' dir='ltr'><strong><em>patens,</em></strong></span> <span class='ocrx_word' id='word_1_297' title='bbox 617 3945 686 4011; x_wconf 89' lang='lat' dir='ltr'><strong><em>quod</em></strong></span> <span class='ocrx_word' id='word_1_298' title='bbox 710 3944 734 3999; x_wconf 91' lang='lat' dir='ltr'><strong><em>si</em></strong></span> <span class='ocrx_word' id='word_1_299' title='bbox 759 3951 789 3998; x_wconf 92' lang='lat' dir='ltr'><strong><em>tu</em></strong></span> <span class='ocrx_word' id='word_1_300' title='bbox 808 3944 874 3998; x_wconf 85' lang='lat' dir='ltr'><strong><em>haec</em></strong></span> <span class='ocrx_word' id='word_1_301' title='bbox 898 3945 926 3999; x_wconf 93' lang='lat' dir='ltr'><strong><em>in</em></strong></span> <span class='ocrx_word' id='word_1_302' title='bbox 946 3951 993 3998; x_wconf 90' lang='lat' dir='ltr'><strong><em>tuo</em></strong></span> <span class='ocrx_word' id='word_1_303' title='bbox 1011 3945 1139 4013; x_wconf 84' lang='lat' dir='ltr'><strong><em>pitaciolo</em></strong></span> <span class='ocrx_word' id='word_1_304' title='bbox 1165 3961 1219 3999; x_wconf 90' lang='lat' dir='ltr'><strong><em>non</em></strong></span> <span class='ocrx_word' id='word_1_305' title='bbox 1237 3957 1361 4011; x_wconf 88' lang='lat' dir='ltr'><strong><em>poneres,</em></strong></span> <span class='ocrx_word' id='word_1_306' title='bbox 1382 3935 1419 3990; x_wconf 79' lang='lat' dir='ltr'><strong><em>clii</em></strong></span> <span class='ocrx_word' id='word_1_307' title='bbox 1445 4001 1446 4012; x_wconf 39' lang='lat'><strong><em>,</em></strong></span> 
     </span>
     <span class='ocr_line' id='line_1_37' title="bbox 318 4018 1419 4092; baseline -0.002 -16"><span class='ocrx_word' id='word_1_308' title='bbox 318 4039 371 4076; x_wconf 91' lang='lat' dir='ltr'><strong><em>non</em></strong></span> <span class='ocrx_word' id='word_1_309' title='bbox 389 4023 521 4078; x_wconf 87' lang='lat' dir='ltr'><strong><em>haberent</em></strong></span> <span class='ocrx_word' id='word_1_310' title='bbox 539 4023 619 4078; x_wconf 83' lang='lat' dir='ltr'><strong><em>libros</em></strong></span> <span class='ocrx_word' id='word_1_311' title='bbox 643 4025 689 4079; x_wconf 90' lang='lat' dir='ltr'><strong><em>ubi</em></strong></span> <span class='ocrx_word' id='word_1_312' title='bbox 708 4040 741 4079; x_wconf 86' lang='lat' dir='ltr'><strong><em>es</em></strong></span> <span class='ocrx_word' id='word_1_313' title='bbox 758 4025 849 4092; x_wconf 83' lang='lat' dir='ltr'><strong><em>legere</em></strong></span> <span class='ocrx_word' id='word_1_314' title='bbox 867 4024 1027 4092; x_wconf 86' lang='lat' dir='ltr'><strong><em>potuissent.</em></strong></span> <span class='ocrx_word' id='word_1_315' title='bbox 1064 4025 1115 4080; x_wconf 83' lang='lat' dir='ltr'><strong><em>Sed</em></strong></span> <span class='ocrx_word' id='word_1_316' title='bbox 1139 4026 1199 4092; x_wconf 83' lang='lat' dir='ltr'><strong><em>qais</em></strong></span> <span class='ocrx_word' id='word_1_317' title='bbox 1217 4040 1251 4080; x_wconf 77' lang='lat' dir='ltr'><strong><em>es</em></strong></span> <span class='ocrx_word' id='word_1_318' title='bbox 1277 4039 1345 4092; x_wconf 80' lang='lat' dir='ltr'><strong><em>quae</em></strong></span> <span class='ocrx_word' id='word_1_319' title='bbox 1361 4018 1419 4075; x_wconf 78' lang='lat' dir='ltr'><strong><em>nati</em></strong></span> 
     </span>
     <span class='ocr_line' id='line_1_38' title="bbox 319 4103 1419 4172; baseline -0.003 -17"><span class='ocrx_word' id='word_1_320' title='bbox 319 4103 448 4172; x_wconf 85' lang='lat' dir='ltr'><strong><em>ignorat?</em></strong></span> <span class='ocrx_word' id='word_1_321' title='bbox 488 4104 568 4159; x_wconf 85' lang='lat' dir='ltr'><strong><em>Prius</em></strong></span> <span class='ocrx_word' id='word_1_322' title='bbox 587 4106 658 4159; x_wconf 90' lang='lat' dir='ltr'><strong><em>enim</em></strong></span> <span class='ocrx_word' id='word_1_323' title='bbox 677 4119 757 4172; x_wconf 84' lang='lat' dir='ltr'><strong><em>quam</em></strong></span> <span class='ocrx_word' id='word_1_324' title='bbox 775 4104 930 4159; x_wconf 75' lang='lat' dir='ltr'><strong><em>formareris</em></strong></span> <span class='ocrx_word' id='word_1_325' title='bbox 948 4105 977 4159; x_wconf 90' lang='lat' dir='ltr'><strong><em>in</em></strong></span> <span class='ocrx_word' id='word_1_326' title='bbox 995 4111 1081 4170; x_wconf 90' lang='lat' dir='ltr'><strong><em>utero,</em></strong></span> <span class='ocrx_word' id='word_1_327' title='bbox 1099 4105 1148 4160; x_wconf 86' lang='lat' dir='ltr'><strong><em>ills</em></strong></span> <span class='ocrx_word' id='word_1_328' title='bbox 1165 4105 1295 4169; x_wconf 87' lang='lat' dir='ltr'><strong><em>novimus,</em></strong></span> <span class='ocrx_word' id='word_1_329' title='bbox 1314 4113 1343 4158; x_wconf 89' lang='lat' dir='ltr'><strong><em>et</em></strong></span> <span class='ocrx_word' id='word_1_330' title='bbox 1358 4111 1419 4155; x_wconf 76' lang='lat' dir='ltr'><strong><em>ante</em></strong></span> 
     </span>
    </p>
   </div>
   <div class='ocr_carea' id='block_1_3' title="bbox 319 4163 1446 4333">
    <p class='ocr_par' dir='ltr' id='par_1_3' title="bbox 319 4163 1446 4333">
     <span class='ocr_line' id='line_1_39' title="bbox 319 4163 1446 4254; baseline -0.001 -16"><span class='ocrx_word' id='word_1_331' title='bbox 319 4199 399 4250; x_wconf 84' lang='lat' dir='ltr'><strong><em>quan</em></strong></span> <span class='ocrx_word' id='word_1_332' title='bbox 418 4184 504 4238; x_wconf 82' lang='lat' dir='ltr'><strong><em>exires</em></strong></span> <span class='ocrx_word' id='word_1_333' title='bbox 524 4185 556 4239; x_wconf 86' lang='lat' dir='ltr'><strong><em>de</em></strong></span> <span class='ocrx_word' id='word_1_334' title='bbox 575 4185 671 4249; x_wconf 83' lang='lat' dir='ltr'><strong><em>vulve,</em></strong></span> <span class='ocrx_word' id='word_1_335' title='bbox 691 4185 846 4252; x_wconf 79' lang='lat' dir='ltr'><strong><em>saepissime</em></strong></span> <span class='ocrx_word' id='word_1_336' title='bbox 864 4185 990 4254; x_wconf 83' lang='lat' dir='ltr'><strong><em>legimus,</em></strong></span> <span class='ocrx_word' id='word_1_337' title='bbox 1014 4191 1043 4239; x_wconf 90' lang='lat' dir='ltr'><strong><em>et</em></strong></span> <span class='ocrx_word' id='word_1_338' title='bbox 1061 4186 1204 4241; x_wconf 74' lang='lat' dir='ltr'><strong><em>dicacium</em></strong></span> <span class='ocrx_word' id='word_1_339' title='bbox 1222 4201 1304 4253; x_wconf 87' lang='lat' dir='ltr'><strong><em>quam</em></strong></span> <span class='ocrx_word' id='word_1_340' title='bbox 1320 4193 1350 4238; x_wconf 85' lang='lat' dir='ltr'><strong><em>tu</em></strong></span> <span class='ocrx_word' id='word_1_341' title='bbox 1366 4179 1420 4237; x_wconf 82' lang='lat' dir='ltr'><strong><em>Scri·</em></strong></span> <span class='ocrx_word' id='word_1_342' title='bbox 1445 4163 1446 4166; x_wconf 8' lang='grc' dir='ltr'><strong>Ἴ</strong></span> 
     </span>
     <span class='ocr_line' id='line_1_40' title="bbox 319 4265 1180 4333; baseline 0.001 -16"><span class='ocrx_word' id='word_1_343' title='bbox 319 4270 413 4333; x_wconf 78' lang='lat' dir='ltr'><strong><em>ptores</em></strong></span> <span class='ocrx_word' id='word_1_344' title='bbox 432 4279 523 4318; x_wconf 85' lang='lat' dir='ltr'><strong><em>sscrns</em></strong></span> <span class='ocrx_word' id='word_1_345' title='bbox 541 4273 570 4318; x_wconf 84' lang='lat' dir='ltr'><strong><em>et</em></strong></span> <span class='ocrx_word' id='word_1_346' title='bbox 588 4280 703 4320; x_wconf 84' lang='lat' dir='ltr'><strong><em>canones</em></strong></span> <span class='ocrx_word' id='word_1_347' title='bbox 721 4280 810 4320; x_wconf 82' lang='lat' dir='ltr'><strong><em>sacros</em></strong></span> <span class='ocrx_word' id='word_1_348' title='bbox 829 4265 1036 4320; x_wconf 81' lang='lat' dir='ltr'><strong><em>intelleximus.“</em></strong></span> <span class='ocrx_word' id='word_1_349' title='bbox 1074 4265 1103 4322; x_wconf 84' lang='lat' dir='ltr'><strong><em>O.</em></strong></span> <span class='ocrx_word' id='word_1_350' title='bbox 1122 4265 1180 4320; x_wconf 84' lang='lat' dir='ltr'><strong><em>XV.</em></strong></span> 
     </span>
    </p>
   </div>
   <div class='ocr_carea' id='block_1_4' title="bbox 0 0 1471 4840">
    <p class='ocr_par' dir='ltr' id='par_1_4' title="bbox 0 0 1471 4840">
     <span class='ocr_line' id='line_1_41' title="bbox 0 0 1471 4840; baseline 0 0"><span class='ocrx_word' id='word_1_351' title='bbox 0 0 1471 4840; x_wconf 95' lang='lat' dir='ltr'><strong><em> </em></strong></span> 
     </span>
    </p>
   </div>
  </div>
 </body>
</html>
