<?xml version="1.0" encoding="UTF-8"?>
<!DOCTYPE html PUBLIC "-//W3C//DTD XHTML 1.0 Transitional//EN"
    "http://www.w3.org/TR/xhtml1/DTD/xhtml1-transitional.dtd">
<html xmlns="http://www.w3.org/1999/xhtml" xml:lang="en" lang="en">
 <head>
  <title>
</title>
<meta http-equiv="Content-Type" content="text/html;charset=utf-8" />
  <meta name='ocr-system' content='tesseract 3.04.00' />
  <meta name='ocr-capabilities' content='ocr_page ocr_carea ocr_par ocr_line ocrx_word'/>
</head>
<body>
  <div class='ocr_page' id='page_1' title='image "./dissertationess01junggoog_0700.png"; bbox 0 0 2952 4832; ppageno 0'>
   <div class='ocr_carea' id='block_1_1' title="bbox 303 464 1150 533">
    <p class='ocr_par' dir='ltr' id='par_1_1' title="bbox 303 464 1150 533">
     <span class='ocr_line' id='line_1_1' title="bbox 303 464 1150 533; baseline 0.002 -13"><span class='ocrx_word' id='word_1_1' title='bbox 303 465 342 520; x_wconf 85' lang='lat' dir='ltr'><strong>Do</strong></span> <span class='ocrx_word' id='word_1_2' title='bbox 357 464 609 519; x_wconf 79' lang='lat' dir='ltr'><strong>Proedecessoribus</strong></span> <span class='ocrx_word' id='word_1_3' title='bbox 628 464 652 518; x_wconf 82' lang='lat' dir='ltr'><strong>S.</strong></span> <span class='ocrx_word' id='word_1_4' title='bbox 668 464 794 533; x_wconf 80' lang='lat' dir='ltr'><strong>Gregorii</strong></span> <span class='ocrx_word' id='word_1_5' title='bbox 807 466 870 519; x_wconf 86' lang='lat' dir='ltr'><strong>VII.</strong></span> <span class='ocrx_word' id='word_1_6' title='bbox 1099 471 1150 524; x_wconf 73' lang='lat'><strong>229</strong></span> 
     </span>
    </p>
   </div>
   <div class='ocr_carea' id='block_1_2' title="bbox 48 607 1305 892">
    <p class='ocr_par' dir='ltr' id='par_1_2' title="bbox 48 607 1305 892">
     <span class='ocr_line' id='line_1_2' title="bbox 48 607 1150 694; baseline 0.004 -22"><span class='ocrx_word' id='word_1_7' title='bbox 48 631 208 691; x_wconf 83' lang='lat' dir='ltr'><strong>annorum,</strong></span> <span class='ocrx_word' id='word_1_8' title='bbox 250 610 420 694; x_wconf 88' lang='lat' dir='ltr'><strong>inopinata</strong></span> <span class='ocrx_word' id='word_1_9' title='bbox 457 617 560 672; x_wconf 90' lang='lat' dir='ltr'><strong>morte</strong></span> <span class='ocrx_word' id='word_1_10' title='bbox 594 607 750 694; x_wconf 82' lang='lat' dir='ltr'><strong>abreptus</strong></span> <span class='ocrx_word' id='word_1_11' title='bbox 783 620 831 672; x_wconf 89' lang='lat' dir='ltr'><strong>est</strong></span> <span class='ocrx_word' id='word_1_12' title='bbox 864 610 918 674; x_wconf 91' lang='lat' dir='ltr'><strong>die</strong></span> <span class='ocrx_word' id='word_1_13' title='bbox 946 613 967 674; x_wconf 80' lang='grc' dir='ltr'>ὁ</span> <span class='ocrx_word' id='word_1_14' title='bbox 997 611 1150 678; x_wconf 76' lang='lat' dir='ltr'>Octobris</span> 
     </span>
     <span class='ocr_line' id='line_1_3' title="bbox 50 705 1305 796; baseline 0.005 -27"><span class='ocrx_word' id='word_1_15' title='bbox 50 705 124 770; x_wconf 86' lang='lat' dir='ltr'><strong>illiue</strong></span> <span class='ocrx_word' id='word_1_16' title='bbox 145 709 234 772; x_wconf 83' lang='lat' dir='ltr'><strong>anni.</strong></span> <span class='ocrx_word' id='word_1_17' title='bbox 280 707 433 772; x_wconf 85' lang='lat' dir='ltr'><strong>Morienti</strong></span> <span class='ocrx_word' id='word_1_18' title='bbox 458 706 585 770; x_wconf 81' lang='lat' dir='ltr'><strong>adstitit</strong></span> <span class='ocrx_word' id='word_1_19' title='bbox 608 707 722 771; x_wconf 83' lang='lat' dir='ltr'><strong>Victor</strong></span> <span class='ocrx_word' id='word_1_20' title='bbox 745 707 805 786; x_wconf 78' lang='lat' dir='ltr'><strong>Ill,</strong></span> <span class='ocrx_word' id='word_1_21' title='bbox 840 717 871 770; x_wconf 90' lang='lat' dir='ltr'><strong>et</strong></span> <span class='ocrx_word' id='word_1_22' title='bbox 894 719 1025 794; x_wconf 86' lang='lat' dir='ltr'><strong>petente</strong></span> <span class='ocrx_word' id='word_1_23' title='bbox 1058 723 1149 796; x_wconf 87' lang='lat' dir='ltr'><strong>patre</strong></span> <span class='ocrx_word' id='word_1_24' title='bbox 1177 717 1262 758; x_wconf 72' lang='lat' dir='ltr'><strong>nonna</strong></span> <span class='ocrx_word' id='word_1_25' title='bbox 1276 717 1305 758; x_wconf 83' lang='lat'><strong>¹¹¹</strong></span> 
     </span>
     <span class='ocr_line' id='line_1_4' title="bbox 49 797 1265 892; baseline 0.003 -25"><span class='ocrx_word' id='word_1_26' title='bbox 49 805 109 886; x_wconf 84' lang='lat' dir='ltr'><strong>ejus</strong></span> <span class='ocrx_word' id='word_1_27' title='bbox 136 804 239 870; x_wconf 87' lang='lat' dir='ltr'><strong>lilium</strong></span> <span class='ocrx_word' id='word_1_28' title='bbox 272 805 518 890; x_wconf 83' lang='lat' dir='ltr'><strong>quinquennem</strong></span> <span class='ocrx_word' id='word_1_29' title='bbox 543 803 725 870; x_wconf 89' lang='lat' dir='ltr'><strong>Henricum</strong></span> <span class='ocrx_word' id='word_1_30' title='bbox 749 805 808 887; x_wconf 90' lang='lat' dir='ltr'><strong>IV,</strong></span> <span class='ocrx_word' id='word_1_31' title='bbox 841 806 883 869; x_wconf 87' lang='lat' dir='ltr'><strong>ab</strong></span> <span class='ocrx_word' id='word_1_32' title='bbox 906 806 1107 892; x_wconf 78' lang='lat' dir='ltr'><strong>Imperatore</strong></span> <span class='ocrx_word' id='word_1_33' title='bbox 1132 831 1149 872; x_wconf 90' lang='lat' dir='ltr'><strong>c</strong></span> <span class='ocrx_word' id='word_1_34' title='bbox 1210 797 1265 829; x_wconf 73' lang='lat'><strong>”¹⁰¹⁸</strong></span> 
     </span>
    </p>
   </div>
   <div class='ocr_carea' id='block_1_3' title="bbox 33 903 1302 4320">
    <p class='ocr_par' dir='ltr' id='par_1_3' title="bbox 41 903 1302 2654">
     <span class='ocr_line' id='line_1_5' title="bbox 50 903 1148 988; baseline 0.005 -22"><span class='ocrx_word' id='word_1_35' title='bbox 50 923 203 987; x_wconf 89' lang='lat' dir='ltr'><strong>procerum</strong></span> <span class='ocrx_word' id='word_1_36' title='bbox 228 923 389 968; x_wconf 87' lang='lat' dir='ltr'><strong>consensu</strong></span> <span class='ocrx_word' id='word_1_37' title='bbox 421 904 456 967; x_wconf 90' lang='lat' dir='ltr'><strong>in</strong></span> <span class='ocrx_word' id='word_1_38' title='bbox 479 924 700 966; x_wconf 80' lang='lat' dir='ltr'><strong>successorem</strong></span> <span class='ocrx_word' id='word_1_39' title='bbox 734 903 960 988; x_wconf 84' lang='lat' dir='ltr'><strong>designatum,</strong></span> <span class='ocrx_word' id='word_1_40' title='bbox 998 907 1030 970; x_wconf 88' lang='lat' dir='ltr'><strong>in</strong></span> <span class='ocrx_word' id='word_1_41' title='bbox 1056 928 1148 970; x_wconf 87' lang='lat' dir='ltr'><strong>suam</strong></span> 
     </span>
     <span class='ocr_line' id='line_1_6' title="bbox 49 1000 1150 1088; baseline 0.004 -24"><span class='ocrx_word' id='word_1_42' title='bbox 49 1001 168 1066; x_wconf 86' lang='lat' dir='ltr'><strong>tutelam</strong></span> <span class='ocrx_word' id='word_1_43' title='bbox 192 1003 352 1085; x_wconf 82' lang='lat' dir='ltr'><strong>suscepit3</strong></span> <span class='ocrx_word' id='word_1_44' title='bbox 376 1000 695 1064; x_wconf 80' lang='lat' dir='ltr'><strong>administrationem</strong></span> <span class='ocrx_word' id='word_1_45' title='bbox 720 1022 849 1086; x_wconf 89' lang='lat' dir='ltr'><strong>quoque</strong></span> <span class='ocrx_word' id='word_1_46' title='bbox 874 1001 1008 1088; x_wconf 90' lang='lat' dir='ltr'><strong>Imperii</strong></span> <span class='ocrx_word' id='word_1_47' title='bbox 1033 1005 1064 1066; x_wconf 92' lang='lat' dir='ltr'><strong>ei</strong></span> <span class='ocrx_word' id='word_1_48' title='bbox 1087 1003 1150 1068; x_wconf 83' lang='lat' dir='ltr'><strong>Irn-</strong></span> 
     </span>
     <span class='ocr_line' id='line_1_7' title="bbox 48 1098 1149 1183; baseline 0.002 -21"><span class='ocrx_word' id='word_1_49' title='bbox 48 1109 164 1182; x_wconf 85' lang='lat' dir='ltr'><strong>perator</strong></span> <span class='ocrx_word' id='word_1_50' title='bbox 187 1101 330 1164; x_wconf 85' lang='lat' dir='ltr'><strong>moriens</strong></span> <span class='ocrx_word' id='word_1_51' title='bbox 354 1101 527 1164; x_wconf 89' lang='lat' dir='ltr'><strong>commisit.</strong></span> <span class='ocrx_word' id='word_1_52' title='bbox 560 1098 598 1162; x_wconf 92' lang='lat' dir='ltr'><strong>ln</strong></span> <span class='ocrx_word' id='word_1_53' title='bbox 623 1099 798 1183; x_wconf 88' lang='lat' dir='ltr'><strong>patricium</strong></span> <span class='ocrx_word' id='word_1_54' title='bbox 823 1099 1046 1166; x_wconf 86' lang='lat' dir='ltr'><strong>Romanorum</strong></span> <span class='ocrx_word' id='word_1_55' title='bbox 1070 1111 1149 1166; x_wconf 85' lang='lat' dir='ltr'><strong>tunc</strong></span> 
     </span>
     <span class='ocr_line' id='line_1_8' title="bbox 47 1195 1149 1284; baseline 0.004 -25"><span class='ocrx_word' id='word_1_56' title='bbox 47 1207 160 1260; x_wconf 88' lang='lat' dir='ltr'><strong>creatus</strong></span> <span class='ocrx_word' id='word_1_57' title='bbox 184 1206 234 1262; x_wconf 87' lang='lat' dir='ltr'><strong>est</strong></span> <span class='ocrx_word' id='word_1_58' title='bbox 255 1195 456 1262; x_wconf 83' lang='lat' dir='ltr'><strong>chefridus</strong></span> <span class='ocrx_word' id='word_1_59' title='bbox 477 1195 715 1282; x_wconf 88' lang='lat' dir='ltr'><strong>Letharingiae</strong></span> <span class='ocrx_word' id='word_1_60' title='bbox 739 1196 818 1260; x_wconf 85' lang='lat' dir='ltr'><strong>dux.</strong></span> <span class='ocrx_word' id='word_1_61' title='bbox 865 1197 898 1261; x_wconf 88' lang='lat' dir='ltr'><strong>Is</strong></span> <span class='ocrx_word' id='word_1_62' title='bbox 921 1207 1149 1284; x_wconf 88' lang='lat' dir='ltr'><strong>postmortem</strong></span> 
     </span>
     <span class='ocr_line' id='line_1_9' title="bbox 47 1294 1149 1384; baseline 0.003 -27"><span class='ocrx_word' id='word_1_63' title='bbox 47 1294 188 1359; x_wconf 87' lang='lat' dir='ltr'><strong>Bonifatii</strong></span> <span class='ocrx_word' id='word_1_64' title='bbox 220 1295 315 1358; x_wconf 88' lang='lat' dir='ltr'><strong>ducis</strong></span> <span class='ocrx_word' id='word_1_65' title='bbox 338 1294 490 1358; x_wconf 84' lang='lat' dir='ltr'><strong>Etruriae</strong></span> <span class='ocrx_word' id='word_1_66' title='bbox 521 1295 565 1384; x_wconf 84' lang='lat' dir='ltr'><strong>(a.</strong></span> <span class='ocrx_word' id='word_1_67' title='bbox 591 1295 707 1376; x_wconf 80' lang='lat'><strong>1052),</strong></span> <span class='ocrx_word' id='word_1_68' title='bbox 744 1315 881 1359; x_wconf 88' lang='lat' dir='ltr'><strong>uxorem</strong></span> <span class='ocrx_word' id='word_1_69' title='bbox 915 1296 1055 1360; x_wconf 86' lang='lat' dir='ltr'><strong>duxerat</strong></span> <span class='ocrx_word' id='word_1_70' title='bbox 1079 1298 1149 1382; x_wconf 86' lang='lat' dir='ltr'><strong>ejus</strong></span> 
     </span>
     <span class='ocr_line' id='line_1_10' title="bbox 47 1392 1147 1477; baseline 0.004 -23"><span class='ocrx_word' id='word_1_71' title='bbox 47 1392 168 1456; x_wconf 79' lang='lat' dir='ltr'><strong>viduam</strong></span> <span class='ocrx_word' id='word_1_72' title='bbox 185 1393 381 1476; x_wconf 86' lang='lat' dir='ltr'><strong>Beatricem,</strong></span> <span class='ocrx_word' id='word_1_73' title='bbox 407 1393 459 1456; x_wconf 92' lang='lat' dir='ltr'><strong>cui</strong></span> <span class='ocrx_word' id='word_1_74' title='bbox 485 1393 585 1455; x_wconf 88' lang='lat' dir='ltr'><strong>unica</strong></span> <span class='ocrx_word' id='word_1_75' title='bbox 607 1402 772 1477; x_wconf 85' lang='lat' dir='ltr'><strong>superstes</strong></span> <span class='ocrx_word' id='word_1_76' title='bbox 796 1403 866 1456; x_wconf 85' lang='lat' dir='ltr'><strong>erat</strong></span> <span class='ocrx_word' id='word_1_77' title='bbox 881 1393 950 1456; x_wconf 90' lang='lat' dir='ltr'><strong>lilia</strong></span> <span class='ocrx_word' id='word_1_78' title='bbox 966 1393 1147 1464; x_wconf 80' lang='lat' dir='ltr'><strong>lllatlrildis.</strong></span> 
     </span>
     <span class='ocr_line' id='line_1_11' title="bbox 45 1489 1148 1556; baseline 0.003 -4"><span class='ocrx_word' id='word_1_79' title='bbox 45 1513 119 1554; x_wconf 84' lang='lat' dir='ltr'><strong>anno</strong></span> <span class='ocrx_word' id='word_1_80' title='bbox 151 1491 236 1556; x_wconf 82' lang='lat'>1046</span> <span class='ocrx_word' id='word_1_81' title='bbox 265 1499 354 1554; x_wconf 88' lang='lat' dir='ltr'><strong>nata.</strong></span> <span class='ocrx_word' id='word_1_82' title='bbox 399 1489 565 1554; x_wconf 85' lang='lat' dir='ltr'><strong>Hearicue</strong></span> <span class='ocrx_word' id='word_1_83' title='bbox 598 1489 648 1554; x_wconf 94' lang='grc' dir='ltr'><strong>ΙΙΙ</strong></span> <span class='ocrx_word' id='word_1_84' title='bbox 682 1512 756 1554; x_wconf 91' lang='lat' dir='ltr'><strong>cum</strong></span> <span class='ocrx_word' id='word_1_85' title='bbox 791 1489 971 1556; x_wconf 83' lang='lat' dir='ltr'><strong>Godefrido</strong></span> <span class='ocrx_word' id='word_1_86' title='bbox 1003 1491 1087 1556; x_wconf 91' lang='lat' dir='ltr'><strong>duce</strong></span> <span class='ocrx_word' id='word_1_87' title='bbox 1118 1495 1148 1555; x_wconf 90' lang='lat' dir='ltr'><strong>ei</strong></span> 
     </span>
     <span class='ocr_line' id='line_1_12' title="bbox 46 1587 1147 1674; baseline 0.004 -24"><span class='ocrx_word' id='word_1_88' title='bbox 46 1601 181 1674; x_wconf 83' lang='lat' dir='ltr'><strong>suspecto</strong></span> <span class='ocrx_word' id='word_1_89' title='bbox 197 1587 336 1653; x_wconf 88' lang='lat' dir='ltr'><strong>dissidia</strong></span> <span class='ocrx_word' id='word_1_90' title='bbox 352 1609 473 1672; x_wconf 91' lang='lat' dir='ltr'><strong>magna</strong></span> <span class='ocrx_word' id='word_1_91' title='bbox 492 1587 617 1670; x_wconf 92' lang='lat' dir='ltr'><strong>habuit,</strong></span> <span class='ocrx_word' id='word_1_92' title='bbox 643 1598 675 1651; x_wconf 87' lang='lat' dir='ltr'><strong>et</strong></span> <span class='ocrx_word' id='word_1_93' title='bbox 688 1588 873 1651; x_wconf 89' lang='lat' dir='ltr'><strong>Beatricem</strong></span> <span class='ocrx_word' id='word_1_94' title='bbox 898 1609 938 1652; x_wconf 87' lang='lat' dir='ltr'><strong>ae</strong></span> <span class='ocrx_word' id='word_1_95' title='bbox 953 1588 1147 1654; x_wconf 84' lang='lat' dir='ltr'><strong>Mathildorn</strong></span> 
     </span>
     <span class='ocr_line' id='line_1_13' title="bbox 47 1685 1147 1771; baseline 0.004 -23"><span class='ocrx_word' id='word_1_96' title='bbox 47 1699 74 1749; x_wconf 88' lang='lat' dir='ltr'><strong>ut</strong></span> <span class='ocrx_word' id='word_1_97' title='bbox 88 1686 213 1752; x_wconf 86' lang='lat' dir='ltr'><strong>obsides</strong></span> <span class='ocrx_word' id='word_1_98' title='bbox 237 1687 271 1750; x_wconf 93' lang='lat' dir='ltr'><strong>in</strong></span> <span class='ocrx_word' id='word_1_99' title='bbox 286 1685 500 1750; x_wconf 85' lang='lat' dir='ltr'><strong>Germaniam</strong></span> <span class='ocrx_word' id='word_1_100' title='bbox 524 1685 674 1751; x_wconf 86' lang='lat' dir='ltr'><strong>duxerat.</strong></span> <span class='ocrx_word' id='word_1_101' title='bbox 706 1685 770 1751; x_wconf 86' lang='lat' dir='ltr'><strong>Sed</strong></span> <span class='ocrx_word' id='word_1_102' title='bbox 787 1685 885 1771; x_wconf 89' lang='lat' dir='ltr'><strong>paulo</strong></span> <span class='ocrx_word' id='word_1_103' title='bbox 910 1695 986 1751; x_wconf 88' lang='lat' dir='ltr'><strong>ante</strong></span> <span class='ocrx_word' id='word_1_104' title='bbox 1010 1699 1147 1752; x_wconf 88' lang='lat' dir='ltr'><strong>mortem</strong></span> 
     </span>
     <span class='ocr_line' id='line_1_14' title="bbox 47 1783 1147 1870; baseline 0.004 -24"><span class='ocrx_word' id='word_1_105' title='bbox 47 1785 241 1870; x_wconf 84' lang='lat' dir='ltr'><strong>lrnpcratoris</strong></span> <span class='ocrx_word' id='word_1_106' title='bbox 272 1807 322 1848; x_wconf 87' lang='lat' dir='ltr'><strong>res</strong></span> <span class='ocrx_word' id='word_1_107' title='bbox 346 1786 547 1869; x_wconf 89' lang='lat' dir='ltr'><strong>compositae</strong></span> <span class='ocrx_word' id='word_1_108' title='bbox 571 1794 660 1865; x_wconf 88' lang='lat' dir='ltr'><strong>sunt,</strong></span> <span class='ocrx_word' id='word_1_109' title='bbox 691 1805 795 1869; x_wconf 89' lang='lat' dir='ltr'><strong>eoque</strong></span> <span class='ocrx_word' id='word_1_110' title='bbox 820 1783 975 1849; x_wconf 88' lang='lat' dir='ltr'><strong>defuncto</strong></span> <span class='ocrx_word' id='word_1_111' title='bbox 999 1783 1147 1850; x_wconf 84' lang='lat' dir='ltr'><strong>Godefri-</strong></span> 
     </span>
     <span class='ocr_line' id='line_1_15' title="bbox 45 1881 1148 1968; baseline 0.002 -24"><span class='ocrx_word' id='word_1_112' title='bbox 45 1881 95 1945; x_wconf 89' lang='lat' dir='ltr'><strong>dus</strong></span> <span class='ocrx_word' id='word_1_113' title='bbox 117 1884 274 1968; x_wconf 86' lang='lat' dir='ltr'><strong>patricius</strong></span> <span class='ocrx_word' id='word_1_114' title='bbox 297 1883 519 1946; x_wconf 87' lang='lat' dir='ltr'><strong>Romanorum</strong></span> <span class='ocrx_word' id='word_1_115' title='bbox 552 1891 681 1946; x_wconf 86' lang='lat' dir='ltr'><strong>creatus</strong></span> <span class='ocrx_word' id='word_1_116' title='bbox 705 1894 766 1964; x_wconf 85' lang='lat' dir='ltr'><strong>est,</strong></span> <span class='ocrx_word' id='word_1_117' title='bbox 801 1893 833 1946; x_wconf 93' lang='lat' dir='ltr'><strong>et</strong></span> <span class='ocrx_word' id='word_1_118' title='bbox 857 1885 927 1968; x_wconf 90' lang='lat' dir='ltr'><strong>ipse</strong></span> <span class='ocrx_word' id='word_1_119' title='bbox 950 1905 989 1948; x_wconf 87' lang='lat' dir='ltr'><strong>ac</strong></span> <span class='ocrx_word' id='word_1_120' title='bbox 1013 1885 1148 1948; x_wconf 85' lang='lat' dir='ltr'><strong>Beatrix</strong></span> 
     </span>
     <span class='ocr_line' id='line_1_16' title="bbox 43 1979 1145 2067; baseline 0.001 -24"><span class='ocrx_word' id='word_1_121' title='bbox 43 1981 164 2067; x_wconf 86' lang='lat' dir='ltr'><strong>ejusque</strong></span> <span class='ocrx_word' id='word_1_122' title='bbox 190 1980 258 2045; x_wconf 89' lang='lat' dir='ltr'><strong>filia</strong></span> <span class='ocrx_word' id='word_1_123' title='bbox 280 1981 407 2045; x_wconf 89' lang='lat' dir='ltr'><strong>Victori</strong></span> <span class='ocrx_word' id='word_1_124' title='bbox 431 1981 465 2046; x_wconf 88' lang='grc' dir='ltr'>Π</span> <span class='ocrx_word' id='word_1_125' title='bbox 489 1983 523 2045; x_wconf 89' lang='lat' dir='ltr'><strong>in</strong></span> <span class='ocrx_word' id='word_1_126' title='bbox 547 1979 677 2045; x_wconf 87' lang='lat' dir='ltr'><strong>ltaliam</strong></span> <span class='ocrx_word' id='word_1_127' title='bbox 702 1983 861 2045; x_wconf 87' lang='lat' dir='ltr'><strong>remeanti</strong></span> <span class='ocrx_word' id='word_1_128' title='bbox 885 1984 1022 2046; x_wconf 88' lang='lat' dir='ltr'><strong>comites</strong></span> <span class='ocrx_word' id='word_1_129' title='bbox 1045 1982 1145 2046; x_wconf 86' lang='lat' dir='ltr'><strong>fuere.</strong></span> 
     </span>
     <span class='ocr_line' id='line_1_17' title="bbox 43 2078 1147 2166; baseline 0.004 -26"><span class='ocrx_word' id='word_1_130' title='bbox 43 2078 167 2144; x_wconf 85' lang='lat' dir='ltr'><strong>Romam</strong></span> <span class='ocrx_word' id='word_1_131' title='bbox 200 2078 306 2144; x_wconf 82' lang='lat' dir='ltr'><strong>redux</strong></span> <span class='ocrx_word' id='word_1_132' title='bbox 329 2079 376 2143; x_wconf 92' lang='lat' dir='ltr'><strong>ibi</strong></span> <span class='ocrx_word' id='word_1_133' title='bbox 399 2079 567 2166; x_wconf 88' lang='lat' dir='ltr'><strong>aliquanto</strong></span> <span class='ocrx_word' id='word_1_134' title='bbox 591 2079 747 2144; x_wconf 84' lang='lat' dir='ltr'><strong>Pontifex</strong></span> <span class='ocrx_word' id='word_1_135' title='bbox 772 2081 905 2159; x_wconf 89' lang='lat' dir='ltr'><strong>mansit,</strong></span> <span class='ocrx_word' id='word_1_136' title='bbox 939 2103 978 2144; x_wconf 90' lang='lat' dir='ltr'><strong>ac</strong></span> <span class='ocrx_word' id='word_1_137' title='bbox 1002 2091 1147 2166; x_wconf 87' lang='lat' dir='ltr'><strong>tempore</strong></span> 
     </span>
     <span class='ocr_line' id='line_1_18' title="bbox 42 2176 1147 2263; baseline 0.003 -23"><span class='ocrx_word' id='word_1_138' title='bbox 42 2176 202 2242; x_wconf 85' lang='lat' dir='ltr'><strong>Paschatis</strong></span> <span class='ocrx_word' id='word_1_139' title='bbox 225 2179 259 2242; x_wconf 92' lang='lat' dir='ltr'><strong>in</strong></span> <span class='ocrx_word' id='word_1_140' title='bbox 282 2177 446 2242; x_wconf 87' lang='lat' dir='ltr'><strong>Laterano</strong></span> <span class='ocrx_word' id='word_1_141' title='bbox 470 2199 528 2263; x_wconf 90' lang='lat' dir='ltr'><strong>pro</strong></span> <span class='ocrx_word' id='word_1_142' title='bbox 553 2177 721 2242; x_wconf 82' lang='lat' dir='ltr'><strong>Ecclesiae</strong></span> <span class='ocrx_word' id='word_1_143' title='bbox 747 2179 886 2263; x_wconf 88' lang='lat' dir='ltr'><strong>negotiis</strong></span> <span class='ocrx_word' id='word_1_144' title='bbox 909 2179 1072 2262; x_wconf 89' lang='lat' dir='ltr'><strong>synodum</strong></span> <span class='ocrx_word' id='word_1_145' title='bbox 1098 2201 1147 2242; x_wconf 88' lang='lat' dir='ltr'><strong>ee-</strong></span> 
     </span>
     <span class='ocr_line' id='line_1_19' title="bbox 43 2273 1302 2361; baseline 0.004 -24"><span class='ocrx_word' id='word_1_146' title='bbox 43 2273 182 2340; x_wconf 82' lang='lat' dir='ltr'><strong>lebravit.</strong></span> <span class='ocrx_word' id='word_1_147' title='bbox 215 2275 280 2341; x_wconf 89' lang='lat' dir='ltr'><strong>Sed</strong></span> <span class='ocrx_word' id='word_1_148' title='bbox 297 2299 363 2340; x_wconf 94' lang='lat' dir='ltr'><strong>non</strong></span> <span class='ocrx_word' id='word_1_149' title='bbox 378 2275 436 2340; x_wconf 90' lang='lat' dir='ltr'><strong>diu</strong></span> <span class='ocrx_word' id='word_1_150' title='bbox 451 2285 615 2361; x_wconf 89' lang='lat' dir='ltr'><strong>superstes</strong></span> <span class='ocrx_word' id='word_1_151' title='bbox 638 2275 710 2342; x_wconf 86' lang='lat' dir='ltr'><strong>fuit.</strong></span> <span class='ocrx_word' id='word_1_152' title='bbox 735 2276 893 2360; x_wconf 85' lang='lat' dir='ltr'><strong>Suscepto</strong></span> <span class='ocrx_word' id='word_1_153' title='bbox 919 2279 1006 2340; x_wconf 89' lang='lat' dir='ltr'><strong>eninr</strong></span> <span class='ocrx_word' id='word_1_154' title='bbox 1031 2279 1148 2342; x_wconf 87' lang='lat' dir='ltr'><strong>itinere</strong></span> <span class='ocrx_word' id='word_1_155' title='bbox 1173 2291 1266 2332; x_wconf 73' lang='lat' dir='ltr'><strong>aaron</strong></span> <span class='ocrx_word' id='word_1_156' title='bbox 1282 2290 1302 2331; x_wconf 82' lang='lat'><strong>¹1</strong></span> 
     </span>
     <span class='ocr_line' id='line_1_20' title="bbox 43 2373 1272 2461; baseline 0.006 -28"><span class='ocrx_word' id='word_1_157' title='bbox 43 2373 70 2435; x_wconf 93' lang='lat' dir='ltr'><strong>in</strong></span> <span class='ocrx_word' id='word_1_158' title='bbox 91 2373 268 2458; x_wconf 84' lang='lat' dir='ltr'><strong>Etruriam,</strong></span> <span class='ocrx_word' id='word_1_159' title='bbox 300 2374 427 2438; x_wconf 87' lang='lat' dir='ltr'><strong>viribus</strong></span> <span class='ocrx_word' id='word_1_160' title='bbox 451 2385 484 2438; x_wconf 90' lang='lat' dir='ltr'><strong>et</strong></span> <span class='ocrx_word' id='word_1_161' title='bbox 505 2373 674 2439; x_wconf 88' lang='lat' dir='ltr'><strong>laboribus</strong></span> <span class='ocrx_word' id='word_1_162' title='bbox 698 2373 889 2455; x_wconf 87' lang='lat' dir='ltr'><strong>exhaustus,</strong></span> <span class='ocrx_word' id='word_1_163' title='bbox 918 2377 1072 2461; x_wconf 89' lang='lat' dir='ltr'><strong>quamvis</strong></span> <span class='ocrx_word' id='word_1_164' title='bbox 1096 2399 1146 2440; x_wconf 89' lang='lat' dir='ltr'><strong>ac·</strong></span> <span class='ocrx_word' id='word_1_165' title='bbox 1208 2373 1272 2402; x_wconf 74' lang='lat'><strong>&#39;⁰⁰¹⁸‘</strong></span> 
     </span>
     <span class='ocr_line' id='line_1_21' title="bbox 43 2471 1145 2559; baseline 0.006 -28"><span class='ocrx_word' id='word_1_166' title='bbox 43 2479 97 2533; x_wconf 80' lang='lat' dir='ltr'><strong>tate</strong></span> <span class='ocrx_word' id='word_1_167' title='bbox 120 2495 186 2536; x_wconf 92' lang='lat' dir='ltr'><strong>non</strong></span> <span class='ocrx_word' id='word_1_168' title='bbox 211 2472 348 2537; x_wconf 88' lang='lat' dir='ltr'><strong>multum</strong></span> <span class='ocrx_word' id='word_1_169' title='bbox 374 2483 558 2559; x_wconf 84' lang='lat' dir='ltr'><strong>provectus,</strong></span> <span class='ocrx_word' id='word_1_170' title='bbox 584 2475 618 2536; x_wconf 93' lang='lat' dir='ltr'><strong>in</strong></span> <span class='ocrx_word' id='word_1_171' title='bbox 642 2471 760 2536; x_wconf 88' lang='lat' dir='ltr'><strong>febrim</strong></span> <span class='ocrx_word' id='word_1_172' title='bbox 773 2472 891 2537; x_wconf 88' lang='lat' dir='ltr'><strong>incidit</strong></span> <span class='ocrx_word' id='word_1_173' title='bbox 906 2472 1145 2554; x_wconf 78' lang='lat' dir='ltr'><strong>vehementem,</strong></span> 
     </span>
     <span class='ocr_line' id='line_1_22' title="bbox 41 2569 1059 2654; baseline 0.007 -26"><span class='ocrx_word' id='word_1_174' title='bbox 41 2579 67 2630; x_wconf 90' lang='lat' dir='ltr'><strong>et</strong></span> <span class='ocrx_word' id='word_1_175' title='bbox 88 2570 138 2634; x_wconf 91' lang='lat' dir='ltr'><strong>die</strong></span> <span class='ocrx_word' id='word_1_176' title='bbox 163 2569 225 2634; x_wconf 76' lang='lat'><strong>28⁰</strong></span> <span class='ocrx_word' id='word_1_177' title='bbox 248 2569 330 2636; x_wconf 92' lang='lat' dir='ltr'><strong>Julii</strong></span> <span class='ocrx_word' id='word_1_178' title='bbox 354 2595 384 2636; x_wconf 91' lang='lat' dir='ltr'><strong>a.</strong></span> <span class='ocrx_word' id='word_1_179' title='bbox 411 2571 495 2636; x_wconf 75' lang='lat'>1057</span> <span class='ocrx_word' id='word_1_180' title='bbox 521 2571 667 2635; x_wconf 88' lang='lat' dir='ltr'><strong>animam</strong></span> <span class='ocrx_word' id='word_1_181' title='bbox 691 2571 764 2634; x_wconf 92' lang='lat' dir='ltr'><strong>Deo</strong></span> <span class='ocrx_word' id='word_1_182' title='bbox 788 2570 942 2636; x_wconf 88' lang='lat' dir='ltr'><strong>reddidit.</strong></span> <span class='ocrx_word' id='word_1_183' title='bbox 1057 2651 1059 2654; x_wconf 16' lang='grc' dir='ltr'>Ι</span> 
     </span>
    </p>

    <p class='ocr_par' dir='ltr' id='par_1_4' title="bbox 33 2669 1211 4320">
     <span class='ocr_line' id='line_1_23' title="bbox 121 2669 1146 2750; baseline 0.001 -18"><span class='ocrx_word' id='word_1_184' title='bbox 121 2671 172 2734; x_wconf 78' lang='grc'><strong>14.</strong></span> <span class='ocrx_word' id='word_1_185' title='bbox 221 2669 333 2750; x_wconf 82' lang='lat' dir='ltr'><strong>Quum</strong></span> <span class='ocrx_word' id='word_1_186' title='bbox 363 2671 499 2736; x_wconf 87' lang='lat' dir='ltr'><strong>nuntius</strong></span> <span class='ocrx_word' id='word_1_187' title='bbox 524 2669 564 2733; x_wconf 89' lang='lat' dir='ltr'><strong>dc</strong></span> <span class='ocrx_word' id='word_1_188' title='bbox 588 2679 692 2734; x_wconf 89' lang='lat' dir='ltr'><strong>morte</strong></span> <span class='ocrx_word' id='word_1_189' title='bbox 716 2669 860 2734; x_wconf 85' lang='lat' dir='ltr'><strong>Victoris</strong></span> <span class='ocrx_word' id='word_1_190' title='bbox 885 2671 918 2733; x_wconf 95' lang='lat' dir='ltr'><strong>in</strong></span> <span class='ocrx_word' id='word_1_191' title='bbox 944 2669 1067 2734; x_wconf 86' lang='lat' dir='ltr'><strong>Urbem</strong></span> <span class='ocrx_word' id='word_1_192' title='bbox 1093 2692 1146 2733; x_wconf 89' lang='lat' dir='ltr'><strong>ve·</strong></span> 
     </span>
     <span class='ocr_line' id='line_1_24' title="bbox 40 2765 1145 2853; baseline 0.004 -27"><span class='ocrx_word' id='word_1_193' title='bbox 40 2765 128 2848; x_wconf 89' lang='lat' dir='ltr'><strong>niret,</strong></span> <span class='ocrx_word' id='word_1_194' title='bbox 164 2767 290 2831; x_wconf 89' lang='lat' dir='ltr'><strong>ibidem</strong></span> <span class='ocrx_word' id='word_1_195' title='bbox 323 2767 464 2852; x_wconf 87' lang='lat' dir='ltr'><strong>degebat</strong></span> <span class='ocrx_word' id='word_1_196' title='bbox 493 2766 683 2831; x_wconf 84' lang='lat' dir='ltr'><strong>Fridericus</strong></span> <span class='ocrx_word' id='word_1_197' title='bbox 714 2767 937 2853; x_wconf 84' lang='lat' dir='ltr'><strong>Lotlraringus</strong></span> <span class='ocrx_word' id='word_1_198' title='bbox 972 2766 1145 2832; x_wconf 83' lang='lat' dir='ltr'><strong>Godefridi</strong></span> 
     </span>
     <span class='ocr_line' id='line_1_25' title="bbox 40 2861 1145 2952; baseline 0.005 -28"><span class='ocrx_word' id='word_1_199' title='bbox 40 2861 123 2927; x_wconf 92' lang='lat' dir='ltr'><strong>ducis</strong></span> <span class='ocrx_word' id='word_1_200' title='bbox 146 2867 258 2948; x_wconf 85' lang='lat' dir='ltr'><strong>frater,</strong></span> <span class='ocrx_word' id='word_1_201' title='bbox 282 2867 338 2952; x_wconf 92' lang='lat' dir='ltr'><strong>qui</strong></span> <span class='ocrx_word' id='word_1_202' title='bbox 356 2865 429 2952; x_wconf 88' lang='lat' dir='ltr'><strong>jam</strong></span> <span class='ocrx_word' id='word_1_203' title='bbox 453 2863 514 2930; x_wconf 91' lang='lat' dir='ltr'><strong>sub</strong></span> <span class='ocrx_word' id='word_1_204' title='bbox 538 2867 646 2930; x_wconf 88' lang='lat' dir='ltr'><strong>Leone</strong></span> <span class='ocrx_word' id='word_1_205' title='bbox 661 2865 712 2930; x_wconf 88' lang='lat' dir='ltr'><strong>IX</strong></span> <span class='ocrx_word' id='word_1_206' title='bbox 737 2865 953 2931; x_wconf 86' lang='lat' dir='ltr'><strong>cancellarius</strong></span> <span class='ocrx_word' id='word_1_207' title='bbox 976 2865 1145 2930; x_wconf 81' lang='lat' dir='ltr'><strong>Ecclesiae</strong></span> 
     </span>
     <span class='ocr_line' id='line_1_26' title="bbox 39 2957 1145 3049; baseline 0.005 -27"><span class='ocrx_word' id='word_1_208' title='bbox 39 2957 197 3027; x_wconf 88' lang='lat' dir='ltr'><strong>Romanae</strong></span> <span class='ocrx_word' id='word_1_209' title='bbox 229 2974 262 3027; x_wconf 88' lang='lat' dir='ltr'><strong>ct</strong></span> <span class='ocrx_word' id='word_1_210' title='bbox 292 2963 478 3028; x_wconf 84' lang='lat' dir='ltr'><strong>Cardinalis</strong></span> <span class='ocrx_word' id='word_1_211' title='bbox 510 2961 670 3027; x_wconf 87' lang='lat' dir='ltr'><strong>diaconus</strong></span> <span class='ocrx_word' id='word_1_212' title='bbox 703 2974 849 3049; x_wconf 86' lang='lat' dir='ltr'><strong>creatus,</strong></span> <span class='ocrx_word' id='word_1_213' title='bbox 884 2975 915 3028; x_wconf 92' lang='lat' dir='ltr'><strong>et</strong></span> <span class='ocrx_word' id='word_1_214' title='bbox 947 2964 1044 3028; x_wconf 90' lang='lat' dir='ltr'><strong>simul</strong></span> <span class='ocrx_word' id='word_1_215' title='bbox 1069 2985 1145 3028; x_wconf 86' lang='lat' dir='ltr'><strong>curn</strong></span> 
     </span>
     <span class='ocr_line' id='line_1_27' title="bbox 38 3056 1145 3148; baseline 0.004 -28"><span class='ocrx_word' id='word_1_216' title='bbox 38 3056 214 3126; x_wconf 89' lang='lat' dir='ltr'><strong>Humberto</strong></span> <span class='ocrx_word' id='word_1_217' title='bbox 250 3060 418 3127; x_wconf 79' lang='lat' dir='ltr'><strong>Cardinali</strong></span> <span class='ocrx_word' id='word_1_218' title='bbox 454 3061 616 3146; x_wconf 86' lang='lat' dir='ltr'><strong>legatione</strong></span> <span class='ocrx_word' id='word_1_219' title='bbox 656 3061 974 3148; x_wconf 77' lang='lat' dir='ltr'><strong>Constantinopolim</strong></span> <span class='ocrx_word' id='word_1_220' title='bbox 1012 3060 1145 3125; x_wconf 88' lang='lat' dir='ltr'><strong>functus</strong></span> 
     </span>
     <span class='ocr_line' id='line_1_28' title="bbox 37 3155 1144 3246; baseline 0.006 -30"><span class='ocrx_word' id='word_1_221' title='bbox 37 3155 143 3224; x_wconf 87' lang='lat' dir='ltr'><strong>fuerat.</strong></span> <span class='ocrx_word' id='word_1_222' title='bbox 192 3157 476 3245; x_wconf 82' lang='lat' dir='ltr'><strong>Constantinopoli</strong></span> <span class='ocrx_word' id='word_1_223' title='bbox 505 3181 669 3240; x_wconf 87' lang='lat' dir='ltr'><strong>reversus,</strong></span> <span class='ocrx_word' id='word_1_224' title='bbox 702 3182 803 3246; x_wconf 90' lang='lat' dir='ltr'><strong>quum</strong></span> <span class='ocrx_word' id='word_1_225' title='bbox 828 3183 862 3223; x_wconf 89' lang='lat' dir='ltr'><strong>se</strong></span> <span class='ocrx_word' id='word_1_226' title='bbox 885 3169 1073 3246; x_wconf 87' lang='lat' dir='ltr'><strong>suspectum</strong></span> <span class='ocrx_word' id='word_1_227' title='bbox 1098 3163 1144 3223; x_wconf 80' lang='lat' dir='ltr'><strong>ui·</strong></span> 
     </span>
     <span class='ocr_line' id='line_1_29' title="bbox 36 3253 1143 3345; baseline 0.006 -29"><span class='ocrx_word' id='word_1_228' title='bbox 36 3253 119 3319; x_wconf 90' lang='lat' dir='ltr'><strong>deret</strong></span> <span class='ocrx_word' id='word_1_229' title='bbox 140 3258 337 3344; x_wconf 87' lang='lat' dir='ltr'><strong>Imperatori</strong></span> <span class='ocrx_word' id='word_1_230' title='bbox 360 3260 496 3345; x_wconf 87' lang='lat' dir='ltr'><strong>ejusque</strong></span> <span class='ocrx_word' id='word_1_231' title='bbox 519 3259 649 3321; x_wconf 85' lang='lat' dir='ltr'><strong>timeret</strong></span> <span class='ocrx_word' id='word_1_232' title='bbox 671 3259 942 3343; x_wconf 83' lang='lat' dir='ltr'><strong>persecutionem,</strong></span> <span class='ocrx_word' id='word_1_233' title='bbox 977 3260 1012 3322; x_wconf 91' lang='lat' dir='ltr'><strong>in</strong></span> <span class='ocrx_word' id='word_1_234' title='bbox 1035 3278 1143 3323; x_wconf 89' lang='lat' dir='ltr'><strong>mona-</strong></span> 
     </span>
     <span class='ocr_line' id='line_1_30' title="bbox 35 3355 1142 3441; baseline 0.005 -27"><span class='ocrx_word' id='word_1_235' title='bbox 35 3357 124 3418; x_wconf 86' lang='lat' dir='ltr'><strong>sterio</strong></span> <span class='ocrx_word' id='word_1_236' title='bbox 150 3355 338 3420; x_wconf 87' lang='lat' dir='ltr'><strong>Cassincnsi</strong></span> <span class='ocrx_word' id='word_1_237' title='bbox 364 3355 519 3440; x_wconf 82' lang='lat' dir='ltr'><strong>monachi</strong></span> <span class='ocrx_word' id='word_1_238' title='bbox 541 3355 692 3420; x_wconf 81' lang='lat' dir='ltr'><strong>habiturn</strong></span> <span class='ocrx_word' id='word_1_239' title='bbox 717 3357 870 3441; x_wconf 80' lang='lat' dir='ltr'><strong>suscepit,</strong></span> <span class='ocrx_word' id='word_1_240' title='bbox 895 3366 927 3419; x_wconf 92' lang='lat' dir='ltr'><strong>et</strong></span> <span class='ocrx_word' id='word_1_241' title='bbox 949 3378 1036 3420; x_wconf 86' lang='lat' dir='ltr'><strong>anno</strong></span> <span class='ocrx_word' id='word_1_242' title='bbox 1059 3357 1142 3422; x_wconf 64' lang='lat'>105?</span> 
     </span>
     <span class='ocr_line' id='line_1_31' title="bbox 35 3449 1143 3519; baseline 0.005 -6"><span class='ocrx_word' id='word_1_243' title='bbox 35 3449 129 3516; x_wconf 84' lang='lat' dir='ltr'><strong>abbae</strong></span> <span class='ocrx_word' id='word_1_244' title='bbox 153 3453 243 3518; x_wconf 90' lang='lat' dir='ltr'><strong>illius</strong></span> <span class='ocrx_word' id='word_1_245' title='bbox 267 3455 454 3519; x_wconf 87' lang='lat' dir='ltr'><strong>monasterii</strong></span> <span class='ocrx_word' id='word_1_246' title='bbox 480 3464 608 3518; x_wconf 88' lang='lat' dir='ltr'><strong>creatus</strong></span> <span class='ocrx_word' id='word_1_247' title='bbox 632 3463 691 3518; x_wconf 89' lang='lat' dir='ltr'><strong>est.</strong></span> <span class='ocrx_word' id='word_1_248' title='bbox 738 3454 825 3517; x_wconf 92' lang='lat' dir='ltr'><strong>Dein</strong></span> <span class='ocrx_word' id='word_1_249' title='bbox 849 3477 869 3517; x_wconf 88' lang='lat' dir='ltr'><strong>a</strong></span> <span class='ocrx_word' id='word_1_250' title='bbox 893 3454 1027 3518; x_wconf 90' lang='lat' dir='ltr'><strong>Victore</strong></span> <span class='ocrx_word' id='word_1_251' title='bbox 1050 3453 1085 3518; x_wconf 90' lang='grc' dir='ltr'><strong>ΙΙ</strong></span> <span class='ocrx_word' id='word_1_252' title='bbox 1109 3457 1143 3519; x_wconf 91' lang='lat' dir='ltr'><strong>in</strong></span> 
     </span>
     <span class='ocr_line' id='line_1_32' title="bbox 33 3548 1142 3637; baseline 0.005 -27"><span class='ocrx_word' id='word_1_253' title='bbox 33 3548 148 3616; x_wconf 88' lang='lat' dir='ltr'><strong>Tuscia</strong></span> <span class='ocrx_word' id='word_1_254' title='bbox 179 3552 348 3616; x_wconf 88' lang='lat' dir='ltr'><strong>ordinatus</strong></span> <span class='ocrx_word' id='word_1_255' title='bbox 379 3563 427 3616; x_wconf 88' lang='lat' dir='ltr'><strong>est</strong></span> <span class='ocrx_word' id='word_1_256' title='bbox 456 3552 628 3637; x_wconf 83' lang='lat' dir='ltr'><strong>presbyter</strong></span> <span class='ocrx_word' id='word_1_257' title='bbox 657 3550 842 3616; x_wconf 83' lang='lat' dir='ltr'><strong>Cardinalis</strong></span> <span class='ocrx_word' id='word_1_258' title='bbox 875 3575 899 3615; x_wconf 87' lang='lat' dir='ltr'><strong>s.</strong></span> <span class='ocrx_word' id='word_1_259' title='bbox 925 3550 1142 3636; x_wconf 82' lang='lat' dir='ltr'><strong>Chrysogoni,</strong></span> 
     </span>
     <span class='ocr_line' id='line_1_33' title="bbox 33 3648 1143 3737; baseline 0.001 -26"><span class='ocrx_word' id='word_1_260' title='bbox 33 3668 193 3737; x_wconf 89' lang='lat' dir='ltr'><strong>quumque</strong></span> <span class='ocrx_word' id='word_1_261' title='bbox 217 3649 260 3714; x_wconf 89' lang='lat' dir='ltr'><strong>ab</strong></span> <span class='ocrx_word' id='word_1_262' title='bbox 284 3671 322 3714; x_wconf 91' lang='lat' dir='ltr'><strong>ec</strong></span> <span class='ocrx_word' id='word_1_263' title='bbox 336 3649 474 3714; x_wconf 89' lang='lat' dir='ltr'><strong>Romam</strong></span> <span class='ocrx_word' id='word_1_264' title='bbox 498 3671 650 3714; x_wconf 85' lang='lat' dir='ltr'><strong>reversus</strong></span> <span class='ocrx_word' id='word_1_265' title='bbox 664 3659 750 3714; x_wconf 88' lang='lat' dir='ltr'><strong>esset</strong></span> <span class='ocrx_word' id='word_1_266' title='bbox 772 3659 804 3712; x_wconf 88' lang='lat' dir='ltr'><strong>et</strong></span> <span class='ocrx_word' id='word_1_267' title='bbox 821 3648 978 3713; x_wconf 87' lang='lat' dir='ltr'><strong>ecclesiae</strong></span> <span class='ocrx_word' id='word_1_268' title='bbox 1002 3649 1143 3713; x_wconf 87' lang='lat' dir='ltr'><strong>titularis</strong></span> 
     </span>
     <span class='ocr_line' id='line_1_34' title="bbox 34 3745 1140 3834; baseline 0.002 -26"><span class='ocrx_word' id='word_1_269' title='bbox 34 3751 263 3828; x_wconf 85' lang='lat' dir='ltr'><strong>possessionem</strong></span> <span class='ocrx_word' id='word_1_270' title='bbox 288 3750 435 3834; x_wconf 85' lang='lat' dir='ltr'><strong>cepisset,</strong></span> <span class='ocrx_word' id='word_1_271' title='bbox 467 3749 656 3812; x_wconf 86' lang='lat' dir='ltr'><strong>nuntiatum</strong></span> <span class='ocrx_word' id='word_1_272' title='bbox 680 3757 738 3824; x_wconf 86' lang='lat' dir='ltr'><strong>est,</strong></span> <span class='ocrx_word' id='word_1_273' title='bbox 762 3747 932 3810; x_wconf 87' lang='lat' dir='ltr'><strong>Victorem</strong></span> <span class='ocrx_word' id='word_1_274' title='bbox 955 3747 989 3810; x_wconf 91' lang='lat' dir='ltr'><strong>II</strong></span> <span class='ocrx_word' id='word_1_275' title='bbox 1012 3745 1140 3810; x_wconf 88' lang='lat' dir='ltr'><strong>obiisse.</strong></span> 
     </span>
     <span class='ocr_line' id='line_1_35' title="bbox 34 3841 1142 3928; baseline 0.002 -23"><span class='ocrx_word' id='word_1_276' title='bbox 34 3841 200 3928; x_wconf 84' lang='lat' dir='ltr'><strong>Ejusmodi</strong></span> <span class='ocrx_word' id='word_1_277' title='bbox 224 3856 345 3910; x_wconf 87' lang='lat' dir='ltr'><strong>eventu</strong></span> <span class='ocrx_word' id='word_1_278' title='bbox 368 3845 502 3910; x_wconf 87' lang='lat' dir='ltr'><strong>libertas</strong></span> <span class='ocrx_word' id='word_1_279' title='bbox 525 3843 695 3910; x_wconf 89' lang='lat' dir='ltr'><strong>electionis</strong></span> <span class='ocrx_word' id='word_1_280' title='bbox 709 3867 825 3909; x_wconf 86' lang='lat' dir='ltr'><strong>revera</strong></span> <span class='ocrx_word' id='word_1_281' title='bbox 844 3847 959 3908; x_wconf 88' lang='lat' dir='ltr'><strong>iterum</strong></span> <span class='ocrx_word' id='word_1_282' title='bbox 976 3845 1010 3908; x_wconf 88' lang='lat' dir='ltr'><strong>in</strong></span> <span class='ocrx_word' id='word_1_283' title='bbox 1025 3866 1142 3910; x_wconf 87' lang='lat' dir='ltr'><strong>manus</strong></span> 
     </span>
     <span class='ocr_line' id='line_1_36' title="bbox 33 3939 1141 4030; baseline 0.004 -28"><span class='ocrx_word' id='word_1_284' title='bbox 33 3939 249 4007; x_wconf 80' lang='lat' dir='ltr'><strong>Romanorum</strong></span> <span class='ocrx_word' id='word_1_285' title='bbox 280 3945 447 4030; x_wconf 79' lang='lat' dir='ltr'><strong>pervenit3</strong></span> <span class='ocrx_word' id='word_1_286' title='bbox 481 3943 603 4007; x_wconf 88' lang='lat' dir='ltr'><strong>etenim</strong></span> <span class='ocrx_word' id='word_1_287' title='bbox 634 3944 668 4007; x_wconf 92' lang='lat' dir='ltr'><strong>in</strong></span> <span class='ocrx_word' id='word_1_288' title='bbox 700 3943 864 4026; x_wconf 81' lang='lat' dir='ltr'><strong>Agnetem</strong></span> <span class='ocrx_word' id='word_1_289' title='bbox 895 3942 1141 4027; x_wconf 87' lang='lat' dir='ltr'><strong>Imperatricern</strong></span> 
     </span>
     <span class='ocr_line' id='line_1_37' title="bbox 34 4039 1141 4128; baseline 0.002 -28"><span class='ocrx_word' id='word_1_290' title='bbox 34 4039 164 4105; x_wconf 84' lang='lat' dir='ltr'><strong>viduam</strong></span> <span class='ocrx_word' id='word_1_291' title='bbox 175 4062 241 4106; x_wconf 92' lang='lat' dir='ltr'><strong>non</strong></span> <span class='ocrx_word' id='word_1_292' title='bbox 255 4043 463 4124; x_wconf 85' lang='lat' dir='ltr'><strong>transierunt,</strong></span> <span class='ocrx_word' id='word_1_293' title='bbox 476 4042 599 4128; x_wconf 85' lang='lat' dir='ltr'><strong>siquae</strong></span> <span class='ocrx_word' id='word_1_294' title='bbox 615 4051 717 4122; x_wconf 89' lang='lat' dir='ltr'><strong>erant,</strong></span> <span class='ocrx_word' id='word_1_295' title='bbox 733 4040 909 4126; x_wconf 86' lang='lat' dir='ltr'><strong>privilegia</strong></span> <span class='ocrx_word' id='word_1_296' title='bbox 926 4039 1063 4104; x_wconf 89' lang='lat' dir='ltr'><strong>Henrici</strong></span> <span class='ocrx_word' id='word_1_297' title='bbox 1080 4039 1141 4119; x_wconf 87' lang='grc' dir='ltr'>ΙΙΙ,</span> 
     </span>
     <span class='ocr_line' id='line_1_38' title="bbox 34 4135 1211 4224; baseline -0.002 -23"><span class='ocrx_word' id='word_1_298' title='bbox 34 4141 185 4220; x_wconf 85' lang='lat' dir='ltr'><strong>patricius</strong></span> <span class='ocrx_word' id='word_1_299' title='bbox 215 4149 325 4204; x_wconf 89' lang='lat' dir='ltr'><strong>autem</strong></span> <span class='ocrx_word' id='word_1_300' title='bbox 349 4141 572 4204; x_wconf 88' lang='lat' dir='ltr'><strong>Romanorum</strong></span> <span class='ocrx_word' id='word_1_301' title='bbox 599 4139 671 4224; x_wconf 88' lang='lat' dir='ltr'><strong>jam</strong></span> <span class='ocrx_word' id='word_1_302' title='bbox 702 4149 772 4204; x_wconf 87' lang='lat' dir='ltr'><strong>erat</strong></span> <span class='ocrx_word' id='word_1_303' title='bbox 799 4137 999 4204; x_wconf 82' lang='lat' dir='ltr'><strong>Godefridus</strong></span> <span class='ocrx_word' id='word_1_304' title='bbox 1023 4137 1142 4202; x_wconf 87' lang='lat' dir='ltr'><strong>Lotlrn·</strong></span> <span class='ocrx_word' id='word_1_305' title='bbox 1207 4135 1211 4144; x_wconf 83' lang='grc'><em>“</em></span> 
     </span>
     <span class='ocr_line' id='line_1_39' title="bbox 33 4234 1142 4320; baseline 0.001 -24"><span class='ocrx_word' id='word_1_306' title='bbox 33 4236 152 4320; x_wconf 88' lang='lat' dir='ltr'><strong>ringiae</strong></span> <span class='ocrx_word' id='word_1_307' title='bbox 186 4237 264 4302; x_wconf 87' lang='lat' dir='ltr'><strong>dux.</strong></span> <span class='ocrx_word' id='word_1_308' title='bbox 313 4237 424 4319; x_wconf 79' lang='lat' dir='ltr'><strong>Quum</strong></span> <span class='ocrx_word' id='word_1_309' title='bbox 454 4237 593 4300; x_wconf 87' lang='lat' dir='ltr'><strong>Romani</strong></span> <span class='ocrx_word' id='word_1_310' title='bbox 619 4236 824 4300; x_wconf 85' lang='lat' dir='ltr'><strong>Fridericurn</strong></span> <span class='ocrx_word' id='word_1_311' title='bbox 856 4234 1066 4299; x_wconf 83' lang='lat' dir='ltr'><strong>Cardinalern</strong></span> <span class='ocrx_word' id='word_1_312' title='bbox 1100 4235 1142 4297; x_wconf 89' lang='lat' dir='ltr'><strong>dc</strong></span> 
     </span>
    </p>
   </div>
   <div class='ocr_carea' id='block_1_4' title="bbox 0 0 1480 4832">
    <p class='ocr_par' dir='ltr' id='par_1_5' title="bbox 0 0 1480 4832">
     <span class='ocr_line' id='line_1_40' title="bbox 0 0 1480 4832; baseline 0 6"><span class='ocrx_word' id='word_1_313' title='bbox 0 0 1480 4832; x_wconf 95' lang='lat' dir='ltr'><strong> </strong></span> 
     </span>
    </p>
   </div>
  </div>
 </body>
</html>
