2932 4836
300 471 353 526 338
614 470 706 527 XVII.
742 471 783 528 De
800 471 943 528 schismate
962 473 1105 528 Photiano.

300 615 416 681 stolica
442 615 514 704 jam
544 625 736 698 agnosceret
767 637 879 680 eorum
905 617 1172 702 jurisdictionem
1205 619 1239 682 in
1264 618 1414 684 Siciliam.
1453 651 1454 654 ¹

300 712 494 778 Curandum
525 713 663 798 proinde
695 724 765 780 erat
787 715 946 780 Romanis
968 713 1204 795 Pontificibus,
1235 718 1332 780 utin
1360 717 1414 782 bac

299 833 401 876 causa
425 811 648 876 examinanda
672 821 705 876 et
728 811 915 878 dirimenda
938 834 1032 876 suam
1054 813 1266 878 vindicarent
1285 818 1414 880 auctori·
1453 819 1454 824 ’

299 917 411 974 tatem.
450 907 651 972 Benedictus
666 908 719 974 III
743 932 772 974 a.
789 909 853 974 856
869 907 1067 994 Gregorium
1092 919 1219 976 tantum
1242 911 1415 976 declaravit

299 1027 513 1091 suspensum,
544 1007 625 1091 quin
656 1007 726 1091 ejus
758 1005 967 1071 confirmaret
998 1007 1254 1094 depositionem,
1289 1009 1330 1075 de
1359 1033 1415 1096 qua

300 1105 483 1168 reservavit
506 1125 645 1168 examen
670 1103 818 1168 ulterius.
858 1103 924 1170 Sed
948 1104 1028 1168 dum
1052 1127 1152 1170 eausa
1171 1107 1417 1192 protrahebatur

300 1200 481 1286 Gregorius
504 1200 641 1287 ejusque
655 1200 801 1267 asseclae
815 1202 976 1267 audacius
993 1205 1231 1288 impugnarunt
1245 1205 1415 1290 Ignatium,
1453 1215 1454 1294 ,

300 1321 399 1386 quem
433 1321 474 1362 ex
505 1299 582 1364 sede
616 1298 737 1384 pellere
773 1299 974 1367 nitebantur.
1022 1301 1133 1366 Etiam
1165 1313 1343 1388 postquam
1373 1327 1416 1366 su·
1453 1303 1454 1314 ’

300 1399 431 1483 speusio
452 1396 611 1480 Gregorio
636 1399 790 1479 innotuit,
814 1400 884 1483 ipse
908 1421 975 1464 non
991 1401 1132 1463 cessavit
1148 1401 1344 1466 muneribus
1358 1403 1415 1486 epi-

300 1493 489 1580 scopalibus
512 1493 606 1578 fungi
630 1505 663 1558 et
679 1517 871 1580 oppugnare
885 1495 1064 1578 Ignatium.
1103 1497 1202 1562 Anno
1220 1499 1287 1564 856
1312 1512 1415 1562 couuu

300 1590 539 1656 tumultuantes
563 1592 790 1658 schismaticos
820 1616 840 1656 a
863 1592 1038 1659 Theodora
1060 1594 1276 1681 Imperatrice
1308 1618 1416 1662 convo-

302 1700 375 1754 cata
399 1701 447 1754 est
478 1689 624 1775 synodus
648 1692 894 1776 episcoporum,
927 1693 1011 1754 inter
1036 1714 1117 1778 quos
1147 1693 1214 1758 non
1238 1705 1309 1758 erat
1332 1694 1416 1779 lgna·

300 1791 383 1870 tius,
415 1788 606 1874 ibidemque
630 1789 807 1854 anathema
837 1789 872 1852 in
895 1789 1048 1854 factiosos
1077 1789 1152 1854 illos
1175 1793 1416 1876 pronuntiatum

301 1896 359 1950 est.
407 1885 581 1952 Theodora
612 1888 746 1952 nomine
778 1908 836 1950 suo
867 1909 906 1950 ac
937 1886 996 1950 filii
1021 1887 1195 1952 Michaelis
1217 1889 1270 1954 III
1302 1887 1417 1952 litteras

301 1984 434 2070 scripsit
456 1983 500 2048 ad
522 1983 741 2048 Benedictum
765 1983 828 2064 III,
852 1986 1041 2071 pariterque
1064 1985 1225 2070 Ignatius,
1250 1988 1415 2050 miserunt·

301 2085 365 2168 qu'e
397 2081 553 2164 Romam,
590 2091 720 2146 utens
746 2065 902 2147 ‘deferret
938 2084 1173 2170 negotiumque
1205 2095 1416 2170 promoveret.

301 2179 466 2244 Lazarum
490 2179 699 2244 monachum.
738 2176 804 2243 Sed
828 2189 1006 2266 antequam
1031 2182 1058 2244 is
1081 2180 1282 2262 advenisset,
1307 2205 1337 2246 a.
1360 2182 1415 2246 851

302 2277 447 2342 conditio
477 2299 589 2342 rerum
614 2273 900 2363 Constantinopoli
923 2278 1098 2342 immutata
1130 2279 1202 2344 fuit.
1250 2279 1416 2344 Theodora

302 2374 459 2440 uidelicet
481 2373 625 2461 Imperio
656 2375 787 2460 privata
816 2383 880 2458 est,
912 2397 951 2438 ac
976 2376 1036 2440 sub
1067 2375 1134 2440 filio
1167 2376 1238 2463 ejus
1262 2375 1416 2442 Michaele

302 2495 380 2536 ruox
403 2472 502 2538 factio
527 2471 738 2538 schismatica
762 2472 957 2558 praevaluit.

391 2571 445 2635 26.
478 2570 653 2636 Theodora
685 2569 883 2656 Imperium,
918 2569 1079 2656 quamdiu
1110 2570 1255 2636 Michael
1290 2571 1416 2658 puerilis

303 2677 373 2732 erat
396 2669 522 2750 aetatis,
547 2667 727 2754 prudenter
745 2668 1006 2748 administravit,
1031 2667 1088 2732 sed
1108 2679 1286 2756 tempestas
1302 2671 1416 2754 grauis,

303 2789 406 2852 quum
422 2765 566 2830 Michael
590 2765 802 2846 adolesceret,
827 2767 972 2830 excitata
995 2776 1044 2830 est
1067 2769 1246 2853 praecipue
1270 2789 1331 2852 per
1348 2768 1417 2830 Bur·

303 2863 380 2928 dam
396 2864 621 2948 Imperetricis
644 2863 789 2927 fratrem.
834 2862 961 2927 Bardas
984 2863 1210 2950 voluptatibus
1226 2864 1415 2928 Michaelem

132 2961 459 3046 Therae-corrupit,
484 2971 517 3026 et
540 2983 642 3048 quum
657 2959 839 3025 ambitione
861 2959 979 3048 plenus
1003 2972 1097 3045 esset,
1123 2964 1156 3026 in
1177 2973 1317 3026 matrem
1334 2962 1416 3026 illum

139 3023 283 3126 wilsiii(k
303 3061 481 3143 excitavit,
513 3081 576 3145 quo
600 3056 732 3122 facilius
757 3060 867 3122 omnia
891 3057 932 3124 ab
957 3061 1028 3145 ipso
1053 3059 1164 3124 Barda
1187 3062 1257 3144 regi
1282 3069 1416 3146 possent.

302 3157 421 3222 Pravis
445 3156 571 3222 artibus
596 3158 696 3242 igitur
718 3179 805 3221 auno
830 3157 893 3222 sot
924 3156 966 3220 ab
989 3156 1193 3242 Imperatore
1215 3155 1416 3222 adolescente
1453 3111 1454 3194 l

302 3254 456 3336 obtinuit,
483 3265 519 3318 ut
541 3253 717 3320 Theodora
740 3254 893 3338 Augusta
916 3255 958 3319 ab
983 3256 1059 3320 aula
1083 3267 1115 3320 et
1137 3257 1301 3340 regimine
1325 3273 1415 3320 remo-

302 3367 451 3434 veretur,
483 3355 572 3417 etin
596 3355 831 3417 monasterium
856 3375 931 3416 oum
962 3353 1094 3419 filiabus
1123 3356 1191 3418 suis
1213 3353 1416 3438 relegaretur.

302 3450 366 3515 sibi
391 3472 468 3514 vero
494 3451 682 3516 crederetur
702 3472 830 3514 summa
854 3473 963 3516 rerum
986 3451 1204 3536 publicarum,
1229 3453 1274 3516 ita
1291 3450 1414 3538 quidem

302 3559 340 3614 ut
363 3549 434 3633 ejus
458 3548 593 3612 arbitrio
619 3550 730 3612 omnia
754 3549 795 3611 ab
822 3571 859 3612 eo
884 3561 1029 3633 tempore
1052 3561 1254 3632 gererentur.
1299 3547 1415 3614 Bardas

302 3657 414 3712 atatem
438 3649 582 3710 maxime
606 3646 721 3710 oderat
744 3646 921 3730 Ignatium,
947 3647 1034 3733 quod
1059 3658 1193 3712 structus
1216 3647 1271 3711 ille
1297 3641 1414 3734 praesul

304 3767 379 3808 eum
404 3745 445 3809 ob
470 3744 614 3830 perditos
641 3765 746 3808 mores
769 3743 1049 3829 reprehendisset,
1080 3745 1269 3810 attendam
1294 3753 1417 3832 propter

303 3844 525 3908 incestuosam
558 3841 792 3928 publicamque
826 3865 901 3908 cum
926 3864 1011 3906 nuru
1037 3865 1095 3906 sua
1128 3843 1231 3908 vidua
1255 3853 1413 3908 consuetu·

305 3940 435 4020 dinem,
472 3943 500 4003 ei
536 3963 661 4005 sacram
687 3942 953 4004 communionem
988 3943 1021 4004 in
1055 3941 1137 4005 festo
1161 3941 1365 4028 Epiphaniae
1385 3961 1412 4002 a.

305 4039 368 4102 857
394 4051 554 4122 negasset.
593 4039 743 4102 Accessit
761 4038 865 4102 altera
881 4040 1074 4102 inimicitiae
1093 4061 1203 4118 causa,
1228 4039 1314 4124 quod
1330 4038 1414 4122 lgna·
1453 4045 1454 4132 l

304 4138 369 4200 tius
393 4136 599 4200 Theodoram
626 4135 811 4220 Augustam
836 4139 868 4200 in
894 4138 1129 4200 monasterinm
1153 4135 1343 4224 relegatum,
1370 4135 1413 4195 in·
1453 4137 1454 4218 l

305 4233 408 4296 vitam
444 4232 553 4298 velare
585 4245 768 4314 recusaret,
809 4257 910 4320 quum
943 4233 1128 4320 Imperator
1160 4257 1199 4298 ac
1231 4233 1351 4298 Bardas
1380 4229 1412 4294 id
1453 4229 1454 4324 l
