<?xml version="1.0" encoding="UTF-8"?>
<!DOCTYPE html PUBLIC "-//W3C//DTD XHTML 1.0 Transitional//EN"
    "http://www.w3.org/TR/xhtml1/DTD/xhtml1-transitional.dtd">
<html xmlns="http://www.w3.org/1999/xhtml" xml:lang="en" lang="en">
 <head>
  <title>
</title>
<meta http-equiv="Content-Type" content="text/html;charset=utf-8" />
  <meta name='ocr-system' content='tesseract 3.04.00' />
  <meta name='ocr-capabilities' content='ocr_page ocr_carea ocr_par ocr_line ocrx_word'/>
</head>
<body>
  <div class='ocr_page' id='page_1' title='image "./dissertationess01junggoog_0738.png"; bbox 0 0 2952 4832; ppageno 0'>
   <div class='ocr_carea' id='block_1_1' title="bbox 321 483 1161 554">
    <p class='ocr_par' dir='ltr' id='par_1_1' title="bbox 321 483 1161 554">
     <span class='ocr_line' id='line_1_1' title="bbox 321 483 1161 554; baseline -0.005 -16"><span class='ocrx_word' id='word_1_1' title='bbox 321 485 360 538; x_wconf 90' lang='lat' dir='ltr'>De</span> <span class='ocrx_word' id='word_1_2' title='bbox 379 483 542 538; x_wconf 85' lang='lat' dir='ltr'>Pontificatu</span> <span class='ocrx_word' id='word_1_3' title='bbox 562 483 586 536; x_wconf 86' lang='lat' dir='ltr'>S.</span> <span class='ocrx_word' id='word_1_4' title='bbox 607 484 733 554; x_wconf 85' lang='lat' dir='ltr'>Gregorii</span> <span class='ocrx_word' id='word_1_5' title='bbox 753 485 814 538; x_wconf 76' lang='lat' dir='ltr'>vll.</span> <span class='ocrx_word' id='word_1_6' title='bbox 1109 485 1161 537; x_wconf 72' lang='lat'>267</span> 
     </span>
    </p>
   </div>
   <div class='ocr_carea' id='block_1_2' title="bbox 48 627 1198 2455">
    <p class='ocr_par' dir='ltr' id='par_1_2' title="bbox 48 627 1198 2455">
     <span class='ocr_line' id='line_1_2' title="bbox 50 627 1160 715; baseline 0 -25"><span class='ocrx_word' id='word_1_7' title='bbox 50 638 106 691; x_wconf 88' lang='lat' dir='ltr'>tem</span> <span class='ocrx_word' id='word_1_8' title='bbox 128 627 216 692; x_wconf 91' lang='lat' dir='ltr'>illius</span> <span class='ocrx_word' id='word_1_9' title='bbox 238 627 368 692; x_wconf 85' lang='lat' dir='ltr'>Nicolai</span> <span class='ocrx_word' id='word_1_10' title='bbox 394 627 527 707; x_wconf 80' lang='lat' dir='ltr'>decreti,</span> <span class='ocrx_word' id='word_1_11' title='bbox 563 628 657 712; x_wconf 89' lang='lat' dir='ltr'>cujus</span> <span class='ocrx_word' id='word_1_12' title='bbox 681 639 795 691; x_wconf 80' lang='lat' dir='ltr'>auctor</span> <span class='ocrx_word' id='word_1_13' title='bbox 826 651 947 711; x_wconf 68' lang='lat' dir='ltr'>magua</span> <span class='ocrx_word' id='word_1_14' title='bbox 971 637 1063 712; x_wconf 88' lang='lat' dir='ltr'>purte</span> <span class='ocrx_word' id='word_1_15' title='bbox 1089 628 1160 715; x_wconf 88' lang='lat' dir='ltr'>ipse</span> 
     </span>
     <span class='ocr_line' id='line_1_3' title="bbox 51 725 1159 814; baseline 0.003 -27"><span class='ocrx_word' id='word_1_16' title='bbox 51 726 152 788; x_wconf 83' lang='lat' dir='ltr'>suerat.</span> <span class='ocrx_word' id='word_1_17' title='bbox 190 725 260 790; x_wconf 88' lang='lat' dir='ltr'>Nec</span> <span class='ocrx_word' id='word_1_18' title='bbox 284 727 375 789; x_wconf 89' lang='lat' dir='ltr'>enim</span> <span class='ocrx_word' id='word_1_19' title='bbox 400 747 572 790; x_wconf 80' lang='lat' dir='ltr'>censemus</span> <span class='ocrx_word' id='word_1_20' title='bbox 596 725 677 790; x_wconf 87' lang='lat' dir='ltr'>illud</span> <span class='ocrx_word' id='word_1_21' title='bbox 703 725 871 790; x_wconf 87' lang='lat' dir='ltr'>decretum</span> <span class='ocrx_word' id='word_1_22' title='bbox 896 749 1042 814; x_wconf 88' lang='lat' dir='ltr'>unquam</span> <span class='ocrx_word' id='word_1_23' title='bbox 1067 749 1159 796; x_wconf 89' lang='lat' dir='ltr'>revo-</span> 
     </span>
     <span class='ocr_line' id='line_1_4' title="bbox 51 822 1159 909; baseline 0.005 -24"><span class='ocrx_word' id='word_1_24' title='bbox 51 832 148 887; x_wconf 86' lang='lat' dir='ltr'>catum</span> <span class='ocrx_word' id='word_1_25' title='bbox 178 825 291 890; x_wconf 86' lang='lat' dir='ltr'>fuisse.</span> <span class='ocrx_word' id='word_1_26' title='bbox 340 823 502 903; x_wconf 78' lang='lat' dir='ltr'>Quamvis</span> <span class='ocrx_word' id='word_1_27' title='bbox 535 824 636 906; x_wconf 74' lang='lat' dir='ltr'>igitur</span> <span class='ocrx_word' id='word_1_28' title='bbox 668 822 847 906; x_wconf 74' lang='lat' dir='ltr'>Gregorius</span> <span class='ocrx_word' id='word_1_29' title='bbox 879 825 955 909; x_wconf 87' lang='lat' dir='ltr'>jura</span> <span class='ocrx_word' id='word_1_30' title='bbox 988 828 1159 893; x_wconf 81' lang='lat' dir='ltr'>Ecclesiae</span> 
     </span>
     <span class='ocr_line' id='line_1_5' title="bbox 52 923 1198 1008; baseline 0.008 -26"><span class='ocrx_word' id='word_1_31' title='bbox 52 941 236 1007; x_wconf 82' lang='lat' dir='ltr'>magnopere</span> <span class='ocrx_word' id='word_1_32' title='bbox 265 931 421 1002; x_wconf 86' lang='lat' dir='ltr'>tueretur,</span> <span class='ocrx_word' id='word_1_33' title='bbox 456 931 577 998; x_wconf 86' lang='lat' dir='ltr'>tamen,</span> <span class='ocrx_word' id='word_1_34' title='bbox 613 923 659 984; x_wconf 89' lang='lat' dir='ltr'>uti</span> <span class='ocrx_word' id='word_1_35' title='bbox 692 930 761 984; x_wconf 84' lang='lat' dir='ltr'>erat</span> <span class='ocrx_word' id='word_1_36' title='bbox 793 923 844 983; x_wconf 88' lang='lat' dir='ltr'>vir</span> <span class='ocrx_word' id='word_1_37' title='bbox 867 924 923 1006; x_wconf 93' lang='lat' dir='ltr'>qui</span> <span class='ocrx_word' id='word_1_38' title='bbox 948 927 1159 1008; x_wconf 82' lang='lat' dir='ltr'>prudentiam</span> <span class='ocrx_word' id='word_1_39' title='bbox 1193 957 1198 968; x_wconf 85' lang='lat'><em>·</em></span> 
     </span>
     <span class='ocr_line' id='line_1_6' title="bbox 50 1019 1160 1109; baseline 0.006 -30"><span class='ocrx_word' id='word_1_40' title='bbox 50 1040 113 1082; x_wconf 91' lang='lat' dir='ltr'>cum</span> <span class='ocrx_word' id='word_1_41' title='bbox 137 1022 249 1104; x_wconf 88' lang='lat' dir='ltr'>vigore</span> <span class='ocrx_word' id='word_1_42' title='bbox 277 1019 451 1104; x_wconf 79' lang='lat' dir='ltr'>jungebat,</span> <span class='ocrx_word' id='word_1_43' title='bbox 489 1019 713 1100; x_wconf 88' lang='lat' dir='ltr'>existimabat,</span> <span class='ocrx_word' id='word_1_44' title='bbox 751 1041 808 1103; x_wconf 90' lang='lat' dir='ltr'>per</span> <span class='ocrx_word' id='word_1_45' title='bbox 833 1020 966 1085; x_wconf 91' lang='lat' dir='ltr'>modum</span> <span class='ocrx_word' id='word_1_46' title='bbox 992 1024 1160 1109; x_wconf 81' lang='lat' dir='ltr'>privilegii</span> 
     </span>
     <span class='ocr_line' id='line_1_7' title="bbox 49 1117 1160 1202; baseline 0.008 -24"><span class='ocrx_word' id='word_1_47' title='bbox 49 1119 151 1182; x_wconf 87' lang='lat' dir='ltr'>merito</span> <span class='ocrx_word' id='word_1_48' title='bbox 177 1117 258 1202; x_wconf 91' lang='lat' dir='ltr'>quid</span> <span class='ocrx_word' id='word_1_49' title='bbox 275 1117 470 1202; x_wconf 81' lang='lat' dir='ltr'>Imperatori</span> <span class='ocrx_word' id='word_1_50' title='bbox 496 1119 609 1200; x_wconf 81' lang='lat' dir='ltr'>regive</span> <span class='ocrx_word' id='word_1_51' title='bbox 633 1117 696 1180; x_wconf 82' lang='lat' dir='ltr'>liae</span> <span class='ocrx_word' id='word_1_52' title='bbox 721 1119 806 1180; x_wconf 90' lang='lat' dir='ltr'>inre</span> <span class='ocrx_word' id='word_1_53' title='bbox 830 1118 931 1180; x_wconf 85' lang='lat' dir='ltr'>fuisse</span> <span class='ocrx_word' id='word_1_54' title='bbox 957 1142 1160 1189; x_wconf 89' lang='lat' dir='ltr'>concessum.</span> 
     </span>
     <span class='ocr_line' id='line_1_8' title="bbox 51 1215 1160 1300; baseline 0.006 -24"><span class='ocrx_word' id='word_1_55' title='bbox 51 1215 85 1276; x_wconf 85' lang='lat' dir='ltr'>Et</span> <span class='ocrx_word' id='word_1_56' title='bbox 106 1215 384 1300; x_wconf 82' lang='lat' dir='ltr'>quemadmodum</span> <span class='ocrx_word' id='word_1_57' title='bbox 411 1216 528 1280; x_wconf 88' lang='lat' dir='ltr'>Petrus</span> <span class='ocrx_word' id='word_1_58' title='bbox 553 1216 749 1298; x_wconf 88' lang='lat' dir='ltr'>Damianus,</span> <span class='ocrx_word' id='word_1_59' title='bbox 775 1217 820 1278; x_wconf 89' lang='lat' dir='ltr'>ita</span> <span class='ocrx_word' id='word_1_60' title='bbox 846 1217 971 1300; x_wconf 89' lang='lat' dir='ltr'>etipse</span> <span class='ocrx_word' id='word_1_61' title='bbox 995 1219 1160 1285; x_wconf 82' lang='lat' dir='ltr'>censebat.</span> 
     </span>
     <span class='ocr_line' id='line_1_9' title="bbox 48 1313 1160 1394; baseline 0.007 -21"><span class='ocrx_word' id='word_1_62' title='bbox 48 1316 213 1376; x_wconf 88' lang='lat' dir='ltr'>convenire</span> <span class='ocrx_word' id='word_1_63' title='bbox 237 1323 273 1376; x_wconf 87' lang='lat' dir='ltr'>ut</span> <span class='ocrx_word' id='word_1_64' title='bbox 297 1313 338 1377; x_wconf 90' lang='lat' dir='ltr'>ab</span> <span class='ocrx_word' id='word_1_65' title='bbox 355 1313 507 1377; x_wconf 81' lang='lat' dir='ltr'>Ecclesia</span> <span class='ocrx_word' id='word_1_66' title='bbox 531 1314 557 1376; x_wconf 91' lang='lat' dir='ltr'>si</span> <span class='ocrx_word' id='word_1_67' title='bbox 583 1313 617 1376; x_wconf 94' lang='lat' dir='ltr'>id</span> <span class='ocrx_word' id='word_1_68' title='bbox 642 1314 711 1376; x_wconf 91' lang='lat' dir='ltr'>sine</span> <span class='ocrx_word' id='word_1_69' title='bbox 735 1315 829 1394; x_wconf 81' lang='lat' dir='ltr'>gravi</span> <span class='ocrx_word' id='word_1_70' title='bbox 857 1315 1065 1380; x_wconf 90' lang='lat' dir='ltr'>incommodo</span> <span class='ocrx_word' id='word_1_71' title='bbox 1090 1318 1160 1380; x_wconf 85' lang='lat' dir='ltr'>lieri</span> 
     </span>
     <span class='ocr_line' id='line_1_10' title="bbox 50 1409 1160 1496; baseline 0.005 -23"><span class='ocrx_word' id='word_1_72' title='bbox 50 1419 173 1494; x_wconf 84' lang='lat' dir='ltr'>poter-at,</span> <span class='ocrx_word' id='word_1_73' title='bbox 198 1411 304 1476; x_wconf 91' lang='lat' dir='ltr'>honor</span> <span class='ocrx_word' id='word_1_74' title='bbox 327 1410 490 1496; x_wconf 88' lang='lat' dir='ltr'>ejusmodi</span> <span class='ocrx_word' id='word_1_75' title='bbox 515 1433 555 1474; x_wconf 88' lang='lat' dir='ltr'>ac</span> <span class='ocrx_word' id='word_1_76' title='bbox 571 1409 783 1494; x_wconf 84' lang='lat' dir='ltr'>privilegium</span> <span class='ocrx_word' id='word_1_77' title='bbox 808 1412 894 1494; x_wconf 83' lang='lat' dir='ltr'>regis</span> <span class='ocrx_word' id='word_1_78' title='bbox 919 1412 1160 1478; x_wconf 83' lang='lat' dir='ltr'>observaretur.</span> 
     </span>
     <span class='ocr_line' id='line_1_11' title="bbox 49 1508 1161 1594; baseline 0.007 -25"><span class='ocrx_word' id='word_1_79' title='bbox 49 1508 114 1571; x_wconf 85' lang='lat' dir='ltr'>lam</span> <span class='ocrx_word' id='word_1_80' title='bbox 137 1531 214 1572; x_wconf 87' lang='lat' dir='ltr'>vero</span> <span class='ocrx_word' id='word_1_81' title='bbox 239 1532 277 1574; x_wconf 92' lang='lat' dir='ltr'>eo</span> <span class='ocrx_word' id='word_1_82' title='bbox 301 1519 448 1594; x_wconf 90' lang='lat' dir='ltr'>tempore</span> <span class='ocrx_word' id='word_1_83' title='bbox 472 1518 638 1572; x_wconf 89' lang='lat' dir='ltr'>reserant</span> <span class='ocrx_word' id='word_1_84' title='bbox 661 1510 740 1571; x_wconf 89' lang='lat' dir='ltr'>satis</span> <span class='ocrx_word' id='word_1_85' title='bbox 755 1518 902 1593; x_wconf 85' lang='lat' dir='ltr'>pacatae,</span> <span class='ocrx_word' id='word_1_86' title='bbox 927 1519 959 1574; x_wconf 89' lang='lat' dir='ltr'>ct</span> <span class='ocrx_word' id='word_1_87' title='bbox 977 1511 1055 1575; x_wconf 90' lang='lat' dir='ltr'>utile</span> <span class='ocrx_word' id='word_1_88' title='bbox 1072 1513 1161 1577; x_wconf 86' lang='lat' dir='ltr'>vide·</span> 
     </span>
     <span class='ocr_line' id='line_1_12' title="bbox 50 1605 1161 1692; baseline 0.007 -26"><span class='ocrx_word' id='word_1_89' title='bbox 50 1605 142 1684; x_wconf 86' lang='lat' dir='ltr'>batur,</span> <span class='ocrx_word' id='word_1_90' title='bbox 168 1617 203 1669; x_wconf 88' lang='lat' dir='ltr'>ut</span> <span class='ocrx_word' id='word_1_91' title='bbox 227 1607 404 1672; x_wconf 90' lang='lat' dir='ltr'>concordia</span> <span class='ocrx_word' id='word_1_92' title='bbox 429 1628 504 1670; x_wconf 92' lang='lat' dir='ltr'>cum</span> <span class='ocrx_word' id='word_1_93' title='bbox 526 1627 603 1689; x_wconf 86' lang='lat' dir='ltr'>rege</span> <span class='ocrx_word' id='word_1_94' title='bbox 628 1614 888 1670; x_wconf 87' lang='lat' dir='ltr'>conservaretur.</span> <span class='ocrx_word' id='word_1_95' title='bbox 914 1645 956 1654; x_wconf 93' lang='lat'>-—</span> <span class='ocrx_word' id='word_1_96' title='bbox 981 1607 1161 1692; x_wconf 85' lang='lat' dir='ltr'>Gregorius</span> 
     </span>
     <span class='ocr_line' id='line_1_13' title="bbox 49 1703 1160 1790; baseline 0.004 -24"><span class='ocrx_word' id='word_1_97' title='bbox 49 1719 145 1768; x_wconf 86' lang='lat' dir='ltr'>autom</span> <span class='ocrx_word' id='word_1_98' title='bbox 165 1727 267 1790; x_wconf 92' lang='lat' dir='ltr'>quum</span> <span class='ocrx_word' id='word_1_99' title='bbox 290 1705 477 1770; x_wconf 89' lang='lat' dir='ltr'>nullatenus</span> <span class='ocrx_word' id='word_1_100' title='bbox 505 1703 678 1768; x_wconf 86' lang='lat' dir='ltr'>sublimem</span> <span class='ocrx_word' id='word_1_101' title='bbox 704 1703 793 1767; x_wconf 90' lang='lat' dir='ltr'>illam</span> <span class='ocrx_word' id='word_1_102' title='bbox 819 1705 1013 1788; x_wconf 85' lang='lat' dir='ltr'>dignitatem</span> <span class='ocrx_word' id='word_1_103' title='bbox 1037 1708 1160 1772; x_wconf 85' lang='lat' dir='ltr'>desido-</span> 
     </span>
     <span class='ocr_line' id='line_1_14' title="bbox 50 1801 1161 1889; baseline 0.005 -24"><span class='ocrx_word' id='word_1_104' title='bbox 50 1812 147 1884; x_wconf 85' lang='lat' dir='ltr'>rasset,</span> <span class='ocrx_word' id='word_1_105' title='bbox 165 1813 198 1866; x_wconf 90' lang='lat' dir='ltr'>et</span> <span class='ocrx_word' id='word_1_106' title='bbox 213 1803 409 1868; x_wconf 81' lang='lat' dir='ltr'>formidaret</span> <span class='ocrx_word' id='word_1_107' title='bbox 419 1803 542 1867; x_wconf 89' lang='lat' dir='ltr'>luctam</span> <span class='ocrx_word' id='word_1_108' title='bbox 554 1825 653 1888; x_wconf 86' lang='lat' dir='ltr'>quarn</span> <span class='ocrx_word' id='word_1_109' title='bbox 665 1801 882 1886; x_wconf 88' lang='lat' dir='ltr'>praevidebat</span> <span class='ocrx_word' id='word_1_110' title='bbox 890 1804 987 1868; x_wconf 87' lang='lat' dir='ltr'>facile</span> <span class='ocrx_word' id='word_1_111' title='bbox 998 1827 1074 1870; x_wconf 90' lang='lat' dir='ltr'>cum</span> <span class='ocrx_word' id='word_1_112' title='bbox 1084 1829 1161 1889; x_wconf 81' lang='lat' dir='ltr'>rege</span> 
     </span>
     <span class='ocr_line' id='line_1_15' title="bbox 49 1901 1160 1987; baseline 0.007 -27"><span class='ocrx_word' id='word_1_113' title='bbox 49 1921 235 1982; x_wconf 80' lang='lat' dir='ltr'>exarsurum,</span> <span class='ocrx_word' id='word_1_114' title='bbox 268 1901 438 1987; x_wconf 86' lang='lat' dir='ltr'>probabile</span> <span class='ocrx_word' id='word_1_115' title='bbox 463 1913 521 1978; x_wconf 88' lang='lat' dir='ltr'>ost,</span> <span class='ocrx_word' id='word_1_116' title='bbox 567 1923 643 1964; x_wconf 89' lang='lat' dir='ltr'>eum</span> <span class='ocrx_word' id='word_1_117' title='bbox 675 1902 708 1964; x_wconf 90' lang='lat' dir='ltr'>iu</span> <span class='ocrx_word' id='word_1_118' title='bbox 740 1901 877 1984; x_wconf 87' lang='lat' dir='ltr'>epistola</span> <span class='ocrx_word' id='word_1_119' title='bbox 910 1902 954 1965; x_wconf 93' lang='lat' dir='ltr'>ad</span> <span class='ocrx_word' id='word_1_120' title='bbox 977 1903 1160 1968; x_wconf 89' lang='lat' dir='ltr'>Heurioum</span> 
     </span>
     <span class='ocr_line' id='line_1_16' title="bbox 48 2000 1160 2086; baseline 0.005 -27"><span class='ocrx_word' id='word_1_121' title='bbox 48 2009 147 2082; x_wconf 88' lang='lat' dir='ltr'>aperte</span> <span class='ocrx_word' id='word_1_122' title='bbox 178 2023 239 2064; x_wconf 87' lang='lat' dir='ltr'>sua</span> <span class='ocrx_word' id='word_1_123' title='bbox 270 2000 436 2086; x_wconf 90' lang='lat' dir='ltr'>principia</span> <span class='ocrx_word' id='word_1_124' title='bbox 468 2001 688 2084; x_wconf 86' lang='lat' dir='ltr'>proposuisse,</span> <span class='ocrx_word' id='word_1_125' title='bbox 719 2009 818 2084; x_wconf 89' lang='lat' dir='ltr'>atque</span> <span class='ocrx_word' id='word_1_126' title='bbox 842 2001 942 2064; x_wconf 90' lang='lat' dir='ltr'>etiam</span> <span class='ocrx_word' id='word_1_127' title='bbox 966 2003 1160 2084; x_wconf 75' lang='lat' dir='ltr'>insinuasse,</span> 
     </span>
     <span class='ocr_line' id='line_1_17' title="bbox 49 2095 1160 2179; baseline 0.004 -20"><span class='ocrx_word' id='word_1_128' title='bbox 49 2107 187 2179; x_wconf 87' lang='lat' dir='ltr'>paratum</span> <span class='ocrx_word' id='word_1_129' title='bbox 218 2120 251 2161; x_wconf 91' lang='lat' dir='ltr'>se</span> <span class='ocrx_word' id='word_1_130' title='bbox 276 2119 346 2161; x_wconf 88' lang='lat' dir='ltr'>esse</span> <span class='ocrx_word' id='word_1_131' title='bbox 376 2095 432 2160; x_wconf 92' lang='lat' dir='ltr'>alii</span> <span class='ocrx_word' id='word_1_132' title='bbox 457 2097 567 2160; x_wconf 93' lang='lat' dir='ltr'>locum</span> <span class='ocrx_word' id='word_1_133' title='bbox 599 2097 725 2176; x_wconf 88' lang='lat' dir='ltr'>cedere,</span> <span class='ocrx_word' id='word_1_134' title='bbox 757 2097 785 2159; x_wconf 90' lang='lat' dir='ltr'>si</span> <span class='ocrx_word' id='word_1_135' title='bbox 815 2098 977 2162; x_wconf 87' lang='lat' dir='ltr'>canonica</span> <span class='ocrx_word' id='word_1_136' title='bbox 1001 2097 1160 2164; x_wconf 90' lang='lat' dir='ltr'>electione</span> 
     </span>
     <span class='ocr_line' id='line_1_18' title="bbox 48 2194 1161 2281; baseline 0.005 -25"><span class='ocrx_word' id='word_1_137' title='bbox 48 2195 119 2258; x_wconf 88' lang='lat' dir='ltr'>alter</span> <span class='ocrx_word' id='word_1_138' title='bbox 142 2197 196 2281; x_wconf 92' lang='lat' dir='ltr'>qui</span> <span class='ocrx_word' id='word_1_139' title='bbox 221 2196 290 2277; x_wconf 85' lang='lat' dir='ltr'>regi</span> <span class='ocrx_word' id='word_1_140' title='bbox 316 2196 421 2278; x_wconf 85' lang='lat' dir='ltr'>magis</span> <span class='ocrx_word' id='word_1_141' title='bbox 444 2204 557 2278; x_wconf 84' lang='lat' dir='ltr'>gratus</span> <span class='ocrx_word' id='word_1_142' title='bbox 574 2203 659 2257; x_wconf 91' lang='lat' dir='ltr'>esset</span> <span class='ocrx_word' id='word_1_143' title='bbox 675 2194 830 2258; x_wconf 81' lang='lat' dir='ltr'>Pontifex</span> <span class='ocrx_word' id='word_1_144' title='bbox 855 2205 1031 2262; x_wconf 88' lang='lat' dir='ltr'>crearetur.</span> <span class='ocrx_word' id='word_1_145' title='bbox 1068 2195 1161 2262; x_wconf 86' lang='lat' dir='ltr'>Sum·</span> 
     </span>
     <span class='ocr_line' id='line_1_19' title="bbox 53 2291 1161 2378; baseline 0.004 -24"><span class='ocrx_word' id='word_1_146' title='bbox 53 2315 130 2356; x_wconf 87' lang='lat' dir='ltr'>mam</span> <span class='ocrx_word' id='word_1_147' title='bbox 153 2295 254 2376; x_wconf 85' lang='lat' dir='ltr'>igitur</span> <span class='ocrx_word' id='word_1_148' title='bbox 277 2315 389 2356; x_wconf 91' lang='lat' dir='ltr'>eorum</span> <span class='ocrx_word' id='word_1_149' title='bbox 414 2315 499 2378; x_wconf 88' lang='lat' dir='ltr'>quae</span> <span class='ocrx_word' id='word_1_150' title='bbox 523 2303 593 2355; x_wconf 85' lang='lat' dir='ltr'>tum</span> <span class='ocrx_word' id='word_1_151' title='bbox 613 2291 812 2355; x_wconf 89' lang='lat' dir='ltr'>Lambertus</span> <span class='ocrx_word' id='word_1_152' title='bbox 836 2301 906 2355; x_wconf 86' lang='lat' dir='ltr'>tum</span> <span class='ocrx_word' id='word_1_153' title='bbox 931 2293 1055 2358; x_wconf 83' lang='lat' dir='ltr'>Bonizo</span> <span class='ocrx_word' id='word_1_154' title='bbox 1081 2295 1161 2358; x_wconf 88' lang='lat' dir='ltr'>refe·</span> 
     </span>
     <span class='ocr_line' id='line_1_20' title="bbox 52 2393 571 2455; baseline 0.006 -4"><span class='ocrx_word' id='word_1_155' title='bbox 52 2403 119 2454; x_wconf 87' lang='lat' dir='ltr'>runt</span> <span class='ocrx_word' id='word_1_156' title='bbox 143 2393 280 2455; x_wconf 85' lang='lat' dir='ltr'>veritate</span> <span class='ocrx_word' id='word_1_157' title='bbox 304 2393 363 2455; x_wconf 89' lang='lat' dir='ltr'>niti</span> <span class='ocrx_word' id='word_1_158' title='bbox 389 2411 571 2454; x_wconf 88' lang='lat' dir='ltr'>censemus.</span> 
     </span>
    </p>
   </div>
   <div class='ocr_carea' id='block_1_3' title="bbox 51 2585 1322 4339">
    <p class='ocr_par' dir='ltr' id='par_1_3' title="bbox 51 2585 1322 4339">
     <span class='ocr_line' id='line_1_21' title="bbox 130 2585 1322 2672; baseline 0.003 -21"><span class='ocrx_word' id='word_1_159' title='bbox 130 2587 181 2651; x_wconf 87' lang='lat'>58.</span> <span class='ocrx_word' id='word_1_160' title='bbox 228 2587 283 2651; x_wconf 86' lang='lat' dir='ltr'>Ad</span> <span class='ocrx_word' id='word_1_161' title='bbox 313 2587 448 2651; x_wconf 89' lang='lat' dir='ltr'>alteram</span> <span class='ocrx_word' id='word_1_162' title='bbox 485 2587 710 2672; x_wconf 90' lang='lat' dir='ltr'>quaestionem</span> <span class='ocrx_word' id='word_1_163' title='bbox 745 2585 834 2671; x_wconf 92' lang='lat' dir='ltr'>quod</span> <span class='ocrx_word' id='word_1_164' title='bbox 864 2585 997 2664; x_wconf 88' lang='lat' dir='ltr'>attinet,</span> <span class='ocrx_word' id='word_1_165' title='bbox 1036 2585 1160 2670; x_wconf 84' lang='lat' dir='ltr'>duplex</span> <span class='ocrx_word' id='word_1_166' title='bbox 1171 2615 1255 2657; x_wconf 66' lang='lat' dir='ltr'>senaa</span> <span class='ocrx_word' id='word_1_167' title='bbox 1275 2625 1322 2658; x_wconf 68' lang='lat'>100-</span> 
     </span>
     <span class='ocr_line' id='line_1_22' title="bbox 52 2682 1278 2771; baseline 0.002 -26"><span class='ocrx_word' id='word_1_168' title='bbox 52 2682 141 2769; x_wconf 89' lang='lat' dir='ltr'>hujus</span> <span class='ocrx_word' id='word_1_169' title='bbox 163 2685 241 2748; x_wconf 87' lang='lat' dir='ltr'>facti</span> <span class='ocrx_word' id='word_1_170' title='bbox 267 2685 444 2771; x_wconf 86' lang='lat' dir='ltr'>explicatio</span> <span class='ocrx_word' id='word_1_171' title='bbox 469 2684 558 2770; x_wconf 89' lang='lat' dir='ltr'>apud</span> <span class='ocrx_word' id='word_1_172' title='bbox 579 2705 698 2766; x_wconf 85' lang='lat' dir='ltr'>graves</span> <span class='ocrx_word' id='word_1_173' title='bbox 721 2693 871 2747; x_wconf 91' lang='lat' dir='ltr'>auctores</span> <span class='ocrx_word' id='word_1_174' title='bbox 895 2685 1065 2746; x_wconf 87' lang='lat' dir='ltr'>invenitur</span> <span class='ocrx_word' id='word_1_175' title='bbox 1086 2705 1159 2769; x_wconf 93' lang='lat' dir='ltr'>pro·</span> <span class='ocrx_word' id='word_1_176' title='bbox 1231 2688 1278 2726; x_wconf 57' lang='grc' dir='ltr'>Μ·</span> 
     </span>
     <span class='ocr_line' id='line_1_23' title="bbox 53 2780 1162 2868; baseline 0.002 -25"><span class='ocrx_word' id='word_1_177' title='bbox 53 2780 123 2846; x_wconf 89' lang='lat' dir='ltr'>lata.</span> <span class='ocrx_word' id='word_1_178' title='bbox 168 2782 288 2847; x_wconf 89' lang='lat' dir='ltr'>Censet</span> <span class='ocrx_word' id='word_1_179' title='bbox 311 2781 455 2864; x_wconf 79' lang='lat' dir='ltr'>Gfrbrer,</span> <span class='ocrx_word' id='word_1_180' title='bbox 481 2805 518 2846; x_wconf 91' lang='lat' dir='ltr'>eo</span> <span class='ocrx_word' id='word_1_181' title='bbox 543 2792 689 2868; x_wconf 90' lang='lat' dir='ltr'>tempore</span> <span class='ocrx_word' id='word_1_182' title='bbox 708 2783 780 2866; x_wconf 88' lang='lat' dir='ltr'>jam</span> <span class='ocrx_word' id='word_1_183' title='bbox 805 2782 950 2846; x_wconf 89' lang='lat' dir='ltr'>Heurico</span> <span class='ocrx_word' id='word_1_184' title='bbox 974 2781 1023 2845; x_wconf 93' lang='lat' dir='ltr'>IV</span> <span class='ocrx_word' id='word_1_185' title='bbox 1047 2803 1162 2867; x_wconf 92' lang='lat' dir='ltr'>propo-</span> 
     </span>
     <span class='ocr_line' id='line_1_24' title="bbox 52 2879 1161 2966; baseline 0.002 -24"><span class='ocrx_word' id='word_1_186' title='bbox 52 2881 143 2944; x_wconf 86' lang='lat' dir='ltr'>situm</span> <span class='ocrx_word' id='word_1_187' title='bbox 175 2882 286 2962; x_wconf 88' lang='lat' dir='ltr'>fuisse,</span> <span class='ocrx_word' id='word_1_188' title='bbox 319 2891 356 2945; x_wconf 91' lang='lat' dir='ltr'>ut</span> <span class='ocrx_word' id='word_1_189' title='bbox 388 2881 608 2945; x_wconf 90' lang='lat' dir='ltr'>sacerdotium</span> <span class='ocrx_word' id='word_1_190' title='bbox 637 2881 768 2966; x_wconf 89' lang='lat' dir='ltr'>penitus</span> <span class='ocrx_word' id='word_1_191' title='bbox 792 2879 985 2965; x_wconf 80' lang='lat' dir='ltr'>subjugaret</span> <span class='ocrx_word' id='word_1_192' title='bbox 1007 2879 1161 2966; x_wconf 89' lang='lat' dir='ltr'>Imperio,</span> 
     </span>
     <span class='ocr_line' id='line_1_25' title="bbox 51 2977 1163 3064; baseline 0.003 -25"><span class='ocrx_word' id='word_1_193' title='bbox 51 2977 91 3040; x_wconf 83' lang='lat' dir='ltr'>ita</span> <span class='ocrx_word' id='word_1_194' title='bbox 125 2979 258 3064; x_wconf 89' lang='lat' dir='ltr'>quidem</span> <span class='ocrx_word' id='word_1_195' title='bbox 294 2989 329 3042; x_wconf 87' lang='lat' dir='ltr'>ut</span> <span class='ocrx_word' id='word_1_196' title='bbox 366 2979 560 3064; x_wconf 89' lang='lat' dir='ltr'>Imperatori</span> <span class='ocrx_word' id='word_1_197' title='bbox 603 2978 789 3042; x_wconf 89' lang='lat' dir='ltr'>vindicaret</span> <span class='ocrx_word' id='word_1_198' title='bbox 820 2978 960 3042; x_wconf 87' lang='lat' dir='ltr'>Romani</span> <span class='ocrx_word' id='word_1_199' title='bbox 992 2978 1163 3042; x_wconf 89' lang='lat' dir='ltr'>Pontificis</span> 
     </span>
     <span class='ocr_line' id='line_1_26' title="bbox 52 3075 1162 3162; baseline 0.003 -26"><span class='ocrx_word' id='word_1_200' title='bbox 52 3079 260 3160; x_wconf 81' lang='lat' dir='ltr'>creationem3</span> <span class='ocrx_word' id='word_1_201' title='bbox 285 3077 418 3141; x_wconf 92' lang='lat' dir='ltr'>titulum</span> <span class='ocrx_word' id='word_1_202' title='bbox 442 3087 564 3157; x_wconf 86' lang='lat' dir='ltr'>autem,</span> <span class='ocrx_word' id='word_1_203' title='bbox 590 3075 787 3160; x_wconf 84' lang='lat' dir='ltr'>dignitatem</span> <span class='ocrx_word' id='word_1_204' title='bbox 811 3088 842 3140; x_wconf 90' lang='lat' dir='ltr'>et</span> <span class='ocrx_word' id='word_1_205' title='bbox 866 3075 1042 3162; x_wconf 87' lang='lat' dir='ltr'>privilegia</span> <span class='ocrx_word' id='word_1_206' title='bbox 1056 3075 1162 3160; x_wconf 88' lang='lat' dir='ltr'>Impe-</span> 
     </span>
     <span class='ocr_line' id='line_1_27' title="bbox 52 3173 1162 3259; baseline 0.004 -25"><span class='ocrx_word' id='word_1_207' title='bbox 52 3176 159 3238; x_wconf 88' lang='lat' dir='ltr'>ratoris</span> <span class='ocrx_word' id='word_1_208' title='bbox 194 3197 270 3238; x_wconf 92' lang='lat' dir='ltr'>cum</span> <span class='ocrx_word' id='word_1_209' title='bbox 295 3177 501 3240; x_wconf 88' lang='lat' dir='ltr'>successione</span> <span class='ocrx_word' id='word_1_210' title='bbox 534 3176 568 3237; x_wconf 89' lang='lat' dir='ltr'>in</span> <span class='ocrx_word' id='word_1_211' title='bbox 593 3175 693 3259; x_wconf 89' lang='lat' dir='ltr'>stirpe</span> <span class='ocrx_word' id='word_1_212' title='bbox 717 3197 786 3256; x_wconf 89' lang='lat' dir='ltr'>sua,</span> <span class='ocrx_word' id='word_1_213' title='bbox 818 3197 893 3238; x_wconf 89' lang='lat' dir='ltr'>eum</span> <span class='ocrx_word' id='word_1_214' title='bbox 918 3173 1061 3238; x_wconf 90' lang='lat' dir='ltr'>voluisse</span> <span class='ocrx_word' id='word_1_215' title='bbox 1085 3176 1162 3238; x_wconf 89' lang='lat' dir='ltr'>arri-</span> 
     </span>
     <span class='ocr_line' id='line_1_28' title="bbox 53 3271 1161 3353; baseline 0.004 -20"><span class='ocrx_word' id='word_1_216' title='bbox 53 3291 122 3353; x_wconf 88' lang='lat' dir='ltr'>pere</span> <span class='ocrx_word' id='word_1_217' title='bbox 145 3273 215 3336; x_wconf 91' lang='lat' dir='ltr'>sine</span> <span class='ocrx_word' id='word_1_218' title='bbox 238 3273 429 3337; x_wconf 89' lang='lat' dir='ltr'>interventu</span> <span class='ocrx_word' id='word_1_219' title='bbox 444 3273 584 3336; x_wconf 88' lang='lat' dir='ltr'>Romani</span> <span class='ocrx_word' id='word_1_220' title='bbox 598 3272 779 3338; x_wconf 90' lang='lat' dir='ltr'>Pontificis.</span> <span class='ocrx_word' id='word_1_221' title='bbox 826 3271 1049 3335; x_wconf 87' lang='lat' dir='ltr'>Praevidebat</span> <span class='ocrx_word' id='word_1_222' title='bbox 1073 3293 1161 3353; x_wconf 91' lang='lat' dir='ltr'>vero,</span> 
     </span>
     <span class='ocr_line' id='line_1_29' title="bbox 53 3369 1162 3455; baseline 0.003 -25"><span class='ocrx_word' id='word_1_223' title='bbox 53 3389 111 3432; x_wconf 90' lang='lat' dir='ltr'>non</span> <span class='ocrx_word' id='word_1_224' title='bbox 134 3372 203 3434; x_wconf 90' lang='lat' dir='ltr'>sine</span> <span class='ocrx_word' id='word_1_225' title='bbox 226 3370 317 3434; x_wconf 89' lang='lat' dir='ltr'>lucta</span> <span class='ocrx_word' id='word_1_226' title='bbox 340 3369 530 3435; x_wconf 90' lang='lat' dir='ltr'>vehementi</span> <span class='ocrx_word' id='word_1_227' title='bbox 556 3392 631 3433; x_wconf 91' lang='lat' dir='ltr'>eum</span> <span class='ocrx_word' id='word_1_228' title='bbox 655 3379 894 3455; x_wconf 83' lang='lat' dir='ltr'>perventurum</span> <span class='ocrx_word' id='word_1_229' title='bbox 920 3391 989 3432; x_wconf 87' lang='lat' dir='ltr'>esse</span> <span class='ocrx_word' id='word_1_230' title='bbox 1013 3369 1056 3433; x_wconf 90' lang='lat' dir='ltr'>ad</span> <span class='ocrx_word' id='word_1_231' title='bbox 1081 3370 1162 3455; x_wconf 90' lang='lat' dir='ltr'>ejus-</span> 
     </span>
     <span class='ocr_line' id='line_1_30' title="bbox 52 3465 1163 3550; baseline 0.005 -24"><span class='ocrx_word' id='word_1_232' title='bbox 52 3465 132 3529; x_wconf 91' lang='lat' dir='ltr'>modi</span> <span class='ocrx_word' id='word_1_233' title='bbox 160 3468 466 3532; x_wconf 88' lang='lat' dir='ltr'>subordinationem</span> <span class='ocrx_word' id='word_1_234' title='bbox 491 3467 659 3532; x_wconf 78' lang='lat' dir='ltr'>Ecclesiae</span> <span class='ocrx_word' id='word_1_235' title='bbox 693 3468 919 3532; x_wconf 89' lang='lat' dir='ltr'>obtinendam.</span> <span class='ocrx_word' id='word_1_236' title='bbox 969 3467 1080 3548; x_wconf 78' lang='lat' dir='ltr'>Quum</span> <span class='ocrx_word' id='word_1_237' title='bbox 1105 3469 1163 3550; x_wconf 89' lang='lat' dir='ltr'>igi-</span> 
     </span>
     <span class='ocr_line' id='line_1_31' title="bbox 53 3563 1162 3652; baseline 0.004 -29"><span class='ocrx_word' id='word_1_238' title='bbox 53 3573 101 3625; x_wconf 86' lang='lat' dir='ltr'>tur</span> <span class='ocrx_word' id='word_1_239' title='bbox 121 3565 248 3630; x_wconf 88' lang='lat' dir='ltr'>videret</span> <span class='ocrx_word' id='word_1_240' title='bbox 271 3568 443 3652; x_wconf 89' lang='lat' dir='ltr'>episcopos</span> <span class='ocrx_word' id='word_1_241' title='bbox 468 3568 634 3652; x_wconf 88' lang='lat' dir='ltr'>oppositos</span> <span class='ocrx_word' id='word_1_242' title='bbox 657 3563 898 3647; x_wconf 88' lang='lat' dir='ltr'>Hildebrando,</span> <span class='ocrx_word' id='word_1_243' title='bbox 923 3587 960 3629; x_wconf 91' lang='lat' dir='ltr'>eo</span> <span class='ocrx_word' id='word_1_244' title='bbox 986 3565 1073 3650; x_wconf 92' lang='lat' dir='ltr'>quod</span> <span class='ocrx_word' id='word_1_245' title='bbox 1099 3563 1162 3628; x_wconf 90' lang='lat' dir='ltr'>sibi</span> 
     </span>
     <span class='ocr_line' id='line_1_32' title="bbox 52 3662 1163 3750; baseline 0.005 -30"><span class='ocrx_word' id='word_1_246' title='bbox 52 3662 195 3728; x_wconf 86' lang='lat' dir='ltr'>timerent</span> <span class='ocrx_word' id='word_1_247' title='bbox 219 3663 260 3728; x_wconf 92' lang='lat' dir='ltr'>ob</span> <span class='ocrx_word' id='word_1_248' title='bbox 285 3675 397 3729; x_wconf 88' lang='lat' dir='ltr'>notam</span> <span class='ocrx_word' id='word_1_249' title='bbox 422 3666 493 3750; x_wconf 85' lang='lat' dir='ltr'>ejus</span> <span class='ocrx_word' id='word_1_250' title='bbox 518 3666 738 3728; x_wconf 87' lang='lat' dir='ltr'>constantiam</span> <span class='ocrx_word' id='word_1_251' title='bbox 762 3665 796 3727; x_wconf 92' lang='lat' dir='ltr'>in</span> <span class='ocrx_word' id='word_1_252' title='bbox 813 3662 1026 3727; x_wconf 85' lang='lat' dir='ltr'>vindicandis</span> <span class='ocrx_word' id='word_1_253' title='bbox 1050 3662 1163 3726; x_wconf 89' lang='lat' dir='ltr'>Eccle-</span> 
     </span>
     <span class='ocr_line' id='line_1_33' title="bbox 54 3759 1163 3847; baseline 0.003 -28"><span class='ocrx_word' id='word_1_254' title='bbox 54 3759 112 3822; x_wconf 87' lang='lat' dir='ltr'>siae</span> <span class='ocrx_word' id='word_1_255' title='bbox 135 3761 327 3844; x_wconf 89' lang='lat' dir='ltr'>canonibus,</span> <span class='ocrx_word' id='word_1_256' title='bbox 360 3772 450 3826; x_wconf 89' lang='lat' dir='ltr'>ratus</span> <span class='ocrx_word' id='word_1_257' title='bbox 473 3773 531 3842; x_wconf 90' lang='lat' dir='ltr'>est,</span> <span class='ocrx_word' id='word_1_258' title='bbox 563 3772 694 3846; x_wconf 87' lang='lat' dir='ltr'>tempus</span> <span class='ocrx_word' id='word_1_259' title='bbox 718 3771 941 3847; x_wconf 90' lang='lat' dir='ltr'>opportunum</span> <span class='ocrx_word' id='word_1_260' title='bbox 965 3761 1096 3824; x_wconf 86' lang='lat' dir='ltr'>venisse</span> <span class='ocrx_word' id='word_1_261' title='bbox 1120 3760 1163 3823; x_wconf 90' lang='lat' dir='ltr'>ad</span> 
     </span>
     <span class='ocr_line' id='line_1_34' title="bbox 52 3852 1162 3947; baseline 0.005 -31"><span class='ocrx_word' id='word_1_262' title='bbox 52 3852 163 3922; x_wconf 86' lang='lat' dir='ltr'>luctam</span> <span class='ocrx_word' id='word_1_263' title='bbox 193 3859 283 3924; x_wconf 90' lang='lat' dir='ltr'>illam</span> <span class='ocrx_word' id='word_1_264' title='bbox 306 3859 565 3947; x_wconf 89' lang='lat' dir='ltr'>provocandam.</span> <span class='ocrx_word' id='word_1_265' title='bbox 613 3859 847 3940; x_wconf 84' lang='lat' dir='ltr'>Existimabat,</span> <span class='ocrx_word' id='word_1_266' title='bbox 879 3858 973 3922; x_wconf 90' lang='lat' dir='ltr'>brevi</span> <span class='ocrx_word' id='word_1_267' title='bbox 1004 3858 1162 3940; x_wconf 80' lang='lat' dir='ltr'>futurum,</span> 
     </span>
     <span class='ocr_line' id='line_1_35' title="bbox 53 3954 1163 4042; baseline 0.004 -26"><span class='ocrx_word' id='word_1_268' title='bbox 53 3963 87 4014; x_wconf 90' lang='lat' dir='ltr'>ut</span> <span class='ocrx_word' id='word_1_269' title='bbox 106 3956 187 4020; x_wconf 87' lang='lat' dir='ltr'>inter</span> <span class='ocrx_word' id='word_1_270' title='bbox 202 3957 471 4024; x_wconf 87' lang='lat' dir='ltr'>Hildebrandum</span> <span class='ocrx_word' id='word_1_271' title='bbox 496 3967 527 4022; x_wconf 90' lang='lat' dir='ltr'>et</span> <span class='ocrx_word' id='word_1_272' title='bbox 544 3957 745 4022; x_wconf 83' lang='lat' dir='ltr'>Germaniae</span> <span class='ocrx_word' id='word_1_273' title='bbox 772 3956 967 4042; x_wconf 84' lang='lat' dir='ltr'>Galliaeque</span> <span class='ocrx_word' id='word_1_274' title='bbox 995 3954 1163 4041; x_wconf 87' lang='lat' dir='ltr'>praesules</span> 
     </span>
     <span class='ocr_line' id='line_1_36' title="bbox 54 4048 1163 4143; baseline 0.007 -33"><span class='ocrx_word' id='word_1_275' title='bbox 54 4048 118 4116; x_wconf 84' lang='lat' dir='ltr'>lites</span> <span class='ocrx_word' id='word_1_276' title='bbox 133 4055 345 4121; x_wconf 87' lang='lat' dir='ltr'>vehementes</span> <span class='ocrx_word' id='word_1_277' title='bbox 362 4059 534 4139; x_wconf 89' lang='lat' dir='ltr'>orirentur,</span> <span class='ocrx_word' id='word_1_278' title='bbox 559 4067 659 4143; x_wconf 92' lang='lat' dir='ltr'>atque</span> <span class='ocrx_word' id='word_1_279' title='bbox 683 4067 763 4120; x_wconf 86' lang='lat' dir='ltr'>tunc</span> <span class='ocrx_word' id='word_1_280' title='bbox 787 4054 886 4119; x_wconf 89' lang='lat' dir='ltr'>simul</span> <span class='ocrx_word' id='word_1_281' title='bbox 909 4075 985 4118; x_wconf 91' lang='lat' dir='ltr'>cum</span> <span class='ocrx_word' id='word_1_282' title='bbox 1000 4054 1163 4140; x_wconf 90' lang='lat' dir='ltr'>episcopis</span> 
     </span>
     <span class='ocr_line' id='line_1_37' title="bbox 55 4151 1163 4242; baseline 0.006 -33"><span class='ocrx_word' id='word_1_283' title='bbox 55 4170 86 4210; x_wconf 90' lang='lat' dir='ltr'>se</span> <span class='ocrx_word' id='word_1_284' title='bbox 104 4151 196 4219; x_wconf 84' lang='lat' dir='ltr'>facile</span> <span class='ocrx_word' id='word_1_285' title='bbox 220 4175 257 4218; x_wconf 91' lang='lat' dir='ltr'>eo</span> <span class='ocrx_word' id='word_1_286' title='bbox 282 4163 519 4240; x_wconf 88' lang='lat' dir='ltr'>perventurum</span> <span class='ocrx_word' id='word_1_287' title='bbox 544 4177 624 4236; x_wconf 88' lang='lat' dir='ltr'>esse,</span> <span class='ocrx_word' id='word_1_288' title='bbox 662 4163 699 4218; x_wconf 89' lang='lat' dir='ltr'>ut</span> <span class='ocrx_word' id='word_1_289' title='bbox 721 4152 952 4242; x_wconf 90' lang='lat' dir='ltr'>pontificatum</span> <span class='ocrx_word' id='word_1_290' title='bbox 975 4151 1163 4216; x_wconf 88' lang='lat' dir='ltr'>Romanum</span> 
     </span>
     <span class='ocr_line' id='line_1_38' title="bbox 56 4249 1163 4339; baseline 0.004 -30"><span class='ocrx_word' id='word_1_291' title='bbox 56 4251 172 4330; x_wconf 85' lang='lat' dir='ltr'>penitus</span> <span class='ocrx_word' id='word_1_292' title='bbox 195 4251 258 4317; x_wconf 92' lang='lat' dir='ltr'>sibi</span> <span class='ocrx_word' id='word_1_293' title='bbox 274 4252 491 4335; x_wconf 86' lang='lat' dir='ltr'>submitteret,</span> <span class='ocrx_word' id='word_1_294' title='bbox 508 4251 756 4339; x_wconf 88' lang='lat' dir='ltr'>Imperiumque</span> <span class='ocrx_word' id='word_1_295' title='bbox 767 4252 866 4338; x_wconf 83' lang='lat' dir='ltr'>juxta</span> <span class='ocrx_word' id='word_1_296' title='bbox 883 4249 1044 4316; x_wconf 90' lang='lat' dir='ltr'>theoriam</span> <span class='ocrx_word' id='word_1_297' title='bbox 1068 4271 1163 4314; x_wconf 88' lang='lat' dir='ltr'>suam</span> 
     </span>
    </p>
   </div>
   <div class='ocr_carea' id='block_1_4' title="bbox 0 0 1481 4832">
    <p class='ocr_par' dir='ltr' id='par_1_4' title="bbox 0 0 1481 4832">
     <span class='ocr_line' id='line_1_39' title="bbox 0 0 1481 4832; baseline 0 0"><span class='ocrx_word' id='word_1_298' title='bbox 0 0 1481 4832; x_wconf 95' lang='lat' dir='ltr'> </span> 
     </span>
    </p>
   </div>
  </div>
 </body>
</html>
