2898 4836
286 490 321 544 86
464 489 564 544 XVIII.
596 489 635 544 De
655 491 785 546 Romanis
804 491 980 546 Pontificibus
998 491 1099 546 soeculi
1119 492 1223 546 decImi.

289 633 350 698 ‘23⁰
372 633 466 697 Junii
491 655 521 698 a.
545 634 636 716 964).
675 635 776 698 Brevi
800 645 874 720 post
897 635 964 698 Leo
989 634 1075 740 VVI
1099 634 1265 719 synodum
1281 634 1390 710 habuit,

289 733 323 795 in
347 753 412 816 qua
436 730 604 816 depositus
628 741 677 796 est
699 731 901 797 Benedictus
924 732 966 798 V.
1005 732 1048 812 Is,
1073 734 1101 796 si
1118 732 1323 818 Luitprando
1338 755 1390 797 cre·

291 828 368 893 dere
391 829 441 893 fas
462 839 519 910 est,
545 829 727 894 declinavit
751 853 821 895 sese
845 830 1038 912 defendere,
1063 830 1179 894 dicens
1199 839 1338 894 tantum:
1365 831 1393 894 Si

288 927 366 1012 quid
376 929 516 1012 peccaui,
540 930 730 992 miseremini
743 932 817 993 mei:
839 935 999 1014 Suspecta
1011 928 1110 1014 plane
1125 938 1203 993 sunt
1225 949 1309 1015 quse
1330 928 1392 992 dein

288 1024 383 1089 addit
405 1025 647 1110 Luitprandus:
675 1025 749 1107 ,Ad
774 1026 886 1092 domni
903 1028 1026 1091 Leonis
1049 1047 1156 1112 papae
1175 1025 1277 1111 pedes
1293 1027 1392 1112 ipsius·

290 1145 353 1210 que
386 1125 592 1208 Imperatoris
624 1124 730 1188 isdem
753 1123 954 1189 Benedictus
987 1126 1116 1189 concite
1152 1123 1339 1210 procidens,
1368 1145 1393 1186 se

291 1243 453 1306 peccasse,
478 1243 511 1285 se
536 1233 668 1286 sanctae
693 1223 860 1287 Romanae
885 1221 973 1287 sedis
996 1223 1182 1287 invasorem
1214 1243 1284 1286 esse
1307 1221 1394 1285 acclu-

291 1319 425 1383 mavit.“
480 1319 706 1405 Luitprandus
739 1319 997 1406 amplificatione
1037 1341 1153 1406 parum
1187 1318 1279 1384 fideli
1311 1321 1393 1382 etiem

290 1417 446 1482 hocloco
471 1440 556 1504 quae
579 1418 773 1483 acciderunt
796 1418 964 1483 describit.
1011 1418 1215 1482 Benedictus
1245 1417 1394 1496 videlicet,

290 1517 343 1578 vir
366 1525 557 1579 mansuetus
589 1515 816 1602 honorumque
849 1516 941 1582 haud
974 1517 1130 1602 cupidus,
1165 1513 1284 1579 humili
1315 1515 1395 1578 modo

291 1613 389 1677 cessit
411 1612 602 1696 violentiae,
632 1615 685 1677 cui
709 1616 859 1678 resistere
883 1613 1000 1680 inutile
1030 1612 1216 1678 videbatur.
1265 1613 1349 1677 Dein
1370 1615 1395 1676 iu

291 1711 504 1775 Germaniam
521 1711 684 1776 abductus
705 1723 754 1775 cst
776 1712 917 1776 traditus
933 1711 1102 1776 custodiae
1119 1711 1286 1797 Aduldsgi
1308 1711 1396 1774 urchi·

291 1811 436 1894 episcopi
462 1809 734 1896 Humburgensis,
760 1812 916 1897 quicum
942 1814 975 1874 in
1000 1831 1120 1894 magno
1136 1809 1261 1874 honore
1286 1808 1395 1873 habuit.

292 1907 365 1972 Hac
408 1906 448 1970 de
492 1930 527 1972 rc
566 1908 681 1972 scribit
712 1907 864 1973 Adamus
897 1907 1103 1972 Bremensis:
1149 1907 1307 1970 Reversus
1341 1928 1396 1990 erp·

290 2008 326 2070 iu
343 2006 489 2091 patriam
513 2007 768 2094 archiepiscopus
791 2007 886 2071 duxit
909 2009 944 2070 in
967 2008 1116 2070 comitatu
1138 2027 1194 2068 suo
1209 2005 1396 2068 Benedictus·

292 2105 415 2190 Papam
439 2105 631 2182 ordinatum,
657 2109 712 2168 sest
736 2115 808 2169 tunc
832 2104 871 2168 ab
899 2105 1010 2169 Ottone
1028 2104 1223 2190 depositum,
1247 2125 1335 2188 queem
1355 2099 1394 2162 tlt

292 2203 325 2262 iu
350 2201 566 2287 Hammaburp
589 2203 750 2267 esestodiac
765 2201 918 2266 mandari
944 2204 1128 2288 praecepit,
1161 2201 1397 2286 archiepiscopus

293 2322 363 2362 nero
388 2323 497 2384 mepte
515 2323 584 2364 cum
598 2301 712 2364 bonore
729 2301 865 2364 detinuit
887 2323 983 2386 usque
1007 2299 1051 2363 noi
1075 2300 1192 2363 obitum
1215 2303 1294 2388 ejus.
1325 2298 1394 2361 Neu

290 2399 340 2461 vir
363 2408 489 2462 sanctus
513 2396 730 2485 litteratusque
755 2397 872 2462 dicitur
887 2382 1004 2484 pitisso,
1036 2409 1065 2462 et
1097 2399 1152 2483 qui
1175 2397 1290 2482 diprrus
1314 2395 1396 2482 Apos-
1440 2441 1441 2452 ,

292 2494 388 2559 tolica
412 2494 492 2560 Sede
521 2497 694 2576 videretur,
725 2521 746 2561 α
773 2497 893 2584 populo
915 2499 1059 2561 Romano
1090 2497 1155 2560 uisi
1181 2495 1267 2580 quod
1284 2517 1343 2580 per
1364 2503 1396 2554 tu·
1440 2511 1441 2546 I

291 2593 421 2658 multum
444 2594 556 2658 eiectus
580 2607 640 2674 est,
672 2594 801 2682 espuiso
836 2617 870 2658 eo
900 2617 988 2679 queem
1021 2594 1170 2658 ordinari
1191 2594 1294 2683 jussit
1316 2593 1397 2677 Impe-

290 2703 389 2757 rator.
427 2693 529 2777 Ipitur
553 2694 641 2779 apud
657 2715 713 2757 nos
728 2695 762 2756 in.
787 2703 896 2756 saneto
921 2693 1154 2756 corruersetione
1178 2691 1295 2770 vicens,
1319 2690 1394 2752 olior-

291 2813 347 2876 que
371 2802 476 2855 sancte
507 2793 605 2854 uoluere
637 2792 768 2870 docens,
802 2815 870 2854 cuns
891 2796 963 2881 jam
985 2791 1140 2854 liemon-is
1163 2787 1364 2876 poscentibus
1383 2809 1397 2848 e
1440 2809 1441 2830 ³

295 2887 429 2954 Caesare
451 2891 577 2952 restitui
600 2889 735 2966 deberet,
760 2889 848 2976 opud
872 2887 1090 2973 Hammoburp
1117 2889 1152 2951 in
1169 2911 1254 2973 poce
1285 2885 1396 2972 quierit

296 2987 463 3050 Trousitus
493 2991 559 3076 ejus
591 2999 703 3071 quarto
739 3009 841 3052 nonas
873 2987 959 3051 Julii
989 2989 1033 3058 (a.
1065 2983 1144 3070 965)
1175 2987 1339 3072 contipisse
1358 2983 1395 3044 de·

291 3084 448 3149 scribitur.
457 3083 481 3170 ¹)

381 3200 434 3264 85.
459 3199 528 3264 Leo
552 3199 636 3264 VIII
659 3199 750 3264 haud
766 3199 823 3263 diu
840 3198 960 3264 Sedem
975 3197 1201 3284 Apostolicam
1227 3195 1395 3282 occupavit.

291 3300 413 3362 etenim
432 3299 504 3383 jam
528 3300 663 3363 ineunte
687 3320 799 3362 mense
823 3297 941 3362 Martio
966 3319 996 3361 a.
1016 3297 1081 3360 965
1106 3296 1197 3362 obiit.
1245 3295 1396 3379 Antipsps
1440 3325 1441 3330 κ

291 3399 414 3482 passim
429 3395 585 3480 hebetur,
601 3395 735 3460 videtur
747 3405 859 3460 temen
876 3396 928 3457 vir
944 3394 1099 3458 honestus
1118 3393 1229 3475 fuisse,
1245 3409 1395 3480 quumque

291 3495 395 3560 laicus
426 3496 495 3580 ipse
526 3505 610 3558 esset
634 3493 687 3558 vel
718 3495 751 3557 in
775 3493 948 3558 ordinibus
980 3491 1164 3556 minoribus
1187 3499 1315 3555 tantum
1337 3507 1395 3551 con·
1436 3573 1437 3576 Ἴ

290 3596 434 3675 stitutus,
459 3615 498 3656 uc
522 3614 588 3657 non
612 3594 710 3678 pauci
742 3591 888 3678 episcopi
920 3589 1068 3676 deposito
1090 3589 1222 3654 Joanne
1245 3587 1313 3653 XII
1334 3603 1393 3648 eum

292 3691 450 3776 eligerent
472 3690 684 3770 Pontificem,
716 3690 798 3754 forte
829 3711 895 3754 non
920 3687 1098 3768 intellexit,
1132 3688 1196 3752 sibi
1225 3709 1291 3751 non
1312 3683 1394 3748 licere
1437 3759 1438 3764 ἵ

292 3799 465 3875 acceptare
489 3788 580 3853 illam
605 3789 811 3873 dignitatem.
849 3786 1006 3851 Advertit
1027 3784 1286 3872 Papebrocbius,
1309 3798 1393 3866 quun

292 3888 360 3952 Leo
384 3886 468 3951 VIII
492 3899 579 3951 certe
603 3909 706 3973 usque
730 3885 774 3950 ad
793 3885 966 3950 Benedicti
991 3883 1023 3946 V
1047 3883 1185 3948 exilium
1209 3882 1305 3946 fuerit
1327 3875 1392 3941 snti-

292 4007 394 4072 paps,
425 3985 496 4050 fieri
525 3995 637 4050 tamen
664 3986 825 4070 potuisse,
857 3993 894 4046 ut
915 3981 1117 4047 Benedictus
1141 3981 1173 4046 V
1196 3980 1285 4066 pacis
1309 3995 1389 4040 causo
1440 3971 1441 3994 ³

293 4084 377 4147 serio
401 4079 573 4148 abdicaret
595 4071 840 4168 pontificatum,
872 4105 912 4146 sc
937 4080 1014 4146 dein
1036 4080 1106 4146 Leo
1126 4072 1215 4144 VIII
1242 4099 1300 4163 per
1320 4069 1391 4157 ugul-

299 4217 505 4226 -—---—-——u

367 4279 386 4348 ²)
406 4277 436 4330 L.
456 4277 494 4333 ΙΙ.
513 4293 539 4332 u.
561 4279 611 4343 10;
631 4277 713 4331 Pertz
731 4275 769 4330 M.
789 4276 821 4330 G.
841 4277 895 4330 Sor.
915 4274 977 4330 VII.
997 4275 1058 4329 309.
