3002 4836
298 457 333 518 92
548 459 621 514 XIV.
641 461 682 515 Do
699 459 774 516 oivili
792 462 825 518 a
847 461 989 520 Pontifiois
1007 462 1169 532 principata

300 601 425 684 scribit,
449 603 561 668 maltos
584 626 616 670 oe
640 627 832 670 amarorum
846 605 964 692 vigiliis
980 629 1141 687 womaro,
1164 609 1207 672 sit
1220 609 1425 696 fraternitas

299 711 404 766 sesto
425 700 574 781 sollicita,
597 700 776 768 attollunt
806 726 902 789 aeque
920 727 982 790 per
1011 715 1152 770 nostr-mn
1173 729 1271 793 aequo
1291 731 1352 794 per
1376 733 1422 774 aa·

300 795 413 864 clasiae
436 821 557 878 nomen,
581 809 638 864 aut
659 798 795 885 quolibet
818 801 884 866 alio
908 801 999 868 niodo
1022 801 1155 888 defendi
1177 827 1199 868 a
1222 802 1340 891 vigiliis
1357 825 1425 890 po·

301 896 410 976 tiator,
426 895 481 962 sed
495 917 600 980 onmes
613 897 804 982 generaliter
827 899 1057 986 compellantur
1065 897 1099 986 ¹).
1146 899 1186 964 ld
1209 900 1318 987 ipsum
1333 923 1425 966 eom·

301 992 438 1058 mendat
475 995 630 1080 episeopo
668 993 869 1062 Calaritano.
917 997 1082 1062 Mororum
1110 996 1256 1084 sifidius,
1294 999 1425 1082 scribit,

300 1099 330 1156 et
352 1089 596 1156 sollicitudinem
629 1093 663 1156 in
687 1092 763 1158 loeis
778 1093 882 1179 faeite
912 1094 1053 1158 omuibus
1085 1094 1239 1160 adium
1285 1097 1329 1162 Et
1351 1121 1425 1162 eon·

292 1189 426 1274 fidimmr
456 1191 490 1254 in
522 1189 729 1276 redemptoris
758 1193 861 1256 uostm
877 1193 1035 1279 potentio,
1067 1195 1144 1278 quia
1166 1192 1427 1260 adtamen—am

303 1285 391 1352 nobie
415 1289 558 1352 incurata
583 1286 629 1352 nol
652 1289 792 1354 insidiae
815 1289 917 1354 doram
941 1311 1004 1354 noa
1026 1290 1223 1377 maenae).
1260 1291 1368 1358 Jussit
1392 1307 1428 1356 et

301 1386 498 1449 communiri
513 1383 624 1468 urbes,
638 1399 670 1450 et
682 1387 717 1450 in
733 1409 789 1454 eas
805 1385 918 1452 invehi
935 1388 1046 1472 copias
1058 1386 1278 1456 abundantes.
1302 1389 1423 1475 Longo-

215 1473 217 1480 ’
302 1481 471 1548 tardorum
482 1506 548 1564 rem,
561 1482 676 1548 seribit
690 1484 808 1568 eidem,
813 1508 927 1572 paoem
937 1507 999 1550 ison
1006 1485 1122 1571 faeiat.
1146 1486 1221 1552 ldeo
1231 1510 1354 1552 aecem
1366 1499 1425 1565 est,

301 1592 336 1645 ut
351 1580 549 1666 fraternitas
575 1593 687 1661 aest-ra,
711 1582 785 1646 ditm
801 1581 883 1661 licet,
900 1583 1056 1646 ciuitatem
1079 1606 1168 1648 suam
1191 1584 1239 1649 uel
1261 1583 1331 1650 alia
1351 1585 1429 1650 loeo

302 1679 420 1742 muniri
435 1679 617 1764 provideat,
642 1691 734 1766 atque
759 1681 918 1745 immineat
947 1692 980 1745 ut
1003 1679 1204 1746 abundanter
1226 1682 1262 1746 in
1284 1683 1331 1746 eis
1353 1705 1425 1746 eon-

303 1775 372 1840 dita
389 1789 617 1862 procurentur,
646 1788 800 1864 quatenus
822 1779 918 1845 itastis
942 1800 1007 1842 aon
1031 1779 1173 1844 inveniat
1195 1778 1280 1862 quod
1302 1778 1426 1859 laedet

303 1872 359 1938 sed
382 1871 531 1960 confusus
554 1873 744 1962 abscedat³).

395 1972 444 2036 13.
470 1969 535 2036 Sed
566 1971 648 2038 haee
681 1973 852 2047 sufficiunt
884 1984 920 2038 ut
951 1985 1081 2058 pateat,
1116 1975 1299 2039 maximum
1322 1974 1427 2038 fuisse

304 2091 344 2135 ea
367 2080 474 2132 aetate
497 2067 637 2135 Romani
662 2069 831 2154 Pontifieis
855 2073 889 2135 in
912 2093 964 2138 res
989 2070 1104 2136 eiviles
1118 2070 1235 2138 Italiae
1258 2070 1427 2136 inflexum

305 2180 405 2252 atque
427 2167 666 2252 auctoritatem,
690 2157 871 2253 meritoque
894 2170 1008 2254 reponi
1039 2170 1073 2232 in
1097 2166 1160 2234 hoe
1183 2167 1316 2235 influxu
1338 2170 1427 2255 prin·

305 2265 434 2349 eipatus
462 2265 532 2350 ejus
556 2263 664 2329 civilis
687 2267 889 2352 principium
913 2265 1080 2352 quoddam
1105 2277 1137 2331 et
1160 2265 1427 2332 fundamentum.

305 2360 444 2426 Saeculo
477 2363 565 2426 enim
599 2365 754 2449 septimo,
787 2375 971 2450 octavoque
1004 2365 1140 2430 ineunte
1170 2386 1222 2428 res
1250 2364 1285 2428 in
1308 2362 1428 2428 eodem

305 2467 391 2523 statu
411 2471 671 2546 permanserunt.
695 2460 766 2525 Imo
781 2463 887 2546 magis
902 2483 1032 2548 quoque
1048 2460 1124 2526 Itali
1139 2461 1324 2526 Romanum
1343 2461 1428 2526 Pon·

305 2557 427 2622 tilioem
452 2556 703 2623 considerarunt
725 2569 763 2623 ut
785 2569 1003 2645 protectorem
1017 2560 1244 2644 praecipuum,
1269 2558 1327 2644 qui
1351 2580 1429 2624 eon·

306 2654 397 2736 siliis,
421 2653 550 2740 opibus,
575 2653 709 2720 auxiliis
733 2667 894 2742 quantum
911 2668 1039 2742 poterat
1062 2669 1193 2742 praesto
1217 2669 1297 2736 erat,
1321 2678 1429 2741 quum

304 2752 348 2818 ab
372 2750 631 2839 Imperatoribus
665 2753 854 2838 frequenter
878 2753 1192 2840 derelinquerentur.
1239 2753 1317 2819 Jam
1343 2753 1428 2818 vidi-

305 2871 387 2931 mus,
414 2851 461 2914 ita
483 2852 512 2915 ei
537 2849 688 2916 addiotos
712 2853 812 2918 fuisse
836 2854 927 2916 cives
949 2851 1066 2918 Italiae
1089 2862 1122 2916 et
1146 2851 1276 2933 milites,
1291 2863 1329 2915 ut
1351 2873 1429 2916 eon·

305 2963 355 3013 tra
378 2949 497 3034 impios
530 2950 628 3013 etiam
661 2948 881 3035 quorumdam
912 2950 1151 3036 Imperatorum
1182 2958 1320 3012 oonatus
1350 2971 1428 3012 eum

305 3045 529 3112 defenderent.
576 3047 647 3112 Nee
676 3049 899 3112 neeessariam
933 3061 983 3115 est
1018 3051 1137 3114 iterum
1168 3067 1429 3112 commemorare

305 3167 353 3226 oa,
385 3166 469 3230 quae
500 3143 561 3209 sub
592 3141 753 3230 Gregorio
784 3145 817 3210 11
840 3146 1044 3212 acciderunt.
1091 3145 1157 3212 Sed
1186 3144 1294 3231 qualis
1326 3147 1432 3210 fuerit

303 3253 377 3328 post
410 3243 623 3326 irruptionem
651 3241 948 3328 Longobardorum
981 3255 1085 3308 status
1117 3242 1273 3328 politicus
1296 3241 1429 3326 Italiae,

304 3339 451 3403 breviter
474 3339 529 3406 hie
552 3362 718 3426 exponere
742 3343 909 3406 convenit.

143 3453 291 3506 masmae
396 3439 446 3504 14.
471 3440 612 3526 Regnum
629 3437 906 3524 Langobardorum
930 3440 964 3504 in
978 3435 1075 3503 Italia
1098 3439 1322 3504 vastissimum
1347 3453 1431 3520 erat,

135 3527 181 3558 ”¹¹¹
195 3515 294 3619 ff*
305 3556 408 3621 ‹puum
431 3547 562 3622 praeter
583 3535 714 3600 ltaliam
738 3535 1039 3623 septemtrionalem
1070 3537 1171 3600 etiam
1194 3537 1229 3602 in
1252 3535 1365 3614 media
1388 3557 1432 3602 ao

306 3632 513 3698 meridionali
523 3632 621 3699 Italia
644 3635 755 3699 varias
777 3635 929 3719 regiones
952 3645 1179 3720 occupassent
1203 3632 1324 3698 Totum
1344 3655 1430 3719 reg·-

305 3752 385 3796 num
408 3730 542 3817 quidem
567 3731 629 3796 sub
653 3753 729 3817 rege
763 3743 833 3796 erat
856 3733 1080 3814 constitutum,
1110 3731 1167 3818 qui
1191 3729 1303 3796 sedem
1326 3727 1432 3796 hobe-

306 3829 362 3894 bat
385 3828 495 3895 Ticini
529 3827 700 3916 (Papiae),
724 3843 759 3894 at
782 3829 883 3895 duces
906 3830 1043 3914 triginta
1066 3851 1125 3894 sex
1148 3829 1260 3894 varios
1284 3827 1431 3892 ducatus

306 3947 381 3990 suos
403 3926 636 4012 gubernabant
659 3927 762 3993 instar
793 3927 967 3993 feudorum
996 3924 1235 4012 independenti
1259 3924 1327 3991 fere
1352 3947 1432 3990 suc-

308 4221 316 4234 ·
383 4163 403 4230 ¹)
423 4164 453 4218 L.
474 4162 535 4218 VII.
553 4163 614 4218 lnd.
632 4162 656 4218 1.
674 4178 714 4232 ep.
734 4164 777 4220 20.
908 4163 983 4232 ἨΑ
1004 4163 1065 4218 VII.
1084 4162 1144 4220 Ind.
1162 4163 1200 4218 IL
1213 4177 1260 4232 ep.
1280 4164 1305 4220 2.

382 4245 404 4311 ⁸)
423 4243 489 4298 ltid.
510 4259 550 4311 ep.
570 4245 596 4298 ὅ.
616 4242 671 4298 err.
690 4243 757 4298 haee
775 4243 861 4298 citata
880 4259 922 4312 ap.
941 4241 1109 4300 Romatio.
1128 4243 1159 4298 P.
1178 4241 1229 4300 111
1249 4242 1280 4298 L
1299 4243 1364 4306 lec.
1384 4243 1430 4297 at.
