2952 4832
282 503 322 556 Ue
341 502 592 556 Praedecessoribus
611 502 636 556 S.
657 501 783 569 Gregorii
803 501 864 553 Vll.
1098 499 1148 552 261

124 647 173 712 50.
223 647 380 732 Superest
407 657 443 709 ut
475 667 779 727 commemoremus,
811 665 926 708 versus
950 644 1049 708 finem
1073 664 1151 728 pon-

60 743 174 808 tificatus
192 745 375 808 Alexandri
391 743 434 825 ΙΙ,
459 742 688 808 reconciliatos
712 744 873 827 cumipse
898 751 930 804 et
954 741 995 804 ad
1010 741 1151 806 honores

61 841 201 905 ulteriores
228 853 394 928 promotos
418 843 519 905 fuisse
544 841 626 906 dnos
650 841 815 920 homines,
848 841 904 925 qui
935 849 1047 924 postea
1071 838 1149 903 Gre-

58 943 123 1022 gorio
146 941 210 1005 VII
234 941 447 1004 infensissimi
472 939 605 1004 fncrnnt
628 939 819 1003 adversarii.
867 937 961 1000 Alter
976 939 1039 1000 fuit
1057 937 1221 1020 Hapoeno
1248 947 1325 989 arrr-

60 1035 199 1102 Ceodidae
216 1037 412 1120 CardinoliS,
437 1036 520 1102 alter
539 1037 719 1122 Gaidertae,
744 1039 923 1123 quiesque
947 1035 990 1100 ad
1014 1016 1324 1128 e.1063‘¹“⁸⁰{3f²¹b⁸¹“

57 1135 247 1200 cancellarius
262 1136 378 1201 Italiae
402 1147 434 1199 et
450 1134 584 1200 Cadaloi
610 1146 776 1222 protector
798 1136 915 1198 fuerat.
950 1135 1048 1219 Hugo
1065 1133 1148 1198 Can·

57 1233 130 1296 didos
161 1257 203 1298 ex
227 1235 391 1298 Romeriei
422 1245 533 1298 monte
565 1234 620 1322 (de
644 1232 893 1319 Remiremont),
927 1235 975 1295 uti
999 1231 1055 1296 alii
1080 1237 1149 1318 qui-

56 1330 110 1394 dam
133 1333 357 1416 Lotlraringii,
392 1332 452 1397 sub
487 1333 599 1396 Leone
623 1333 673 1396 IX
705 1333 843 1395 Romam
878 1341 1014 1394 venerat
1050 1353 1149 1394 suasu

56 1427 130 1512 hujus
167 1431 355 1514 Pontificis,
404 1441 436 1494 et
474 1454 493 1494 a
526 1431 637 1494 Leone
679 1429 865 1494 Cardinalis
903 1437 1031 1492 creatus
1068 1439 1148 1492 erat.

55 1524 98 1588 l⁷ir
117 1540 185 1591 erat
208 1531 242 1592 in
266 1531 407 1613 negotiis
431 1530 584 1613 gerendis
609 1541 768 1608 versatae,
798 1527 855 1592 sed
879 1525 1060 1590 ambitione
1083 1525 1148 1612 ple-

53 1645 105 1690 nos.
134 1635 166 1688 et
194 1637 342 1711 tempore
365 1626 493 1690 Nicolai
518 1627 552 1690 Il
582 1651 601 1690 a
624 1627 785 1690 Pontiliee
816 1625 938 1688 defecit
964 1625 1006 1688 ad
1041 1635 1150 1710 partes

54 1722 226 1808 imperiales,
261 1725 366 1812 Hajrrs
381 1747 499 1810 praeque
518 1724 667 1810 praefati
682 1724 842 1806 Pontificio
867 1734 1012 1810 tempore,
1037 1723 1152 1787 scribit

53 1819 165 1902 lioniao.
191 1823 282 1906 Hapo
301 1822 466 1886 Candidati
486 1822 671 1886 Cardinalia
686 1825 848 1886 Romanae
865 1871 928 1886 ....
952 1846 972 1884 a
988 1824 1151 1884 Romanae

52 1917 176 1983 eeclesiae
210 1922 337 1983 recessit
370 1923 525 1984 nimietate.
579 1921 627 1983 De
667 1926 755 2008 errjae
787 1943 907 1982 moram
941 1921 1151 2006 perversitate

51 2015 140 2078 rii-eliae
172 2027 217 2080 esi
239 2017 333 2080 ater-e
357 2043 450 2104 paam
470 2042 577 2105 pauca
601 2020 714 2094 dicere,
748 2019 803 2080 red
831 2029 866 2080 at
896 2019 1017 2080 breniae
1041 2029 1151 2080 attacta

46 2118 248 2201 peretrinpam,
280 2116 384 2201 patalia
406 2116 479 2202 fra'i
514 2117 622 2196 oralia,
654 2118 728 2179 talia
748 2117 821 2202 fait
840 2117 953 2202 factis.
1005 2115 1045 2179 Ui
1069 2115 1150 2177 enim

49 2209 140 2274 latrat
161 2223 295 2277 retortos
319 2215 440 2291 oca-ior,
473 2217 521 2277 ita
545 2219 612 2302 ejas
634 2225 753 2277 retorta
769 2214 866 2296 faere
887 2215 985 2299 faeta
999 2215 1035 2290 ¹).
1082 2212 1151 2275 Ali-

49 2319 152 2390 quanto
185 2321 404 2396 peritomen,
437 2313 562 2376 scilieet
585 2335 672 2376 anno
701 2313 795 2392 1068,
830 2336 863 2375 sc
889 2333 964 2374 cum
989 2311 1150 2374 Pontifice

47 2409 265 2473 reconciliavit.
314 2411 432 2473 Eodem
456 2422 591 2495 tempore
617 2411 708 2495 Hapo
737 2409 911 2488 Candidas,
943 2411 989 2472 ait
1012 2409 1147 2486 Recine,

43 2517 104 2586 poet
127 2507 239 2570 miritae
262 2511 407 2571 miseriae
430 2519 459 2570 et
482 2509 591 2571 cariae
615 2531 692 2594 qaae
717 2509 771 2572 malr
792 2507 934 2573 Cadaioo
952 2531 1072 2594 praseae
1096 2519 1150 2584 eet,

48 2603 157 2666 tandem
181 2607 225 2668 ad
247 2607 457 2668 venerabilem
478 2607 600 2692 Papam
623 2609 759 2684 veniens,
782 2609 906 2670 ‘aeciam
925 2607 1021 2692 pet-iit
1044 2617 1073 2669 et
1096 2607 1151 2668 im·

43 2706 177 2781 petracii,
211 2727 336 2789 campie
361 2706 405 2767 ad
428 2706 623 2790 Hispaniam
648 2705 745 2789 lopati
758 2705 900 2790 scopans
924 2705 1028 2789 officio
1054 2706 1150 2767 mitte-

47 2810 125 2877 relar,
140 2801 295 2886 quidquid
309 2802 508 2884 aedificabat,
525 2805 637 2865 iteram
654 2803 842 2888 dissipabat.
859 2804 946 2866 Nam
961 2803 1150 2865 simoniacos

42 2899 164 2976 primam
196 2899 320 2984 quidem
348 2899 542 2962 calidissime
567 2901 832 2986 persequebatur,
860 2911 974 2988 postea
1003 2923 1078 2962 vvero
1102 2923 1150 2962 ae·

45 3005 120 3078 epta
143 2999 283 3081 pecunia
315 2998 557 3076 r·ecoaciliabai,·
593 3000 677 3083 qaod
709 3001 783 3062 dam
812 3010 999 3085 comperiam
1031 2999 1151 3060 Romae

38 3089 152 3170 for'eaet,
177 3117 246 3157 eam
270 3093 309 3156 ab
326 3095 485 3180 Hispanis
509 3100 614 3158 atatim
637 3109 784 3160 reroeant
808 3109 838 3160 et
865 3099 981 3161 Itoniae
1005 3095 1150 3159 habitare

41 3193 239 3277 praecipiant,
264 3193 344 3256 lraoe
369 3194 403 3256 io
424 3217 491 3255 eam
515 3195 739 3258 oriorantrarem
763 3196 958 3258 ostendentes
977 3195 1149 3280 praecipere

44 3291 203 3352 reverentia
234 3289 430 3353 ordinatoria
468 3294 549 3378 ejas,
585 3292 669 3354 deaii
700 3293 820 3356 scilicet
850 3295 960 3379 Papae
985 3291 1150 3372 laoniae).

42 3381 185 3450 Pervenit
215 3397 324 3450 tomen
357 3387 455 3472 Hugo
498 3391 615 3452 iterum
656 3389 698 3452 ad
732 3391 896 3454 influxum
929 3401 962 3454 et
991 3390 1150 3453 honorem

43 3484 204 3567 majorem,
245 3493 277 3547 et
314 3487 348 3548 in
379 3486 539 3550 electione
580 3485 731 3571 Gregorii
764 3489 832 3551 VlI
861 3509 999 3571 magnas
1035 3487 1152 3551 habuit

42 3591 147 3658 portes.
195 3583 261 3646 Sed
285 3584 383 3668 paulo
408 3595 483 3670 post
505 3607 525 3649 a
549 3583 708 3670 Gregorio
732 3586 799 3650 VII
824 3585 954 3650 defecit.

117 3708 170 3770 51.
218 3706 410 3792 Guibertrm,
441 3711 489 3773 uti
524 3710 680 3792 diximus,
721 3709 936 3776 cancellarius
970 3713 1150 3796 imperialis

41 3798 143 3868 ltaliae
173 3807 237 3869 fuit
271 3815 302 3868 et
332 3811 525 3892 antipapam
559 3811 725 3893 promovit
750 3809 943 3894 Cadmeum,
978 3835 1053 3876 cnm
1085 3837 1149 3899 quo

36 3919 96 3978 Jarn
121 3914 323 3968 convenerat
347 3917 382 3968 nt
406 3908 435 3969 ci
461 3908 494 3970 in
516 3909 742 3993 episcopatum
760 3907 971 3972 Parmensem
997 3911 1149 3974 suecede-

39 4007 87 4062 ret.
117 4002 181 4066 Sed
196 4025 254 4088 epe
277 4004 452 4068 frustratus
477 4015 540 4086 cst,
565 4027 667 4092 quum
684 4003 849 4069 Cadalone
865 4007 969 4070 Roma
995 4007 1151 4094 depulsus

39 4131 241 4148 “““·--ι--

104 4195 125 4262 ¹)
144 4197 182 4250 Do
201 4213 299 4265 persea.
320 4199 349 4251 L.
370 4200 417 4253 VI.
437 4215 480 4265 ap.
500 4199 663 4255 Wotterich.
689 4203 709 4254 1.
731 4203 791 4254 212.

103 4273 123 4340 l)
140 4274 171 4330 L.
191 4293 213 4332 a.
233 4294 259 4346 p.
279 4281 338 4333 265.
