2952 4832
366 511 404 563 oe
423 509 587 563 Pontificem
604 511 631 562 S.
651 506 777 577 Gregorii
795 507 857 560 Vll.
1112 509 1167 563 285

59 653 144 717 sliam
168 654 403 739 melioremque
418 653 612 717 Pontificem
637 654 812 738 recepturi.
843 651 1026 736 Gregorius
1050 673 1164 738 oppro-

60 749 119 813 bria
138 750 227 815 illius
251 750 397 815 hominis
421 773 496 814 cum
512 772 634 835 magna
657 748 894 836 tranquillitate
910 749 1051 830 audivit,
1076 772 1165 815 eum-

59 871 110 932 que
130 851 233 913 tuitus
257 860 315 930 est,
341 871 382 913 no
406 871 524 912 manus
548 851 583 912 in
607 850 715 934 ipsum
731 848 965 933 injicerentur3
991 848 1068 912 dein
1085 869 1165 912 vero

60 947 176 1010 concilii
201 949 380 1011 sessionem
396 949 430 1010 in
446 956 637 1032 sequentem
662 945 751 1009 diem
772 947 971 1030 prorogavit.
1001 947 1167 1031 Exposuit

58 1055 124 1107 tunc
155 1067 193 1108 ea
229 1067 315 1130 quae
347 1045 389 1108 ab
425 1045 571 1108 Henrico
610 1046 740 1108 fuerant
770 1053 931 1108 attentata
962 1053 1165 1131 conatusque

58 1163 130 1222 suos,
154 1153 190 1206 ut
207 1143 249 1207 ad
275 1143 445 1206 meliorem
469 1163 544 1206 eum
569 1143 697 1226 frugem
723 1151 940 1207 converteret.
977 1143 1065 1206 Dein
1090 1163 1165 1208 con·

58 1241 262 1304 sentientibus
299 1262 338 1304 ac
379 1239 569 1325 petentibus
608 1241 772 1325 episcopis
804 1241 1032 1326 praesentibus
1062 1243 1167 1306 variis

57 1340 158 1420 poenis
181 1361 254 1402 reos
277 1338 418 1403 addixit.
465 1336 661 1421 Sigisridum
689 1337 977 1424 archiepiscopum
1001 1338 1164 1422 Mogonti-

57 1456 134 1516 num,
158 1436 364 1502 Guilelmurn
388 1435 645 1521 Trajectensom,
670 1435 849 1500 Robertum
873 1435 1165 1519 Bambergcnsem,

57 1535 103 1616 qui
136 1538 332 1620 praecipuas
367 1543 476 1620 partes
513 1534 545 1598 in
578 1532 798 1598 conciliabulo
830 1534 1070 1598 Wormatiensi
1109 1534 1164 1599 ha-

57 1629 192 1716 buerant,
218 1633 541 1712 excommunicatum
567 1635 703 1696 caeteris
720 1633 777 1718 qui
793 1631 840 1696 illi
862 1633 1041 1695 conventui
1066 1633 1164 1696 inter·

57 1729 175 1794 lucrant
202 1730 352 1794 eamdem
382 1751 522 1816 poenam
560 1730 779 1794 comminatus
809 1739 868 1809 est,
904 1720 967 1793 nisi
993 1752 1096 1816 usque
1120 1731 1164 1795 sd

57 1825 92 1888 29
123 1826 207 1891 diem
236 1828 330 1893 Junii
355 1826 510 1892 Pontifici
545 1827 783 1890 satisfacerent.
829 1827 1012 1913 Episcopos
1035 1828 1164 1912 Longo·

57 1921 165 1988 bardos
188 1927 244 2010 qui
270 1933 384 1988 contra
407 1924 602 1989 Pontificem
627 1925 908 2010 conspiraverant,
938 1924 980 1988 ab
1005 1928 1094 1990 omni
1120 1927 1164 1990 of-

56 2021 121 2084 ficio
157 2023 334 2108 episcopali
375 2023 549 2108 suspendit
587 2034 619 2086 et
657 2023 699 2086 ab
725 2021 895 2086 Ecclesiae
932 2026 1164 2088 communione

56 2123 220 2202 separavit.

136 2313 185 2374 il.
234 2308 524 2374 Consentientibus
559 2311 683 2398 pariter
723 2311 884 2396 episcopis
923 2322 954 2373 et
992 2325 1163 2399 praesente
1174 2327 1285 2374 Senensis
1312 2333 1336 2375 u

55 2409 173 2492 Agnete
188 2407 403 2492 imperatrice
418 2405 587 2472 Ecclesiae
611 2407 850 2486 addictissimi,
876 2412 1071 2474 sententiam
1089 2411 1165 2476 tulit
1195 2401 1318 2444 mm·

54 2507 84 2568 in
100 2507 275 2570 Henricum
299 2527 421 2589 regem.
453 2503 598 2570 Solcmni
623 2504 774 2569 adhibita
798 2507 1008 2571 invocatione
1033 2533 1058 2572 s.
1075 2509 1163 2572 Petri

54 2605 130 2666 inter
145 2603 210 2667 slis
234 2603 415 2686 Gregorius
429 2601 496 2666 VII
520 2603 618 2667 dicit:
643 2605 696 2668 Es
720 2615 775 2667 tua
797 2607 914 2688 pratia,
939 2629 1001 2669 aaa
1026 2631 1065 2669 erc
1088 2611 1165 2674 meis

55 2703 163 2765 meritis
185 2702 286 2778 creda
311 2701 394 2786 quod
410 2701 468 2764 tili
484 2701 612 2788 placuit
636 2713 665 2765 et
687 2701 803 2788 placet,
827 2714 862 2764 at
879 2704 1021 2790 populus
1045 2705 1163 2769 christi-

55 2823 126 2864 aoros
148 2799 205 2863 tibi
233 2797 413 2885 specialiter
437 2801 615 2862 commissas
640 2801 715 2863 milti
746 2799 872 2862 obediat
900 2802 1082 2888 specialiter
1102 2827 1163 2890 pro

55 2899 110 2958 rice
141 2897 197 2960 tili
227 2900 399 2977 commissa,
436 2908 464 2959 et
496 2897 570 2961 miti
600 2909 656 2960 tua
678 2899 787 2982 pratia
811 2910 856 2962 est
874 2911 1019 2987 potestas
1051 2926 1071 2964 a
1094 2901 1163 2965 Deo

55 2995 123 3059 data
145 2993 271 3081 lipaudi
294 3006 385 3080 atque
410 2993 553 3058 soluendi
575 2997 609 3058 irs
633 2995 717 3058 coelo
753 3006 782 3058 et
806 2999 840 3059 ia
864 3008 959 3061 terra.
1008 3001 1079 3062 Hac
1103 3001 1163 3063 ita-

56 3115 103 3176 que
116 3093 238 3176 fiducia
253 3091 362 3179 fretas
380 3115 444 3180 pro
468 3091 614 3156 ecclesiae
640 3105 711 3158 tuae
735 3095 849 3157 honore
874 3106 904 3157 et
920 3095 1101 3182 defensioue
1125 3121 1166 3160 ere

51 3203 134 3274 parte
158 3193 221 3255 Dei
244 3193 466 3278 omat'protentis
491 3191 608 3269 Patris,
638 3189 717 3255 Filii
740 3203 770 3255 et
794 3191 935 3278 Spiritus
959 3193 1078 3276 Sancti,
1104 3219 1164 3282 per

57 3299 130 3352 taam
155 3300 343 3376 potestatem
374 3300 403 3350 et
427 3291 655 3367 auctoritatem,
689 3291 828 3353 Hearico
852 3295 919 3378 repi
932 3293 1006 3375 filio
1030 3295 1166 3356 Heariei

56 3386 258 3472 Imperatoris,
291 3389 345 3472 qui
368 3397 479 3450 contra
513 3397 599 3450 uram
623 3387 797 3451 Ecclesiam
829 3390 980 3452 inaudita
1015 3389 1165 3476 superbia

56 3485 228 3562 incurrerit,
253 3487 347 3547 lotias
370 3487 462 3570 repsi
479 3485 736 3548 Teatlconicomam
761 3497 789 3547 et
812 3487 929 3550 Italiae
951 3486 1164 3574 gubernacula

56 3583 234 3662 contradico,
267 3593 296 3645 et
319 3605 424 3646 omues
451 3581 651 3647 Christianos
681 3608 702 3646 a
730 3583 853 3648 viuculo
874 3586 1053 3674 juramenti
1081 3585 1167 3674 qaod

57 3679 109 3742 sili
122 3681 269 3765 fecerunt
291 3677 476 3766 celfacieot
499 3679 635 3758 absolue,
661 3693 690 3745 et
712 3692 747 3744 at
769 3681 876 3747 sallas
900 3686 929 3747 ei
945 3685 1061 3748 seruiat
1084 3686 1166 3747 sicat

56 3781 122 3862 rcpi,
150 3779 313 3843 interdico.
359 3779 499 3864 Dipaam
537 3790 582 3842 est
612 3780 704 3857 euim,
736 3791 771 3842 at
804 3784 858 3866 qai
890 3782 992 3844 studet
1019 3782 1166 3844 honorem

57 3872 203 3940 Ecclesiae
237 3888 308 3940 tace
332 3877 480 3954 minuere,
513 3879 580 3963 ipse
604 3879 748 3940 honorem
782 3882 906 3942 remittat
930 3903 1017 3966 quem
1040 3880 1167 3942 videtur

56 3969 165 4037 labere.
195 3975 236 4038 Et
254 3976 329 4058 quia
353 3975 432 4038 sicta
452 3971 650 4038 Christianus
674 3979 859 4062 contempsit
882 3977 1018 4054 obedire,
1043 3999 1097 4040 nec
1120 3978 1166 4041 ad

56 4066 147 4132 Deum
177 4071 277 4150 redit,
326 4093 414 4158 quem
449 4071 570 4135 dimisit
610 4073 843 4159 participando
879 4077 1164 4156 eccommuaicao's,

56 4187 171 4252 meaque
188 4171 307 4232 monita
323 4191 402 4253 quae
427 4171 456 4232 ei
477 4192 537 4255 pro
553 4169 654 4234 saltate
678 4173 759 4251 misi,
785 4182 813 4234 tc
831 4182 904 4236 teste
920 4173 1049 4257 spreuit,
1075 4195 1165 4257 seque

57 4261 90 4323 al
105 4265 245 4331 Ecclesia
261 4277 325 4345 tua,
351 4278 474 4331 tentaras
499 4291 566 4332 ecoe
583 4269 733 4350 scindere,
758 4273 930 4354 separauit,
956 4270 1079 4334 viuculo
1097 4295 1167 4334 eam
