2952 4832
283 516 324 570 De
343 511 595 568 Pmedsoessoribus
613 513 638 566 8.
657 512 785 582 Gregorii
804 511 867 566 VII.
1106 513 1158 566 243

64 683 138 725 aureo
165 663 246 748 reaia
277 662 402 748 ejusque
434 658 547 721 mattis
569 658 713 734 venosa,
743 657 791 719 ait
813 656 882 719 Leo
907 655 1124 738 Ostiensis,
1111 681 1158 722 aa·

62 759 223 843 difflratioue
245 759 347 820 nimia
370 755 467 832 daed,
500 753 584 840 prod
614 755 689 817 baec
720 755 787 818 eine
815 751 943 817 illoram
974 755 1106 819 emtailt'o
1130 766 1160 819 ot
1192 748 1297 870 ἛΙΜ

62 859 227 920 maritate
248 865 339 970 posta
353 853 505 940 siuissent,
530 862 560 914 et
583 852 649 937 ipsi
671 850 874 914 nibilominus
893 848 1069 916 Codoloum
1082 831 1220 917 Por-uu

62 975 172 1016 nomem
201 954 393 1066 episcopum
411 951 499 1014 ultra
526 959 645 1012 moutee
675 971 697 1011 a
719 946 902 1012 Placentino
938 949 1108 1014 damtooeat
1130 961 1160 1013 et

65 1049 220 1114 Vercelliuo
253 1049 423 1135 episcopie,
463 1051 538 1134 ipso
568 1045 620 1109 dio
645 1044 734 1129 festo
767 1044 989 1131 Apostolorum
1022 1046 1160 1112 Simonis

59 1159 83 1208 et
100 1149 201 1212 Judae
225 1150 259 1211 iu
272 1169 398 1234 papam
421 1147 497 1231 atys
511 1145 653 1231 sueirmt,
685 1165 810 1228 saumae
834 1147 968 1208 Romam
990 1169 1006 1208 o
1028 1148 1159 1232 arsapio

57 1246 93 1306 od
112 1246 356 1332 impapuaudam
390 1245 454 1307 aiot
484 1241 739 1306 exordinandam
762 1239 923 1305 ecclesiam
954 1267 1022 1307 cam
1048 1243 1160 1308 ualida

58 1365 137 1406 meaa
159 1342 292 1407 utilitum
316 1352 345 1406 et
361 1342 503 1428 poeonia
525 1339 626 1403 multa
650 1341 877 1404 transmittunt.
885 1339 909 1425 ¹)

130 1452 181 1515 31.
229 1447 395 1513 Cadalous
419 1447 664 1533 expeditionem
689 1446 872 1510 Romanam
896 1448 1079 1534 suscipiens
1102 1449 1159 1512 ali-

57 1557 165 1632 quanto
189 1549 223 1611 in
248 1547 372 1611 Tuscia
395 1545 581 1610 retardatus
605 1553 654 1608 est
675 1545 933 1629 perBeatricem
957 1547 1157 1611 comitissam

53 1643 231 1709 Alexandro
266 1644 297 1709 11
328 1644 515 1726 addictam3
547 1642 603 1706 sed
636 1643 768 1706 interim
800 1645 892 1707 misit
913 1643 1051 1708 Romam
1075 1644 1159 1708 Ben-

51 1763 154 1806 zouem
191 1745 383 1828 episcopum
424 1741 604 1806 Albensem
634 1741 846 1825 Imperatoris
885 1741 1057 1826 asseclam,
1101 1744 1158 1828 qui

52 1839 151 1904 multis
182 1861 258 1904 cum
284 1838 476 1904 muneribus
499 1841 592 1903 venit
617 1839 651 1902 in
668 1838 803 1918 Urbem,
828 1848 860 1902 et
883 1847 1009 1924 partem
1033 1841 1158 1904 civium

51 1935 183 2002 Cadaloo
216 1938 368 2003 adscivit.
415 1938 449 2001 Is
480 1937 559 2002 dein
589 1937 727 2000 veniens
758 1937 811 2001 dio
845 1937 902 2000 14⁰
925 1935 1050 2022 Aprilis
1085 1938 1158 2002 Ale-

48 2036 156 2100 xandri
180 2036 216 2100 II
240 2036 286 2122 (et
310 2034 546 2120 Hildebrandi)
571 2035 682 2118 copias
707 2035 841 2120 devicit,
873 2044 906 2098 et
928 2045 1054 2121 partem
1079 2038 1158 2100 oiri-

48 2135 114 2196 atis
137 2136 326 2219 occupavit,
351 2133 431 2197 dum
455 2133 592 2198 alteram
615 2143 743 2217 partem
758 2132 950 2197 Alexander
964 2133 998 2198 II
1021 2145 1157 2200 teneret.

46 2231 174 2296 Frustra
198 2255 222 2298 s.
238 2232 355 2296 Petrus
380 2231 539 2296 Damiani
564 2229 747 2295 Oadaloum
772 2255 791 2294 a
816 2231 990 2298 conatibus
1013 2234 1080 2296 suis
1103 2255 1157 2297 ue-

44 2328 129 2394 lastis
168 2330 287 2395 litteris
324 2330 499 2411 deterruit,
545 2338 578 2392 et
612 2328 782 2392 Ecclesiae
819 2330 897 2415 jura
933 2342 1046 2395 contra
1082 2353 1157 2395 eum

44 2429 273 2513 propugnavit.
320 2427 435 2492 Mense
473 2427 562 2513 Majo
603 2429 682 2490 euni
724 2427 809 2491 1062
848 2426 1050 2492 Godefridus
1089 2429 1158 2494 dux

43 2523 193 2592 Etruriae
218 2535 356 2590 conatus
380 2536 428 2590 est
452 2524 565 2589 turbas
589 2524 704 2588 sedare
731 2535 764 2588 et
786 2547 902 2610 pacem
927 2526 1156 2591 reconciliare:

40 2625 209 2707 proposuit
241 2622 413 2703 videlicet,
450 2631 486 2686 ut
517 2631 589 2686 tum
620 2621 813 2688 Alexander
835 2623 870 2688 11
901 2632 970 2688 tum
994 2623 1157 2690 Cadalous

38 2721 69 2785 in
92 2743 172 2786 suos
195 2720 342 2785 redirent
374 2722 601 2806 episcopatus,
638 2729 670 2784 et
706 2723 948 2786 controversiae
982 2722 1157 2808 diremptio

38 2818 89 2882 vel
112 2820 233 2884 saltem
258 2819 418 2883 discussio
434 2821 694 2882 committeretur
710 2821 873 2904 episcopis
889 2820 1005 2884 Italiae
1029 2831 1061 2884 et
1077 2819 1157 2886 Ger·

35 2919 168 2982 maniae
192 2926 292 3002 atque
315 2917 410 2981 aulae
434 2916 667 3002 Imperatriois.
698 2916 938 2998 Alexandrum,
964 2919 1057 3004 cujus
1076 2919 1157 3005 juri·

35 3013 94 3078 bus
119 3013 326 3080 Godefridus
359 3014 503 3094 favebat,
544 3016 614 3099 ipse
646 3035 683 3078 eo
713 3015 864 3096 adduxit,
903 3028 939 3080 ut
961 3016 1089 3081 Lucam
1123 3039 1157 3080 se

33 3114 218 3194 conferret3
250 3122 330 3177 tuuc
354 3114 454 3177 etiam
480 3112 645 3178 Oadalous
669 3113 807 3178 adactus
830 3125 888 3194 est,
914 3124 951 3177 nt
974 3136 1050 3178 cum
1074 3114 1157 3179 Beu-

32 3231 114 3274 zone
141 3211 300 3275 Parmam
325 3233 394 3274 sese
418 3213 589 3296 reciperet.

122 3328 180 3394 32.
210 3328 348 3394 Interim
363 3326 578 3392 vehementer
601 3325 739 3392 ardebat
762 3331 987 3393 controversia
1002 3330 1042 3392 de
1061 3334 1316 3450 uniusssgssto'ff·

1196 3418 1257 3458 spor
1290 3429 1301 3440 ·

31 3424 218 3490 alteriusve
245 3425 416 3490 Pontificis
440 3424 588 3508 legitima
612 3423 698 3489 sedis
727 3427 948 3510 posscssione3
982 3429 1156 3514 exprobra·
1212 3479 1270 3520 atu.

28 3521 112 3588 bant
147 3525 238 3588 enim
264 3523 400 3588 Cadaloi
433 3524 578 3587 lautores
601 3521 793 3587 Alexandro
827 3525 860 3588 ΙΙ
895 3526 1031 3611 ejusque
1061 3531 1156 3613 parti,

27 3621 120 3706 quod
151 3624 230 3706 jura
260 3621 397 3684 Henrici
422 3621 481 3702 IV,
517 3623 580 3706 ipsi
611 3622 709 3685 etiarn
743 3621 922 3686 aNicoleo
951 3625 983 3686 11
1023 3638 1156 3708 asserta,

28 3803 252 3812 o———-—--—.--

102 3908 125 3972 ι)
158 3903 188 3958 L,
213 3921 235 3960 ο,
264 3933 298 3942 -
326 3905 359 3958 In
383 3903 534 3958 Annalibus
558 3903 749 3957 Altahensibne
772 3904 916 3972 majoribus
941 3908 1028 3963 relata
1051 3911 1157 3980 arigim

21 3985 188 4040 schismatis
202 3983 311 4038 Cadaloi
331 3983 470 4052 adjicitur:
493 3984 594 4050 „Initia
612 3984 731 4038 dolomm
750 3984 822 4040 baec.
848 3985 906 4039 Rex
920 3988 990 4042 enim
1009 4005 1076 4057 puer
1088 4000 1155 4060 erat,

20 4073 116 4120 mater
140 4079 208 4118 vero
227 4071 322 4132 utpote
341 4063 502 4119 seminabis
521 4071 549 4119 et
568 4063 623 4118 illis
642 4065 846 4120 consiliantibus
865 4067 943 4121 facile
956 4069 1074 4138 cedebat,
1094 4075 1156 4129 reli-

20 4147 68 4212 qui
90 4159 166 4198 rero
185 4143 283 4212 palatii
301 4145 485 4212 praesidentes
504 4159 594 4198 omnes
608 4145 742 4198 avaritiae
761 4145 911 4212 inhiabant,
931 4155 959 4202 et
971 4151 1029 4205 sine
1042 4155 1156 4220 pecunia

21 4225 59 4278 rbi
80 4225 118 4279 de
141 4224 232 4278 musis
251 4223 307 4278 suis
325 4241 403 4280 nemo
418 4225 557 4294 justitiam
575 4223 739 4278 inveniebat.
766 4235 794 4280 et
813 4227 871 4280 ideo
890 4227 931 4281 ies
950 4231 1077 4300 nefasque
1095 4250 1155 4288 cou-

19 4305 119 4360 tusum
143 4307 231 4358 erat‘·
269 4303 311 4358 Ad
330 4321 354 4359 a.
376 4303 452 4359 1060.
472 4307 508 4362 M.
528 4305 559 4359 G.
579 4305 633 4359 Ser.
653 4304 713 4361 XX.
732 4307 793 4362 eto.

996 4403 1047 4454 16*
