3002 4836
304 471 340 525 62
664 473 703 527 De
722 473 827 528 haeresi
845 473 1077 528 iconoclastarum.

304 615 379 679 inde
409 616 580 695 dederunt;
612 627 642 680 et
670 619 705 681 ia
737 619 792 681 boo
815 617 999 696 ostenditur,
1033 617 1108 702 quio
1132 637 1172 680 eae
1193 639 1255 680 uno
1284 615 1433 704 capitulo

303 736 346 777 ee
376 735 481 777 errore
512 717 661 794 reversis,
686 739 725 778 err
757 714 834 779 aliia
866 714 986 780 duobus
1018 717 1053 778 ie
1086 713 1192 777 eodem
1213 725 1434 802 permaneant

305 810 453 896 mord).
498 810 593 876 Unde
617 811 722 892 rides,
748 811 956 878 Hadrianum
988 813 1066 877 inde
1091 811 1134 876 ab
1158 811 1253 877 initio
1278 831 1432 896 compro-

305 907 401 973 basse
425 907 598 991 synodum
619 910 804 975 Nicaenum
828 911 872 991 11,
897 911 955 976 sed
979 909 1123 975 noluisse
1147 909 1326 975 solemnem
1352 929 1433 974 con-

304 1005 501 1069 firmationis
524 1007 697 1092 epistolam
720 1007 762 1072 ad
786 1008 1005 1094 Imperatores
1028 1008 1182 1073 scribere.
1216 1008 1312 1072 'l'unc
1337 1009 1432 1072 enim

306 1125 348 1167 ne
371 1125 449 1168 suae
475 1108 662 1171 auctoritati
676 1105 813 1189 deesset,
827 1105 996 1170 debuisset
1010 1107 1161 1171 insistere
1186 1108 1220 1170 in
1243 1105 1432 1193 repetenda

306 1201 449 1266 dioecesi
460 1201 605 1285 Illyrica,
621 1213 653 1267 et
667 1205 702 1267 in
713 1203 939 1270 vindiciandis
953 1205 1159 1289 patrimoniis
1169 1203 1201 1268 S.
1214 1203 1319 1288 Sedis,
1337 1203 1432 1289 quod

307 1321 344 1364 eo
369 1309 515 1387 tempore
538 1304 647 1366 minus
671 1313 892 1388 opportunum
916 1301 1103 1384 videbatur,
1126 1323 1169 1366 ne
1193 1303 1271 1366 unio
1297 1303 1357 1364 vix
1382 1323 1433 1365 re-

307 1399 427 1463 sarcita
452 1400 570 1464 iterum
596 1411 813 1486 rumperetur.

398 1498 449 1562 73.
474 1497 572 1562 Forte
602 1498 758 1563 Pontifex
790 1499 889 1562 etiam
913 1495 1074 1562 abstinuit
1104 1519 1124 1561 a
1147 1495 1285 1561 solemni
1309 1519 1433 1583 appro-

307 1593 439 1660 batione
470 1595 580 1660 statim
614 1595 850 1682 impertienda,
882 1617 924 1658 ne
955 1594 1066 1681 aliqua
1098 1596 1259 1681 oppositio
1292 1597 1327 1658 in
1361 1617 1432 1658 una

306 1691 451 1758 alterave
467 1693 660 1758 Occidentis
683 1695 816 1777 regione
831 1704 903 1758 orta
926 1695 1112 1778 graviorem
1138 1690 1322 1757 molestiam
1340 1715 1433 1756 crea-

306 1800 372 1872 ret,
406 1790 559 1877 quodque
592 1791 746 1876 prudenti
780 1793 972 1855 oeconomia
1005 1801 1102 1856 antea
1126 1789 1254 1874 Synodi
1278 1790 1365 1854 Acta
1400 1801 1433 1853 et

153 1888 281 2000 {mmm
306 1889 450 1953 Decreta
474 1888 572 1953 vellet
596 1887 734 1953 Francis
764 1891 1019 1954 communicare.
1065 1889 1211 1971 Dixeris,
1237 1909 1312 1952 eum
1336 1909 1434 1973 prae-

307 1987 431 2050 vidisse
453 1988 708 2072 repugnantiam
741 2009 872 2070 corum,
906 1997 942 2052 ut
973 1986 1102 2070 Synodi
1134 1987 1303 2051 Nicaenae
1326 1989 1434 2072 gestis

307 2083 561 2149 subscriberent.
576 2123 619 2132 -
635 2085 826 2150 Hadrianus
850 2084 1007 2150 videlicet
1029 2087 1223 2170 priusquam
1240 2083 1433 2148 Concilium

307 2181 513 2268 praedictum
546 2193 704 2269 tanquam
742 2186 992 2248 oecumenicum
1030 2182 1200 2247 Ecclesiae
1239 2179 1434 2246 solemniter

307 2290 504 2366 proponeret
526 2289 623 2367 atque
648 2282 871 2365 confirmaret,
896 2282 980 2345 Acta
1014 2280 1102 2344 illius
1135 2282 1170 2344 in
1202 2279 1352 2364 linguam
1386 2280 1433 2344 la·

307 2379 412 2441 tinam
437 2377 592 2443 nanslate
617 2381 706 2444 misit
729 2381 764 2443 in
789 2378 932 2444 Galliam
956 2379 999 2443 ad
1020 2377 1174 2443 Oarolnm
1196 2377 1252 2459 M„
1277 2387 1314 2441 ut
1337 2401 1432 2463 prae-

307 2475 395 2541 sules
423 2487 456 2540 et
488 2478 550 2540 viri
575 2477 696 2542 eruditi
721 2477 782 2542 sub
808 2479 878 2564 ejus
908 2497 1008 2562 regno
1034 2476 1193 2561 degentes
1214 2499 1252 2540 ea
1277 2477 1430 2541 conside-

306 2586 426 2640 rarent.
473 2575 555 2641 Erat
587 2586 707 2659 autem,
742 2575 1020 2662 quemadmodum
1052 2573 1248 2638 Anastasius
1289 2575 1322 2636 in
1370 2597 1432 2637 sua

307 2673 511 2759 praefatione
525 2674 568 2738 ad
583 2695 705 2738 noram
721 2676 908 2739 versionem
932 2673 974 2738 ab
999 2673 1069 2758 ipso
1088 2673 1320 2736 concinnatam
1336 2671 1433 2743 dicit,

308 2769 363 2836 illa
393 2771 561 2836 translatio
590 2775 731 2858 pessime
765 2773 932 2851 coniecta,
956 2771 1039 2857 qnod
1062 2771 1216 2857 iraterpres
1242 2791 1349 2855 poetae
1369 2794 1435 2856 per

307 2867 433 2956 sinprda
455 2868 564 2934 relicto
588 2873 748 2956 utriusque
763 2870 889 2957 linquae
906 2869 1056 2934 idiomate
1080 2869 1159 2931 odeo
1175 2868 1281 2953 fuerit
1304 2867 1431 2932 verbim

307 2991 347 3032 eoo
369 2967 460 3031 verbo
484 2979 616 3045 sember,
639 2980 674 3032 ut
696 2969 773 3054 perid
796 2970 830 3032 iu
847 2969 954 3032 eudem
978 2967 1114 3031 editione
1138 2964 1347 3050 iutellipotur,
1374 2981 1433 3031 unt

307 3067 363 3129 oio
393 3077 449 3129 ont
479 3088 639 3151 nunquam
663 3067 768 3152 possit
798 3067 935 3144 adverti,
964 3066 999 3128 ia
1014 3063 1248 3150 fastidiumque
1271 3085 1364 3128 uersu
1389 3065 1431 3129 le·

305 3165 443 3248 pontiam
462 3185 565 3248 paene
590 3163 628 3226 ab
653 3164 795 3228 omnibus
817 3164 874 3225 buo
890 3163 928 3225 de
952 3183 1049 3225 consu
1072 3162 1329 3245 coutemeotsffl).
1357 3163 1430 3226 lma

309 3258 471 3345 quaedam
507 3259 671 3325 habentur
706 3262 740 3324 in
776 3259 832 3324 illa
867 3258 1078 3324 translatione
1118 3256 1215 3342 plane
1251 3281 1426 3344 perperam

308 3375 413 3440 uersa,
430 3359 475 3422 ita
489 3369 526 3420 ut
549 3379 682 3422 sensum
707 3357 886 3422 exhibeant
909 3356 1000 3422 haud
1024 3355 1253 3420 orthodoxum.
1274 3357 1427 3422 -Prae-

309 3467 397 3520 terea
427 3456 760 3521 animadvertendum
795 3465 861 3538 est,
893 3457 978 3519 inter
1010 3451 1195 3518 Orientales
1225 3464 1258 3518 et
1281 3453 1430 3520 Francos

306 3565 388 3618 tnnc
418 3575 483 3618 non
515 3554 714 3619 mediocrem
737 3554 938 3620 simultatem
969 3553 1142 3617 exstitisse.
1188 3550 1322 3615 Etenim
1348 3553 1426 3618 dum

306 3650 602 3736 Orientalesaegre
626 3652 786 3734 ferebant,
811 3652 899 3738 quod
924 3652 1127 3714 Francorum
1151 3667 1266 3731 regum
1279 3653 1426 3734 potentia

308 3750 391 3815 adeo
416 3761 575 3814 cresceret
598 3750 760 3815 etltaliae
782 3751 974 3836 provinciae
998 3757 1094 3812 antea
1109 3745 1252 3830 Imperio
1277 3750 1428 3814 orientali

306 3848 477 3933 subjectae
514 3850 549 3911 in
585 3849 758 3912 arbitrium
797 3849 965 3912 venissent
1001 3845 1110 3930 Pipini
1150 3852 1182 3906 et
1215 3840 1324 3908 Caroli
1365 3849 1427 3912 lll.:

308 3947 455 4011 Francos
479 3945 693 4011 vehementer
715 3945 884 4033 pungebat
914 3943 1100 4029 arrogantia
1126 3938 1182 4004 illa
1206 3939 1425 4009 Orientalium

307 4054 341 4107 et
359 4044 531 4129 jactantia,
556 4066 621 4130 qua
645 4044 726 4109 alios
742 4046 908 4130 principes
932 4053 965 4107 et
987 4043 1138 4106 nationes
1161 4047 1198 4100 ut
1221 4039 1323 4104 multo
1348 4043 1428 4129 ipsis

383 4179 401 4234 Ἰ
421 4175 519 4240 lrabbi,
539 4177 601 4233 Vll.
621 4179 680 4231 962.

381 4257 407 4324 ¹)
425 4255 565 4312 Praelatio
584 4259 679 4313 anast.
700 4255 763 4312 rou.
783 4256 861 4310 (¹onc.
880 4255 998 4310 Labbasi
1016 4255 1039 4310 Τ
1066 4255 1126 4312 Vll.
1145 4273 1171 4324 p.
1191 4249 1233 4305 29.
