2898 4836
290 463 325 517 56
469 463 571 516 XVIII.
610 463 649 516 ne
667 463 795 522 Romanis
814 465 993 524 Pontificibus
1008 467 1110 522 saeculi
1129 466 1231 522 decimi.

288 605 322 668 Is
335 604 516 672 Adalborto
530 607 563 673 11
579 629 609 672 a.
626 607 689 670 917
706 607 862 676 defuncto
876 619 1098 691 successeratr
1122 632 1283 676 summam
1298 621 1391 674 tamon

288 726 397 766 rorum
423 705 457 768 in
473 705 597 773 Tuscia
620 715 813 788 potestatem
829 707 1001 774 Adalberti
1024 706 1139 788 vidua,
1163 707 1294 788 Bertba,
1318 720 1394 772 tenu·

289 811 369 880 erat,
395 801 500 870 donec
525 805 594 888 ipsa
619 825 648 868 a.
671 804 736 870 225
761 828 778 867 e
802 807 890 870 rivis
914 807 1065 874 excessit
1113 803 1223 871 Guido
1248 807 1345 890 igitur
1362 829 1393 868 eo

289 922 376 966 anno
401 899 466 964 925
485 901 625 967 Romam
649 901 815 986 profectus
830 901 1005 971 Marotiani
1029 903 1127 968 duxit
1151 923 1297 986 uxorem,
1320 904 1395 968 inde

289 1019 354 1082 que
378 999 431 1062 isti
447 998 468 1064 J
471 999 587 1064 oannis
600 999 633 1064 X
657 1001 886 1066 auctoritatem
911 1010 946 1064 et
959 1009 1155 1086 potestatem
1171 1004 1277 1086 magis
1293 1003 1396 1083 magia

289 1117 352 1182 que
377 1105 545 1162 coarctare
568 1098 631 1164 nisi
657 1106 743 1164 sunt.
776 1099 924 1165 Ioannes
938 1099 975 1167 X
998 1109 1035 1163 ut
1057 1097 1218 1166 nobilium
1233 1098 1396 1164 audaciam

288 1193 468 1278 fraenaret,
503 1216 573 1260 sese
605 1198 704 1260 vertit
734 1195 778 1260 ad
802 1196 979 1282 Hugonom
1004 1196 1251 1276 Arelatensem,
1284 1196 1338 1282 qai
1366 1219 1396 1258 eo

288 1301 436 1376 tempore
460 1293 739 1380 postBercngarii
765 1305 901 1363 mortem
926 1297 1108 1361 maximam
1133 1293 1280 1363 inlotis
1298 1303 1395 1379 poten·

289 1390 369 1452 tiam
405 1389 568 1476 simulque
601 1393 688 1476 regis
724 1393 919 1478 dignitatem
954 1394 1143 1479 acquisivit.
1156 1390 1181 1476 ¹)
1239 1391 1395 1458 Profectus

289 1488 391 1570 igitur
404 1488 560 1553 Pontifex
582 1491 617 1553 in
632 1490 764 1555 Italiam
781 1494 983 1578 superiorem
1000 1492 1158 1558 Mantuae
1174 1512 1252 1557 cnm
1270 1489 1396 1574 Hugone

290 1587 455 1668 convenit,
480 1609 556 1650 cum
580 1611 617 1652 eo
642 1587 775 1654 foedera
799 1589 874 1655 iniit
899 1599 934 1656 ut
950 1589 1135 1654 Ecclesiam
1149 1588 1397 1672 Pontificemqne

288 1691 483 1767 protegeret,
508 1687 603 1772 eique
619 1686 756 1751 fortasse
778 1697 811 1751 ct
831 1711 923 1774 spem
939 1689 1018 1752 fecit
1033 1688 1204 1774 dignitatis
1220 1683 1396 1772 imperialis.

290 1779 429 1844 Romam
453 1780 530 1846 dein
551 1805 703 1848 reversus
719 1785 876 1850 Pontifex
891 1785 1055 1874 intrepide
1070 1786 1301 1852 auctoritatem
1318 1803 1395 1848 snam

290 1877 462 1942 vindicare
486 1881 620 1948 studuit.
655 1883 701 1948 At
723 1881 833 1970 Hugo,
859 1883 985 1950 fallacis
1009 1883 1112 1950 animi
1139 1885 1200 1966 vir,
1225 1881 1396 1948 nullatenus

139 1979 260 2083 ³⁰:32¹
289 1975 411 2042 Ioanni
437 1977 470 2042 X
500 1979 665 2066 praesidio
697 1980 777 2062 fuit,
812 1981 869 2046 sed
900 1992 1023 2048 secreto
1053 1981 1185 2046 foedere
1209 1977 1353 2046 Gnidoni
1373 1991 1396 2042 et

234 2068 239 2078 ¹
289 2071 450 2139 Marotiae
468 2075 606 2162 junctus
630 2101 743 2144 eorum
767 2079 904 2144 arbitrio
929 2079 1053 2146 Urbem
1078 2079 1221 2164 reliquit.
1264 2075 1309 2142 Hi
1332 2097 1396 2140 vero

292 2181 327 2234 ut
349 2171 473 2236 Rornae
497 2177 630 2240 omnino
656 2175 916 2261 dominarentur,
942 2177 1116 2242 consilium
1142 2177 1287 2242 inierunt
1310 2195 1396 2240 seme·
1440 2241 1441 2254 ,

290 2265 390 2334 vendi
413 2271 626 2356 Pontificem,
656 2273 805 2362 adeoque
828 2300 858 2340 a.
883 2275 947 2340 928
974 2273 1133 2340 militibus
1157 2273 1243 2340 elam
1267 2271 1396 2338 collectis
1440 2341 1441 2350 ,

289 2367 449 2433 tumultus
473 2373 661 2436 excitarunt
685 2382 718 2437 et
733 2373 929 2438 Pontificem
948 2376 982 2438 in
999 2395 1093 2438 suam
1108 2373 1308 2460 redegerunt
1323 2379 1395 2456 pote·

290 2465 449 2553 atatem.²)
496 2467 534 2532 In
569 2469 718 2534 custodia
749 2471 900 2536 detentus
924 2471 1071 2536 Ioannes
1095 2469 1127 2535 X
1157 2493 1246 2535 anno
1269 2470 1333 2534 928
1355 2465 1396 2530 rel

289 2568 456 2630 aerumnis
480 2568 649 2633 confectus
673 2569 764 2650 obiit,
789 2567 852 2652 vei,
878 2581 914 2634 ut
936 2591 1049 2634 rumor
1071 2567 1209 2650 ferebat,
1233 2567 1396 2634 suffocatus

290 2673 348 2738 eat.
395 2665 433 2728 Io
457 2689 518 2750 qno
543 2665 696 2744 semodio,
729 2665 845 2732 scribit
869 2665 1106 2752 Luitprandus,
1136 2691 1199 2732 noo
1222 2666 1318 2730 multo
1334 2674 1396 2749 post

289 2773 336 2824 aot
359 2761 535 2850 defractus.
572 2765 672 2828 Aiunt
696 2765 787 2844 enim,
811 2765 895 2850 quod
918 2764 1052 2829 carmiani
1076 2789 1170 2851 super
1184 2787 1218 2828 oa
1236 2768 1302 2852 ejus
1315 2765 1397 2846 impo-

364 2965 383 3030 ¹)
401 2967 512 3031 Bertba
532 2983 611 3034 qnam
628 2967 777 3024 Lotharius
797 2983 844 3022 rex
862 2985 897 3022 ex
914 2967 1064 3024 Woldrada
1081 2967 1253 3038 (conamina)
1269 2973 1395 3034 genuam.

289 3045 374 3114 primo
399 3047 570 3102 matrimonio
591 3047 688 3116 juncta
713 3047 768 3102 fuit
787 3047 939 3104 Tbeobaldo
958 3047 1050 3102 comiti
1071 3047 1238 3112 Arelatensi,
1266 3053 1297 3100 et
1313 3061 1344 3098 er
1359 3042 1391 3094 bo

289 3127 460 3182 matrimonio
484 3132 560 3180 ortus
585 3133 627 3182 eat
646 3128 727 3196 Hugo
751 3143 806 3183 rex.
825 3157 860 3168 -
879 3127 999 3184 Secundo
1024 3127 1196 3182 matrimonio
1215 3127 1317 3181 Bertha
1334 3121 1394 3178 unite
1440 3167 1441 3176 ,

289 3207 345 3262 fuit
372 3209 519 3264 adalberto
543 3208 572 3262 II
598 3207 696 3272 diuiti,
727 3207 842 3262 Tusciae
869 3207 1033 3272 marchioni,
1063 3207 1106 3262 oui
1134 3208 1239 3275 panant
1265 3205 1396 3260 Gnidonur
1440 3247 1441 3268 ,

289 3288 427 3357 (maritum
440 3289 590 3353 Marotiae),
603 3287 784 3354 lambertum,
798 3294 827 3342 et
840 3289 1063 3358 Ermengardam,
1076 3303 1146 3354 quae
1158 3286 1307 3344 uambioni
1318 3285 1396 3338 lrmr

289 3369 477 3436 potentissimo
495 3368 595 3436 nupsit.
633 3368 690 3422 Hoc
709 3373 828 3436 tempore
846 3369 1034 3437 Ermengarda
1051 3377 1111 3423 erat
1129 3369 1221 3430 vidua,
1246 3367 1341 3426 muter
1355 3361 1394 3416 rai·

290 3448 353 3512 lida,
373 3455 402 3503 et
419 3449 443 3504 si
462 3449 630 3518 Lnitprando
648 3450 755 3505 credere
774 3447 816 3502 fas
835 3453 885 3512 est,
904 3449 1121 3518 impudicissime.
1150 3449 1218 3518 Ejus
1236 3445 1339 3502 mount
1354 3458 1394 3496 rna·

291 3528 361 3582 xime
379 3529 461 3597 Hugo
480 3529 643 3598 dignitatem
663 3535 691 3583 et
709 3533 874 3598 potestatem
893 3528 996 3598 regIam
1014 3529 1042 3583 in
1062 3528 1145 3582 italio
1163 3527 1291 3584 obtinuit.

364 3609 386 3679 ¹)
405 3609 437 3664 In
456 3609 623 3678 expositione
642 3625 732 3664 rerum
750 3615 779 3662 et
791 3609 861 3664 serie
874 3613 1013 3676 gestonrm
1025 3609 1191 3676 disponenda
1204 3609 1291 3676 qnoad
1304 3606 1394 3660 ultirno

291 3705 374 3744 anuos
401 3691 576 3758 pontificatus
600 3691 715 3746 Joannis
740 3690 766 3744 X
794 3703 942 3758 pernrogno
966 3690 1037 3757 apud
1062 3695 1185 3744 auctores
1209 3699 1252 3742 ast
1277 3685 1393 3742 dissensit

291 3785 373 3835 quum
397 3771 469 3838 apud
493 3769 621 3836 antiquos
645 3769 789 3837 senatores
814 3775 928 3826 erantne
952 3769 1021 3825 eatis
1045 3767 1158 3824 confuse
1176 3769 1335 3824 referantur.
1365 3761 1392 3814 Ci-

292 3850 427 3914 Liverani,
445 3850 537 3906 Storia
555 3850 583 3904 di
602 3849 737 3908 Gioranni
757 3849 790 3914 X,
809 3855 838 3903 et
856 3849 889 3905 ol.
908 3849 1004 3913 Balan,
1020 3849 1112 3906 scoria
1130 3848 1258 3908 alodia
1276 3847 1305 3902 L
1325 3841 1391 3898 XIII.

292 3947 336 3984 nn.
356 3929 451 3984 XVIII
472 3946 544 3998 eqo,
572 3945 671 4000 magno
699 3946 761 3984 eum
788 3929 878 3984 studio
907 3929 1059 3984 accuratius
1086 3937 1200 3986 eventus
1229 3929 1359 3996 disponere
1373 3931 1391 3972 er

292 4025 418 4065 enarrare
436 4011 527 4066 conati
546 4017 618 4076 snut,
637 4011 784 4078 horumque
803 4017 943 4064 anctorum
962 4010 1144 4066 narrationem
1163 4008 1250 4064 secuti
1269 4019 1357 4060 sumus.
1368 4029 1388 4036 -

291 4089 476 4159 Luitprandus
499 4091 606 4159 qnidam
629 4092 793 4160 Antapodos.
813 4090 864 4144 111.
883 4090 919 4146 43
943 4091 1054 4147 Petrum
1078 4089 1194 4146 occisum
1211 4088 1307 4150 refert.
1329 4093 1391 4149 ΨΜ

291 4176 353 4239 poa
372 4171 490 4226 alberici
513 4187 603 4228 neum
623 4173 682 4242 jam
701 4171 789 4228 cneo
814 4178 843 4226 a
861 4170 983 4228 maroe·
999 4171 1100 4228 mma
1124 4169 1334 4228 comunem
1355 4157 1389 4212 *Ι

292 4251 379 4318 qiroad
397 4257 543 4306 eventuum
556 4251 674 4308 ordinem
687 4256 769 4320 atque
782 4251 912 4321 adjuncta
927 4266 1023 4319 parum
1034 4251 1168 4306 fidendum
1181 4255 1225 4307 eat
1237 4237 1386 4312 Imitem-
