2922 4832
328 467 519 524 Controversia
536 468 570 524 de
588 469 840 526 reordinationibus
1093 472 1142 524 117

118 615 146 680 9.
183 613 282 694 Quod
304 611 347 678 ad
371 623 519 698 tempora
533 621 660 697 spectat
682 634 769 700 quae
783 623 896 680 secuta
919 623 996 680 eunt
1018 621 1143 680 contro·
1162 625 1228 666 3333·
1221 635 1240 666 ι·
1257 625 1308 667 3333

45 715 166 778 ιειιίιιι
199 709 241 776 de
265 711 422 776 Formoso
455 710 628 794 agitatam,
662 710 866 778 advertenda
897 713 1037 780 veniunt
1059 733 1144 798 quae
1161 685 1317 728 mmm*

44 811 100 894 ipso
126 807 258 874 saeonlo
290 807 420 874 decimo
453 805 636 890 mediante,
670 807 828 876 videlieet
857 831 887 876 a.
912 809 988 890 964,
1023 806 1153 876 statuta'

42 917 103 972 eunt
123 929 143 972 a
164 907 297 972 Joanne
318 905 389 972 XII
412 905 548 991 ejusque
584 906 711 990 synodo
743 906 784 972 de
808 905 920 974 Leone
943 905 1028 972 VIII
1050 915 1083 972 et
1106 908 1147 971 iis

42 1027 108 1090 qnos
129 1003 351 1070 ordinaverat.
397 1003 545 1068 loannes
576 1004 611 1068 in
640 1002 787 1070 Leonem
818 1006 1009 1092 antipapam
1041 1014 1074 1070 et
1103 1005 1146 1070 ab

41 1125 70 1168 eo
89 1101 255 1168 ordinatos
278 1123 354 1166 eum
378 1101 526 1168 universi
559 1099 693 1167 concilii
717 1101 868 1168 unanimi
891 1123 1053 1170 consensu
1076 1124 1147 1190 pro·

40 1202 192 1268 emtiavit
220 1198 445 1267 damnationis
474 1208 508 1264 et
531 1198 747 1284 depositionis
770 1201 977 1268 sententiam.
1025 1198 1144 1281 Quoad

40 1297 170 1364 leonem
204 1296 354 1362 decernit
375 1296 523 1362 Joannee
552 1295 638 1362 XII:
678 1295 730 1362 Sit
762 1299 847 1362 ormi
875 1297 1069 1364 sacerdotali
1097 1297 1146 1360 do·

38 1419 100 1460 rore
129 1406 159 1460 at
191 1395 316 1460 aomina
348 1393 473 1460 elieser
502 1404 533 1458 et
564 1395 649 1458 marai
679 1392 847 1460 clericatus
877 1394 983 1481 efficio
1009 1417 1146 1481 Ριονιιιε

39 1504 146 1558 cram
193 1493 314 1558 Deire
339 1500 451 1587 antem
478 1512 560 1578 quos
583 1491 652 1558 Leo
676 1491 761 1556 VIII
789 1491 1002 1558 ordinaverat
1024 1493 1070 1558 ita
1093 1491 1144 1556 de·

40 1589 116 1656 finit:
154 1591 220 1656 an
246 1611 323 1676 qaroe
352 1591 421 1677 ipae
450 1589 513 1658 Leo
542 1591 714 1677 raeoplrytaa
737 1601 767 1654 et
789 1591 918 1654 inseror
944 1600 1073 1656 raedae
1095 1613 1146 1654 eo·

38 1687 155 1754 tlelieee
178 1698 209 1752 et
232 1687 428 1776 oportolieae
451 1689 617 1754 Romanae
640 1688 824 1752 ecclesiae
810 1712 846 1752 eo
867 1686 1004 1774 quolibet
1026 1686 1145 1752 eeclesi-

36 1788 121 1852 astico
145 1786 258 1852 ordiae
276 1786 436 1873 poscit,
467 1784 644 1872 apostoliea
668 1797 760 1872 etque
783 1787 936 1850 cesoma
959 1786 1146 1852 auctoritate

36 1893 60 1944 et
85 1882 235 1972 synodali
264 1884 388 1948 decreto
421 1885 457 1948 iro
479 1884 655 1970 prlatiraam
684 1904 863 1950 revocemur
884 1882 1035 1968 yradam,
1070 1883 1146 1968 qaia

35 1981 185 2048 adiectio
216 2003 324 2046 eoram
353 1981 433 2046 oidil
456 1981 519 2046 ribi
539 1980 667 2060 debuit,
696 1981 777 2046 oilail
802 1979 870 2045 illia
900 1980 998 2046 dedit.
1045 1979 1147 2046 Sicori

34 2078 98 2144 olim
119 2092 228 2144 neree
244 2079 473 2166 praedeeeaaor
486 2080 562 2166 piae
584 2080 752 2144 nemetae
763 2101 857 2166 popa
873 2076 1145 2166 Stephanaessll)

32 2179 211 2242 sententiam
242 2176 316 2242 tradit
343 2177 383 2242 de
409 2177 452 2244 iis
480 2178 535 2263 qai
563 2176 707 2241 ordinati
725 2175 864 2262 fierent
891 2199 912 2240 α
939 2173 1145 2242 Constantino

33 2275 160 2358 qaedam
182 2275 337 2364 neophyto
361 2286 391 2341 et
419 2277 564 2342 invasore
594 2283 723 2338 sanetae
752 2271 844 2338 Sedis
867 2271 1083 2360 Apostolicoe,
1117 2284 1146 2336 et

28 2373 221 2456 postmodam
253 2373 406 2460 quosdam
436 2395 541 2438 eoram
573 2371 635 2438 eibi
660 2369 830 2458 placibiles
856 2369 1058 2458 prealytcroe
1090 2380 1146 2434 out

32 2469 174 2536 decoros
205 2471 415 2550 eomeereoit,
445 2480 604 2548 statuere,
636 2479 671 2534 et
700 2469 733 2533 tt
762 2470 819 2556 qai
846 2467 886 2532 od
913 2489 949 2531 eo
972 2470 1146 2532 eoreeecreti

31 2581 115 2634 ercet
145 2591 305 2654 nunquam
336 2568 380 2634 od
402 2569 594 2654 amariorem
623 2567 769 2634 deomena
792 2565 994 2634 ceceadereot
1022 2585 1078 2628 oce
1101 2563 1146 2628 ad

26 2667 227 2752 pontificatue
249 2663 371 2732 coboea
388 2676 664 2754 promoverentur,
695 2688 733 2730 rae
758 2663 869 2730 tolie
855 2664 973 2750 impiae
995 2662 1145 2726 eooitatia

29 2787 111 2828 error
141 2765 178 2828 ira
207 2763 353 2830 Ecclesia
375 2761 566 2852 pullularet.
591 2761 702 2828 -Et
733 2783 835 2850 quum
867 2759 982 2826 Patres
1012 2757 1142 2824 concilii

28 2863 246 2944 censuissent,
277 2859 458 2948 privandos
489 2883 559 2926 esse
583 2882 642 2925 sno
675 2857 799 2926 honore
823 2880 878 2924 eos
902 2859 958 2945 qui
989 2857 1144 2922 aLeone

27 2959 169 3026 ordinati
194 2967 297 3044 erant,
321 2957 468 3024 loannes
490 2957 582 3048 Papa
599 2961 767 3047 praecepit
790 2955 915 3042 iraqredi
938 2978 990 3021 eoa
1012 2957 1046 3019 iro
1066 2951 1143 3020 Corr-

26 3056 131 3122 citium
156 3081 228 3124 eum
254 3055 454 3138 vestimentis,
472 3053 617 3144 planetis
638 3066 731 3144 atquc
753 3052 863 3134 etolie‚·
895 3065 925 3118 et
947 3075 1143 3138 unumquem-

24 3177 77 3237 que
101 3177 211 3220 eorum
233 3155 268 3218 io
291 3151 436 3218 chartula
453 3153 586 3218 scribere
601 3153 686 3242 feeit
712 3152 890 3246 irajreamodi
911 3149 1025 3214 verda:
1048 3151 1144 3214 Pater

26 3273 105 3316 meua
128 3249 213 3320 retii
235 3250 298 3318 eidi
319 3250 444 3332 tatuit,
474 3251 555 3316 nihil
583 3253 660 3316 midi
682 3251 779 3318 dedit.
826 3249 869 3314 Et
891 3250 936 3314 sie
960 3272 1011 3313 eoa
1034 3257 1144 3312 wotos

20 3349 163 3432 privavit
187 3349 313 3428 donoro,
344 3372 432 3436 qoem
456 3349 587 3414 dederat
609 3351 654 3414 eie
677 3351 745 3436 epse
768 3350 897 3414 invasor
920 3356 949 3410 et
971 3346 1143 3434 neophytos

23 3457 112 3530 otqrae
127 3444 273 3560 atriolis,
288 3457 318 3510 et
332 3447 489 3512 reooeooit
504 3469 555 3512 eoa
571 3449 606 3511 ira
614 3448 790 3534 pristinam
803 3443 946 3532 erade-m.
963 3481 1006 3490 —
1023 3441 1143 3522 Quoad

22 3539 186 3628 Simnem,
211 3546 269 3632 qui
292 3556 543 3610 consecraverat
561 3545 708 3610 Leonem
732 3543 826 3625 VIII,
851 3539 966 3606 definit
988 3539 1143 3604 Pontifex

21 3663 85 3706 eom
108 3665 197 3708 errarat
191 3641 413 3708 sacerdotali
435 3665 541 3708 carere
565 3653 595 3708 et
612 3645 775 3730 privatum
789 3641 867 3730 fore
890 3637 1075 3702 ministerio
1082 3635 1106 3722 ¹)

109 3752 164 3814 10.
200 3749 338 3816 Saeculo
361 3750 524 3816 oededmo
547 3749 728 3814 vehemens
751 3761 822 3816 orta
846 3763 896 3817 est
919 3753 1198 3817 controversia¹
1174 3757 1232 3799 33333
1220 3759 1297 3800 333333·

22 3849 218 3931 praesertim
242 3847 284 3912 de
307 3846 571 3913 ordinationibus
595 3847 858 3914 Simoniaeorum
887 3851 943 3937 qui
967 3848 1143 3912 haereticis

20 3944 335 4032 aequiparabanmr.
380 3945 497 4010 Petrus
520 3945 706 4010 Damianos
730 3946 874 4011 valorem
904 3946 1035 4011 illarum
1058 3946 1143 4011 ordi-

21 4044 194 4107 nationum
208 4043 245 4106 in
257 4040 340 4107 lIbro
354 4043 410 4130 qui
425 4041 618 4107 inscribitur
635 4041 845 4109 Gratiaeimoa
861 4043 1023 4130 defendit;
1039 4045 1142 4109 Deus·

89 4255 114 4322 ¹)
133 4253 169 4308 V.
190 4255 260 4307 Acta
277 4253 372 4321 synodi
391 4269 433 4322 ap.
452 4253 600 4310 Baronium
618 4255 652 4308 ad
670 4271 694 4310 a.
714 4255 767 4310 eet
785 4271 830 4311 nn
850 4255 867 4310 6
885 4271 940 4324 sqq.
