2922 4832
310 499 362 550 122
576 493 652 550 xlx.
673 493 878 550 Controversiam
897 503 926 548 ct
943 495 1052 562 Imperii
1071 495 1182 550 indoles

310 639 411 725 copis,
445 637 594 703 conciliis
626 649 658 700 et
685 638 823 702 summis
850 636 1132 720 Pontificibus.“¹)
1156 675 1200 686 -
1229 639 1319 703 Haeo
1346 661 1403 726 quo·

310 758 374 824 que
397 734 642 802 animadversio
665 734 709 798 ad
733 733 945 800 difficultates
968 734 1142 802 diluendas
1165 736 1314 822 perutilis
1334 748 1381 802 est.

401 852 452 916 17.
489 850 652 931 Quamvis
676 849 796 914 Morini
828 847 956 915 theoria
981 851 1162 916 admodum
1186 851 1284 918 docta
1305 862 1336 916 et
1355 873 1404 915 eru·

233 1015 240 1030 ,
310 949 380 1015 dita
403 957 571 1034 appareat,
595 947 747 1033 plurimis
770 957 880 1012 tamen
905 946 1066 1034 theologis
1093 951 1193 1013 nimis
1225 947 1404 1036 complicata

310 1047 551 1132 objectionibus
583 1043 742 1130 gravibus
774 1045 929 1129 obnoxia,
962 1068 1026 1110 nec
1058 1049 1245 1112 necessaria
1277 1050 1346 1112 viss
1364 1057 1405 1128 est,

310 1155 347 1210 ut
369 1143 538 1209 Ecclesiae
562 1143 713 1209 doctrina
736 1152 769 1208 et
791 1145 904 1229 praxis
928 1145 999 1230 jam
1023 1155 1156 1230 recepta
1180 1157 1214 1210 et
1237 1149 1406 1223 communis,

310 1266 375 1330 qua
399 1243 622 1307 ordinationes
646 1240 687 1306 ab
711 1241 896 1322 haereticis,
927 1240 1163 1325 schismaticis,
1195 1253 1309 1308 contra
1335 1265 1407 1308 cano·
1442 1291 1443 1320 ,

310 1364 368 1406 nes
392 1340 502 1422 datas,
534 1349 645 1405 tamen
679 1338 809 1404 validas
831 1362 903 1404 csse
927 1350 1071 1422 constat,
1107 1359 1182 1406 cum
1207 1343 1407 1427 antiquiorum
1442 1375 1443 1412 r

310 1441 445 1505 Patrum
479 1439 585 1502 effatis
609 1439 775 1524 variisque
808 1437 905 1502 factis
928 1449 1004 1524 apte
1040 1438 1269 1504 concilientur.
1314 1439 1357 1503 Re
1375 1441 1408 1501 ri·

311 1537 430 1601 delicet
452 1537 639 1600 accuratius
654 1537 845 1601 examinata
866 1558 986 1622 graves
1002 1546 1153 1602 suctores
1177 1549 1321 1619 censent,
1345 1559 1407 1624 quae

309 1657 352 1698 ex
374 1635 519 1722 antiquis
549 1632 690 1698 saeculis
717 1633 900 1698 afferuntur
926 1635 1025 1699 effata
1048 1643 1080 1698 et
1103 1633 1191 1700 facts
1223 1635 1327 1700 valori
1358 1633 1409 1698 illa·

310 1725 383 1798 ruin
403 1731 648 1798 ordinationum
679 1741 877 1819 apparenter
901 1733 1061 1818 opposita,
1085 1731 1410 1818 reordinatianumqus

310 1830 478 1916 exempla,
510 1852 626 1894 revera
650 1829 729 1894 talia
752 1852 818 1894 non
844 1850 925 1896 esse.
971 1829 1061 1895 Hinc
1085 1829 1275 1912 dicendum,
1306 1852 1413 1916 semper
1443 1852 1444 1874 r

312 1931 345 1993 in
378 1926 529 1993 Ecclesia
562 1927 786 2014 praevaluisse
827 1949 899 1992 eam
934 1927 1117 1994 doctrinam
1151 1937 1183 1993 et
1216 1931 1360 2016 praxim,
1385 1939 1410 1988 ut

311 2025 534 2091 ordinationes
563 2025 698 2090 illicitae
728 2027 957 2112 episcoporum
990 2027 1090 2090 etiam
1114 2024 1357 2111 illegitimorum
1379 2039 1413 2088 ta·

312 2145 387 2188 men
416 2122 548 2188 validae
578 2121 788 2188 haberentur.
840 2124 1016 2188 Posteriori
1048 2123 1182 2211 quidem
1206 2133 1350 2212 tempore
1370 2123 1412 2186 du·

311 2221 367 2286 bia
391 2221 480 2308 apud
503 2221 631 2308 aliquos
655 2223 842 2307 irrepsisse,
874 2242 1011 2309 remque
1039 2223 1074 2285 in
1098 2224 1353 2287 controversiam
1373 2217 1414 2284 ad·

312 2319 446 2384 dirutam
470 2341 557 2401 esse,
593 2328 693 2406 atque
728 2329 808 2384 tunc
838 2320 937 2384 etiam
961 2319 1125 2407 quaedam
1156 2320 1415 2385 reordinationem

312 2417 464 2505 exempla
482 2416 656 2484 obvenire.
703 2415 769 2481 Sed
792 2417 875 2481 haec
900 2419 979 2482 satis
1003 2416 1174 2503 explicari,
1203 2420 1231 2482 si
1257 2439 1335 2504 prae
1356 2437 1415 2480 ocu·
1444 2419 1445 2452 r

312 2515 353 2580 lis
376 2513 560 2579 habeantur
583 2537 667 2602 quae
691 2513 733 2579 ab
764 2515 835 2600 ipso
860 2515 987 2580 Morino
1013 2515 1054 2580 de
1085 2525 1174 2581 certa
1197 2539 1237 2582 ac
1262 2517 1361 2581 dubia
1381 2535 1415 2575 ss·

312 2623 555 2679 oramentorum
571 2613 866 2698 administratione,
891 2636 932 2677 ac
956 2613 997 2678 de
1020 2615 1194 2679 iteratione
1219 2612 1313 2679 dubii
1330 2635 1418 2678 sacra-

311 2713 413 2777 menti
438 2710 499 2776 sub
524 2710 713 2775 conditione
733 2733 799 2775 non
823 2733 978 2798 expressa
1002 2713 1083 2776 scite
1099 2712 1332 2777 animadversa
1347 2723 1417 2775 sunt

403 2837 452 2902 18.
491 2835 537 2900 Ut
566 2832 649 2900 haec
679 2837 785 2921 magis
808 2835 1005 2918 clarescant,
1032 2837 1103 2923 jam
1133 2835 1298 2923 quaedam
1322 2837 1418 2922 capita

311 2935 525 3022 proponimus
548 2955 632 3019 quae
662 2956 742 3019 prae
765 2933 869 2998 oculis
898 2933 1054 2999 habenda
1086 2934 1205 3021 sunt.¹)
1252 2935 1367 3022 Itaque
1389 2933 1419 2994 1⁰

310 3031 539 3118 antiquissima
553 3031 724 3096 Ecclesiae
747 3042 855 3097 aetate
873 3032 1061 3098 differentia
1084 3034 1169 3098 inter
1190 3033 1419 3098 ordinationem

311 3133 437 3196 irritam
461 3127 673 3216 (invalidam)
704 3139 803 3216 atquc
826 3131 1068 3196 ordinationem
1091 3129 1239 3194 illicitam
1269 3141 1339 3195 erat
1362 3129 1420 3192 sinc

310 3230 344 3292 vi
364 3229 521 3314 practico.
558 3227 692 3292 Etenim
715 3226 828 3292 illicite
857 3228 1017 3293 ordinatis
1039 3229 1208 3293 rarissime
1234 3227 1420 3314 dispensatio

311 3325 570 3406 concedebatur,
602 3328 648 3390 ita
671 3336 708 3390 ut
738 3347 908 3413 nunquam
933 3326 1083 3392 ordinem
1112 3347 1269 3392 exercere
1291 3338 1420 3413 possent

310 3427 413 3510 isque,
439 3423 591 3509 quamvis
608 3421 779 3494 character
798 3422 987 3489 indelebilis
1001 3424 1141 3509 adesset,
1166 3437 1351 3489 remaneret
1363 3425 1421 3487 sim

310 3522 376 3588 ullo
400 3524 520 3586 effectu
543 3522 701 3607 practico.
748 3521 787 3585 In
812 3521 875 3586 hac
898 3545 1010 3587 rerum
1035 3522 1223 3587 conditione
1248 3543 1364 3608 parum
1385 3541 1420 3584 rs·

309 3619 436 3687 ferebat
473 3619 641 3684 declarare
680 3618 922 3685 ordinationem
957 3620 1084 3685 irritam
1119 3642 1160 3685 ac
1192 3618 1317 3685 nullam
1353 3619 1419 3706 (uon

309 3729 433 3785 attente
458 3716 671 3803 charactere),
696 3715 749 3781 vel
764 3716 924 3800 illicitam,
948 3741 988 3783 ac
1011 3717 1154 3804 proinde
1179 3717 1329 3783 ordinem
1352 3739 1421 3782 nun·

309 3839 410 3904 quam
434 3813 666 3882 exercendum.
705 3816 783 3882 Jam
806 3815 849 3880 od
869 3839 1029 3898 eamcam,
1054 3816 1172 3882 scribit
1185 3815 1420 3880 Thomassinus.

310 3913 393 3981 illud
415 3913 657 3992 inculcavimus,
689 3914 773 4000 qaod
804 3937 883 4000 quae
917 3912 1050 3980 illicitae
1083 3927 1174 3980 orout
1207 3913 1422 3980 ordinatione.

309 4015 422 4078 irritae
446 4013 572 4098 poesim
602 4011 842 4090 dictitarcatur,
880 4015 915 4077 ia
948 4036 1046 4078 causa
1069 4012 1177 4098 fuisso
1209 4013 1372 4077 raritatem
1399 4020 1421 4068 et

385 4189 404 4257 ¹)
423 4185 526 4241 Ibidem
545 4201 571 4240 n.
591 4187 678 4241 xvn.

383 4266 404 4336 ²)
423 4265 492 4320 Vide
510 4267 583 4322 haee.
602 4283 644 4334 ap.
663 4267 867 4336 Hergenrtther
886 4269 999 4322 Photius
1017 4269 1053 4322 11.
1073 4283 1117 4338 pp.
1136 4269 1189 4324 324
1207 4283 1263 4336 sqq.
