2922 4832
476 465 516 519 De
535 464 670 519 Simonias
688 464 758 519 labe.
1136 467 1187 522 183

69 608 244 675 consiliarii
267 630 406 693 regnum
430 609 718 688 administrabant,
743 630 787 672 ex
808 610 1059 694 episcopatuum
1084 618 1116 672 et
1132 609 1187 672 ab·

69 707 231 772 batiarum
255 705 428 792 largitione
444 727 565 791 magna
580 705 800 770 emolumenta
815 706 965 769 obtinere
980 707 1187 789 studuerunt,

68 817 163 892 atque
187 807 317 890 turpius
348 807 447 868 etiam
481 807 552 890 ipse
576 805 742 869 Henricus
767 805 927 867 simoniae
960 803 1092 868 deditus
1115 804 1187 868 fuit.

68 903 220 968 Sufficiat
250 903 305 966 hic
336 905 438 967 citare
471 925 554 988 quae
587 902 688 966 habet
710 902 909 966 Lambertus
932 901 1190 966 Hersfeldiensis

68 1002 108 1066 ad
120 1023 247 1066 annum
263 1001 365 1064 10t1:
393 1000 452 1082 „In
476 1000 585 1065 locum
609 998 820 1084 Meginvardi
842 999 1032 1083 Auguensis
1046 998 1191 1064 Abbatis

69 1102 122 1185 qui
147 1121 183 1162 se
206 1098 432 1176 abdicaverat,
457 1120 524 1162 non
547 1119 607 1182 per
639 1097 809 1162 electionis
833 1100 962 1179 ostium,
988 1098 1045 1162 sed
1069 1119 1128 1184 per
1151 1101 1189 1162 si-

68 1199 239 1262 moniacae
264 1196 437 1260 haereseos
469 1195 669 1277 cuniculum,
703 1197 854 1282 protinus
885 1197 1004 1281 irrupit
1027 1196 1190 1260 Robertus

67 1295 170 1359 abbas
194 1295 492 1379 Babenbergensis,
518 1304 735 1379 cognomento
748 1293 1008 1374 Nummularius,
1033 1317 1190 1359 annume-

67 1396 146 1458 ratis
177 1394 212 1456 in
243 1394 407 1456 aerarium
437 1394 524 1477 regis
553 1392 642 1456 mille
674 1391 783 1478 pondo
817 1394 944 1477 argenti
978 1395 1189 1478 purissimi.¹)

68 1491 132 1555 Hic
157 1491 393 1556 sordidissimis
417 1491 621 1577 quaestubus
644 1501 676 1554 et
700 1491 818 1572 usuris,
852 1512 935 1575 quas
959 1491 1058 1554 etiam
1082 1492 1190 1576 priva-

66 1600 118 1653 tus
142 1589 255 1654 adhuc
286 1589 321 1652 in
352 1591 549 1653 monasterio
575 1598 783 1672 exercuerat,
817 1589 982 1652 infinitam
1006 1588 1070 1653 sibi
1095 1610 1190 1673 pecu·

67 1690 158 1752 niam
183 1687 396 1768 conflaverat,
427 1697 459 1750 et
482 1695 656 1772 propterea
680 1701 800 1750 mortes
825 1689 1055 1771 episcoporum
1079 1697 1113 1749 et
1135 1685 1190 1750 ab·

68 1786 183 1850 batum
208 1787 309 1849 anxia
325 1787 570 1870 exspectatione
589 1785 661 1871 jam
682 1782 810 1848 dudum
835 1785 1068 1869 suspiraverat.
1094 1783 1191 1848 Oum-

68 1906 131 1969 que
157 1905 213 1946 eos
234 1883 360 1948 diutius
384 1880 529 1946 vivendo
554 1893 632 1946 vota
660 1904 719 1946 sua
743 1891 775 1946 ot
799 1883 977 1946 effrenatae
1000 1881 1192 1945 ambitionis

66 1984 231 2066 impetum
254 2003 319 2066 quo
343 2003 501 2067 praeceps
524 1979 731 2065 rapiebatur,
763 1981 885 2044 morari
908 1981 1110 2063 gravitaret
1133 1980 1190 2042 im·

66 2081 309 2166 patientissime
333 2078 442 2160 ferret,
467 2101 504 2142 eo
529 2079 687 2142 vesaniae
711 2079 825 2158 evasit,
851 2088 887 2141 ut
909 2087 1040 2164 praeter
1063 2076 1192 2142 occulta

66 2200 217 2258 munera,
243 2176 364 2262 quibus
378 2175 655 2240 auriculariorum
670 2176 766 2240 favor
780 2173 994 2240 redimendus
1017 2183 1096 2258 erat,
1120 2177 1191 2260 regi

67 2285 203 2341 centum
227 2275 339 2360 pondo
363 2275 471 2354 auri2)
495 2275 710 2358 promitteret,
746 2283 783 2338 ut
806 2274 909 2360 ejecto
934 2273 1076 2336 eximiae
1100 2294 1191 2336 sanc·

65 2375 173 2438 titatis
197 2375 268 2436 viro
293 2370 415 2436 abbate
439 2369 640 2452 Widerado,
674 2371 739 2436 sibi
770 2371 906 2436 abbatia
929 2369 1106 2434 Fuldensis
1129 2381 1192 2436 tra·

66 2471 213 2536 deretur.
259 2470 304 2534 Et
334 2470 480 2555 profecto
512 2469 599 2555 quod
628 2470 754 2534 nefarie
786 2470 1024 2555 concupiverat
1052 2468 1191 2552 flagitio·

65 2571 198 2634 sissima
223 2567 434 2648 obtinuisset,
466 2569 531 2632 nisi
562 2569 661 2652 pauci
692 2567 814 2654 quibus
838 2566 926 2651 leges
950 2565 1192 2632 ecclesiastieae

65 2669 214 2753 pecunia
237 2666 403 2730 chariores
427 2675 537 2747 erant,
569 2667 603 2729 in
628 2667 747 2730 faciem
771 2667 840 2749 regi
865 2687 907 2729 ne
931 2663 966 2728 id
989 2664 1113 2728 faceret
1136 2663 1190 2729 ob-

65 2767 239 2830 stitissent.
272 2763 306 2828 Is
329 2763 648 2848 pseudomonachus,
673 2764 783 2828 dicam
807 2763 995 2850 expressius
1019 2764 1053 2826 vi
1070 2763 1191 2826 doloris

65 2861 232 2950 impulsus
265 2863 293 2924 is
316 2860 454 2946 angelus
478 2871 612 2926 satanae
636 2861 887 2945 transfiguratus
911 2862 945 2924 in
969 2858 1123 2944 angelum
1147 2860 1192 2925 lu·

64 2965 124 3043 cis,
154 2962 200 3025 ita
223 2969 372 3025 sanctam
403 2969 435 3023 et
469 2959 653 3044 angelicam
686 2959 922 3024 monachorum
956 2959 1192 3044 professionem

65 3060 258 3140 infamavit,
283 3059 440 3142 corrupit,
465 3059 614 3138 vitiavit,
648 3067 685 3121 ut
717 3056 871 3122 monachi
895 3059 1016 3120 nostris
1040 3059 1191 3140 tempori-

62 3159 130 3223 bus
156 3167 256 3242 atque
287 3157 322 3219 in
352 3154 404 3219 his
435 3155 626 3240 regionibus
658 3177 725 3218 non
755 3157 945 3219 innocentia
978 3155 1194 3219 aestimentur

63 3269 169 3342 atque
194 3255 381 3338 integritate
405 3255 504 3333 vitae,
530 3253 587 3317 sed
604 3255 787 3339 quantitate
808 3255 986 3338 pecuniae:
1011 3275 1073 3317 nec
1097 3275 1192 3338 quae-

63 3367 163 3418 ratur
186 3354 221 3417 in
252 3351 431 3417 abbatibus
454 3350 634 3436 eligendis,
668 3352 742 3437 quis
771 3351 903 3435 dignius
932 3372 1099 3432 praeesse,
1135 3349 1193 3414 sed

64 3455 146 3540 quis
170 3452 278 3515 carius
309 3447 479 3514 abbatiam
503 3451 607 3535 possit
630 3470 749 3514 emere.
792 3447 843 3512 Ita
866 3449 999 3533 proprio
1023 3448 1122 3535 hujus
1146 3450 1192 3512 in·

68 3603 284 3614 ....-——---

144 3687 166 3755 ¹)
187 3687 294 3752 „Pondo
312 3687 328 3741 i.
350 3703 375 3754 q.
395 3686 478 3752 libra,
501 3703 600 3742 marca.
638 3687 721 3742 Libra
744 3686 853 3756 argenti
880 3687 1023 3741 constabat
1042 3693 1107 3741 tnnc
1125 3693 1193 3742 tem·

63 3769 145 3837 poris
164 3767 251 3822 adhuc
274 3767 377 3836 viginti
403 3767 518 3822 nummis
541 3768 599 3823 sive
617 3769 723 3834 solidis,
748 3783 861 3835 quorum
884 3784 953 3822 uuus
979 3768 1193 3836 aequiparandus

62 3849 210 3904 minimum
227 3847 338 3902 dimidio
360 3848 466 3902 thalem
487 3849 615 3916 (adeoque
634 3848 692 3904 fere
710 3849 813 3902 duobus
838 3847 976 3914 francis).“
1014 3847 1097 3902 Perta
1122 3848 1139 3904 l.
1167 3864 1189 3904 c.

62 3935 136 3985 nota
155 3931 199 3984 57.
235 3928 323 3983 Solvit
347 3927 440 3994 itaque
459 3928 594 3984 Robertus
619 3945 667 3999 pro
690 3929 801 3983 abbatia
819 3929 954 3998 augiensi
978 3929 1086 3982 circiter
1103 3930 1194 3982 40000

64 4010 194 4076 franeos;
214 4009 260 4062 sed
279 4008 365 4061 multo
383 4009 469 4078 major
487 4013 546 4063 erat
562 4011 639 4064 valor
656 4009 787 4078 pecuniae
806 4027 836 4064 eo
856 4015 975 4078 tempore
992 4025 1073 4076 quam
1092 4017 1191 4063 nostro.

144 4089 165 4156 ¹)
206 4089 339 4156 ,Decuplo
358 4089 419 4158 plus
444 4096 504 4143 erat
522 4091 609 4157 pondo
630 4090 690 4144 auri
708 4105 789 4157 quam
808 4090 943 4158 argenti.“
981 4090 1064 4144 Perta
1082 4090 1098 4143 l.
1118 4105 1140 4145 c.
1161 4119 1193 4130 -

64 4199 101 4210 -
123 4168 241 4223 Centum
259 4169 347 4236 pondo
366 4168 425 4222 anri
444 4169 533 4237 igitur
552 4171 681 4225 valebant
699 4170 772 4224 mille
790 4170 877 4239 pondo
896 4171 1015 4238 argenti,
1034 4187 1082 4226 seu
1100 4169 1143 4224 uti
1155 4169 1194 4224 di·

63 4249 160 4304 ximus
178 4248 285 4303 circiter
303 4249 393 4304 40000
411 4249 525 4304 francos.
