2922 4832
312 492 364 546 1³2
578 489 652 548 xlx.
671 490 877 548 Goouotersiae
895 497 924 546 at
941 491 1053 560 inperii
1070 493 1185 548 indoles.

311 637 411 701 suisse
435 645 603 719 negatum.
626 633 722 700 idem
744 635 870 699 emitur
892 633 980 716 inde,
1006 635 1095 721 quod
1118 659 1178 722 pro
1203 637 1347 722 pluribus
1366 663 1413 724 per

311 733 479 818 ignatium
509 755 549 797 ao
572 729 760 816 Styiienum
789 733 981 818 episcopum
1006 732 1209 819 dispensatio
1241 739 1339 821 petita
1359 755 1410 818 eug

311 830 466 917 quodque
497 831 645 896 Ioannes
675 829 758 894 VIII
789 829 922 915 quando
954 831 1155 896 restitutioni
1189 832 1299 898 Photii
1330 845 1412 920 atque

311 931 541 1014 episcoporum
564 926 608 992 ab
632 949 670 994 eo
693 927 919 992 ordinatorum
944 931 1120 1011 consensit,
1150 931 1413 997 reordinationem

312 1026 401 1091 nulio
434 1027 531 1092 modo
565 1023 756 1110 postulavit.
810 1024 989 1112 Quumque
1017 1025 1159 1094 Joannis
1190 1029 1414 1116 indulgentiam

312 1128 346 1190 in
371 1125 525 1189 Photium
549 1123 660 1210 piures
678 1123 963 1208 reprehenderint,
988 1136 1099 1190 umen
1123 1125 1188 1190 hae
1213 1129 1249 1192 in
1270 1151 1307 1192 re
1322 1127 1416 1192 nullos

311 1225 481 1288 invenitur
512 1243 589 1286 eum
619 1223 776 1306 arguisse.
824 1220 1000 1288 Caeterum
1032 1223 1190 1288 Nicolaus
1216 1225 1235 1290 I
1267 1229 1416 1312 principia
1449 1283 1450 1288 ,

312 1345 337 1386 s.
361 1321 541 1405 Augustini
566 1319 608 1384 de
632 1318 744 1384 valere
760 1329 1042 1386 sacramentorum
1058 1321 1306 1407 independente
1328 1323 1415 1408 adig·
1449 1343 1450 1408 ζ

312 1422 416 1484 nitate
439 1419 581 1482 ministri
597 1418 732 1482 omnino
749 1417 887 1502 adoptat
910 1417 1093 1504 eademqne
1109 1421 1268 1504 sequitur,
1293 1421 1419 1508 aliisque

311 1515 551 1596 occasionibus,
576 1517 625 1579 uti
657 1517 691 1580 iu
726 1537 826 1580 eausa
849 1514 1001 1580 Ebbonis
1031 1515 1226 1582 Rhemensis
1255 1518 1417 1606 archiepis
1449 1601 1450 1608 ἵ

266 1672 270 1680 .
312 1616 403 1700 οορί,«
422 1613 509 1680 olere
533 1614 690 1698 exprimit
714 1615 912 1678 sententiam
936 1635 1031 1678 suam
1055 1613 1097 1678 de
1121 1614 1233 1680 valore
1256 1617 1419 1682 ordinatio-
1449 1627 1450 1692 j

313 1733 393 1776 num
416 1713 516 1778 etiam
531 1709 645 1775 illicite
670 1722 704 1776 et
722 1711 860 1796 indigne
884 1721 1103 1797 peractarum.
1143 1711 1283 1778 Censuit
1299 1715 1418 1802 quiden
1449 1785 1450 1810 χ

312 1803 479 1892 Nicolaus,
503 1808 677 1874 Ebbonom
694 1810 816 1895 injuste
839 1809 1026 1894 depositum
1049 1809 1166 1892 fuisse;
1190 1809 1249 1874 sed
1274 1811 1420 1878 decernit
1449 1837 1450 1890 j

312 1909 441 1974 etiamsi
464 1929 517 1972 res
540 1906 635 1972 aliter
655 1929 692 1972 se
716 1906 879 1990 hebuerit,
905 1928 1066 1995 eosquos
1090 1917 1203 1994 postea
1226 1909 1326 1974 Ebbo
1350 1911 1419 1975 ordi·
1449 1907 1450 1982 i

312 2015 450 2070 naverat
473 2005 530 2092 (W
533 2004 683 2070 uliadum
707 2006 843 2091 ejsuque
867 2004 988 2092 socios)
1012 2007 1047 2072 in
1071 2007 1140 2072 suis
1164 2007 1341 2074 ordinibus
1362 2033 1421 2073 suo·
1449 2015 1450 2034 ¹

311 2125 376 2188 que
411 2103 573 2186 dignitate
604 2103 832 2188 agnoscendos
862 2102 975 2189 ease.¹)
999 2139 1041 2152 -
1065 2103 1194 2170 Idadem
1226 2106 1298 2170 iere
1333 2107 1421 2171 verba

312 2201 405 2278 dure,
430 2223 515 2287 quae
539 2201 580 2265 de
596 2199 715 2266 Photio
739 2200 965 2288 ordinatisque
987 2201 1032 2266 ab
1056 2204 1126 2286 ipso
1150 2203 1240 2287 apud
1256 2204 1421 2272 Nicolaum

313 2297 357 2362 oi.
381 2299 606 2382 inveniuntur,
631 2297 835 2366 adhibentur
858 2319 990 2386 quoque
1013 2299 1056 2366 ab
1077 2299 1248 2366 Hadriano
1275 2303 1312 2368 II
1335 2315 1366 2367 et
1377 2303 1422 2368 Jo-

311 2418 397 2462 anne
421 2395 504 2460 VIII
528 2397 638 2482 quoad
661 2399 833 2483 episcopos
863 2406 896 2462 et
923 2398 1133 2483 presbyteros
1162 2397 1206 2462 ab
1229 2399 1364 2484 ignatio
1384 2423 1422 2465 or·

311 2495 441 2560 dinatos
466 2496 555 2560 etin
577 2495 771 2580 Bulgariam
795 2497 920 2578 missos,
945 2517 1048 2582 quum
1072 2495 1136 2560 bae
1164 2498 1200 2562 in
1223 2519 1258 2562 re
1283 2499 1423 2584 sponda

306 2593 384 2677 jura
407 2592 502 2658 Sedis
525 2592 737 2678 Apostolioae
767 2592 922 2658 laederet.
968 2593 1039 2660 Neo
1071 2604 1183 2660 tamen
1212 2593 1363 2662 valorem
1384 2619 1423 2661 or·

311 2691 491 2756 dinationis
523 2694 659 2760 istorum
697 2689 731 2756 hi
761 2691 939 2758 Pontifices
971 2713 1086 2778 reapse
1115 2693 1323 2778 rejecerunt3
1357 2717 1423 2758 nam

252 2793 264 2806 ¹
310 2788 393 2854 alias
417 2788 591 2874 designant
613 2811 669 2856 eos
684 2799 723 2856 nt
736 2789 848 2854 illicite
871 2790 1056 2856 aoranae
1079 2800 1112 2854 et
1134 2791 1359 2858 ordinationes
1370 2791 1423 2856 dti-

311 2888 391 2950 oitoe
408 2887 675 2974 perpetranteefi)

159 3016 217 3056 nono
233 3015 289 3058 ane
399 3002 453 3067 32.
498 3003 538 3068 In
571 3023 671 3068 eausa
701 3001 851 3068 Ebbouis
880 3002 1076 3068 Rhemeneis
1099 3013 1200 3089 atque
1224 3002 1379 3070 Wulfsdi
1399 3016 1425 3066 et

179 3078 266 3119 ''⁸⁸¹''
311 3100 383 3185 ejus
406 3101 579 3183 sociorum,
603 3103 760 3186 primarie
783 3101 945 3186 agebatur
967 3101 1115 3186 quaestio
1140 3101 1183 3166 de
1206 3099 1361 3186 legitima
1382 3101 1425 3165 rei

311 3196 483 3283 illegitIma
507 3197 711 3284 depositione
734 3199 895 3281 Ebboois,
927 3221 969 3262 ao
997 3197 1183 3282 degrada,
1215 3197 1354 3280 honore,
1378 3203 1424 3263 mi-

384 3501 404 3569 ¹)
423 3500 473 3570 Ep.
492 3501 753 3567 Reoermte'saiomru,
772 3500 806 3554 ud
817 3499 953 3567 episeopus
971 3498 1065 3567 synodi
1084 3497 1283 3555 Semianimes
1307 3501 1425 3568 „Veron-

310 3585 403 3636 tameu
421 3579 621 3648 qnedsonmque
638 3578 725 3634 doerit
744 3579 785 3635 rel
803 3577 949 3648 pertolerit
961 3578 1043 3644 bibio,
1063 3591 1080 3632 a
1098 3591 1127 3633 se
1145 3578 1280 3634 ordinatis
1301 3582 1349 3649 qni
1369 3581 1425 3636 nihi

310 3667 419 3730 pronun
437 3659 620 3716 humilitatem
638 3667 668 3714 et
685 3659 865 3716 obedientiam
884 3655 1077 3722 exhibuerunt,
1103 3657 1205 3712 nulium
1230 3673 1345 3727 prorsas
1363 3659 1425 3716 into

309 3741 345 3795 lit
363 3741 577 3798 odendieeturn.“
614 3737 1253 3805 Confirmatidexfl.11eoneti.additque:
1289 3739 1346 3808 „iit
1365 3743 1426 3795 Ara·

310 3821 411 3876 sosius
429 3822 547 3892 ejusdam
565 3821 727 3889 apostolieae
745 3819 820 3876 Sedis
839 3819 959 3890 praesul,
985 3817 1055 3886 quod
1078 3817 1143 3873 meli
1158 3815 1228 3872 bora
1250 3818 1425 3876 ministrando

309 3901 363 3956 sibi
386 3903 572 3957 tantummodo
596 3907 724 3968 ooeeant,
751 3916 799 3956 neo
816 3899 952 3955 lieoleeiae
976 3903 1145 3954 emanente
1163 3899 1376 3962 oommaeuient.
1398 3901 1426 3955 ad

310 3981 486 4036 dnutasinrd
504 3981 651 4051 pnnoipern
675 3981 792 4036 aribone
817 3977 1024 4036 'euidentissima
1051 3979 1158 4033 ratione
1176 3977 1373 4036 demonstratss
1399 3979 1425 4032 t‘.

383 4141 405 4210 ¹)
424 4139 463 4197 De
480 4142 652 4210 sumone,
677 4154 725 4196 eor
742 4137 835 4195 Latini
861 4137 1003 4208 reieeerint
1025 4141 1058 4199 nt
1083 4137 1230 4193 invalidam
1249 4139 1425 4194 eondrmsrio

310 4237 372 4277 nem
395 4238 413 4277 a
436 4215 609 4290 presbyteris·
624 4220 714 4277 Photii
744 4220 772 4276 in
789 4219 923 4292 Belgnria
948 4217 1087 4284 oetatem,
1115 4217 1220 4288 mnus
1246 4218 1276 4274 in
1297 4219 1423 4274 nrm

312 4303 386 4359 tione
404 4301 500 4358 XVII:
559 4327 560 4332 ¹
