2904 4834
301 461 355 514 426
616 457 704 512 XVII.
742 457 943 512 Desolrisnmta
961 459 1103 516 Photiano.

303 599 548 687 praevalentem
565 621 730 685 opponere
746 595 893 664 Concilio
917 603 1129 665 oecumenico
1154 613 1272 666 octavo
1284 602 1404 668 Photins

304 699 481 764 meditatus
505 708 563 762 est.

144 843 216 886 riom
231 848 294 889 ano·
395 832 468 895 118.
493 829 615 894 Adhuc
641 852 752 894 mense
766 829 949 896 Novembri
973 855 1003 896 a.
1029 833 1093 896 879
1119 831 1296 896 concilium
1312 833 1405 897 Photii

189 903 237 944 ω
305 928 463 993 celebrari
496 937 649 1013 coeptum
680 937 745 1008 est3
786 937 916 1014 praeter
947 950 1164 1014 permagnum
1196 933 1405 1017 episcoporum

303 1048 494 1108 numerum,
523 1025 701 1090 adfuerunt
733 1027 850 1090 vicarii
883 1029 940 1112 qui
972 1027 1177 1112 patriarchas
1201 1027 1343 1094 Orientis
1363 1031 1406 1094 rel

303 1124 379 1188 ficte
402 1122 455 1187 vel
479 1123 722 1210 quadamtenus
741 1145 819 1188 vere
842 1124 1143 1210 repraesentabant,
1169 1136 1202 1190 et
1223 1126 1321 1212 legati
1334 1127 1407 1214 Apo·

304 1222 438 1286 stelione
462 1219 567 1287 Sedis.
614 1221 785 1286 Praesedit
808 1231 918 1286 autem
943 1225 1013 1308 ipse
1038 1221 1192 1304 Photius3
1224 1247 1264 1288 ao
1294 1234 1355 1289 toto
1381 1228 1406 1288 in

304 1320 367 1383 hoo
391 1321 521 1406 negotio
545 1318 645 1404 legati
669 1318 825 1400 Romani,
859 1329 895 1382 ut
925 1322 972 1383 ait
995 1321 1174 1401 Baronius‚
1209 1345 1229 1384 a
1253 1323 1358 1386 Ptoao
1381 1334 1408 1384 at

304 1429 390 1482 vitiata
407 1441 528 1504 peoora
551 1417 637 1480 ducti
660 1428 745 1498 attat,
770 1441 886 1502 magau
910 1441 977 1481 cum
1001 1416 1094 1482 Sedis
1114 1417 1316 1506 Apostolicoe
1337 1423 1407 1504 ipso-

305 1517 404 1580 minio
411 1567 418 1596 ,
443 1527 478 1579 ut
501 1539 660 1601 vitaequom
685 1526 748 1578 tam
771 1515 905 1578 sordido
930 1526 1051 1602 tamque
1074 1516 1209 1600 indigua
1233 1518 1273 1582 ad
1292 1518 1407 1604 Aposto-

305 1615 368 1678 licu
385 1613 465 1678 Sede
489 1614 605 1700 legatio
628 1614 725 1676 missu
741 1613 856 1696 fuerit,
881 1615 910 1676 si
932 1637 1008 1677 aera
1032 1614 1288 1678 essediaeerimua
1310 1627 1406 1679 utnon

304 1713 434 1796 conficta
456 1722 529 1776 sont
554 1736 573 1775 u
597 1712 726 1789 Plotio,
762 1735 840 1796 quac
863 1712 898 1774 ia
921 1735 980 1774 auo
1004 1711 1122 1798 synodo
1150 1710 1409 1800 Constantinopoli

305 1811 462 1874 celebrata
484 1811 538 1873 boc
562 1831 645 1872 anuo
670 1809 858 1894 leganturff)
888 1807 1045 1894 Quinque
1063 1809 1261 1874 Actionibus
1275 1811 1406 1876 absoluta

305 1919 354 1971 est
385 1907 549 1972 Photiana
582 1905 637 1970 illa
669 1905 984 1993 pseudosynodus.²)
1019 1945 1060 1953 —
1095 1906 1258 1972 Actionem
1283 1911 1408 1995 primm

305 2005 442 2070 Photius
466 2005 619 2089 eleganti,
645 2003 702 2068 sed
726 2003 848 2068 fastum
873 2006 1006 2068 inanem
1028 2007 1174 2090 spirante
1189 2009 1334 2069 oratione
1349 2027 1407 2088 apo-

305 2106 380 2186 ruit,
411 2126 477 2189 qua
501 2101 611 2166 multis
635 2103 677 2166 ad
702 2104 751 2166 sui
777 2105 880 2188 ipsius
905 2103 1225 2166 commendationem
1249 2103 1407 2168 artificiose

306 2203 513 2286 praemissis,
550 2200 630 2264 falso
664 2200 885 2285 gloriabatur,
921 2201 1086 2266 Joannem
1121 2199 1205 2264 VIII
1240 2199 1407 2264 Romanum
1445 2277 1446 2286 ἵ

306 2299 500 2363 Pontificem
540 2300 654 2384 agnita
694 2321 813 2362 causae
846 2299 1011 2384 acquitate
1049 2297 1092 2362 ad
1131 2299 1241 2382 ipsum
1281 2298 1408 2362 rediisse.
1445 2297 1446 2372 l

306 2407 338 2460 et
367 2396 548 2461 honorifica
571 2395 734 2480 legatione
768 2399 876 2482 ipsum
907 2398 1050 2481 priorem
1081 2397 1285 2461 convenisse.
1331 2397 1408 2460 Pero·
1445 2389 1446 2442 l

306 2503 433 2559 nantem
466 2493 622 2580 Photium
658 2496 790 2580 excepit
820 2495 968 2559 Joannes
1001 2493 1183 2558 Heracleae
1216 2495 1250 2558 in
1284 2495 1409 2559 Thracia

307 2591 527 2678 metropolita,
562 2602 676 2656 eontra
700 2591 882 2656 Romanam
913 2592 1088 2656 ecclesiam
1122 2603 1154 2654 et
1177 2613 1322 2657 summos
1345 2592 1409 2656 Pon·
1445 2587 1446 2626 l

306 2690 412 2754 tifioes
435 2689 609 2754 Nicolaum
634 2689 650 2752 l
674 2699 706 2753 et
729 2689 940 2753 Hadrianum
953 2689 997 2772 ll,
1022 2689 1115 2753 velut
1138 2691 1287 2753 omnium
1310 2687 1408 2753 tumul-

306 2801 399 2852 tuum
426 2788 641 2852 etmalorum
666 2809 750 2872 quae
774 2790 809 2850 in
834 2785 973 2851 ecelesia
998 2785 1133 2850 CPtana
1155 2787 1360 2868 acciderant,
1386 2801 1408 2847 et
1445 2789 1446 2816 ³

306 2886 416 2950 illatae
431 2887 593 2950 immerito
611 2887 848 2970 persecutionis
860 2896 1020 2969 auctores,
1038 2882 1216 2948 insolenter
1228 2885 1408 2957 declamans,
1445 2887 1446 2902 ¹

306 2985 471 3050 Joannem
496 2982 579 3046 VIII
603 3005 681 3046 vero
707 2983 942 3046 commendans
967 2983 1078 3062 effuse,
1104 2983 1193 3067 quod
1217 3005 1349 3048 suorum
1369 2981 1408 3044 do·
1445 3005 1446 3008 ¹

307 3104 472 3146 caseorum
497 3083 645 3165 vestigiis
668 3081 758 3145 haud
783 3083 953 3162 insistens,
983 3079 1141 3144 ecclesiae
1165 3083 1334 3168 utriusque
1355 3081 1408 3144 uni·
1445 3089 1446 3092 ’

307 3192 407 3244 tatem
441 3179 559 3244 mediis
596 3181 915 3243 convenientissImis
955 3189 1156 3264 procuraret.
1213 3179 1301 3244 Tum
1333 3178 1408 3246 Sedis
1445 3195 1446 3198 ’

308 3279 519 3364 Apostolicae
550 3277 648 3362 legati
674 3277 876 3364 episcopalia
906 3277 1103 3341 indumenta
1133 3287 1165 3340 et
1188 3277 1408 3363 patriarchicae
1445 3293 1446 3302 ¹

308 3378 453 3461 insignia
477 3376 649 3460 dignitatis
672 3375 790 3440 Photio
818 3375 958 3441 Joannis
981 3399 1088 3462 papae
1112 3377 1245 3439 nomine
1271 3373 1407 3452 obtulere,

307 3476 461 3561 quamvis
492 3473 546 3538 hic
578 3473 619 3538 de
648 3473 895 3538 conditionibus
925 3473 985 3538 sub
1016 3473 1138 3560 quibus
1169 3495 1244 3537 eum
1275 3469 1406 3537 Pontifex
1445 3483 1446 3500 ¹

308 3572 510 3651 restituebat,
536 3594 597 3634 nec
622 3571 760 3635 verbum
785 3572 908 3636 faceret
930 3595 992 3636 neo
1017 3573 1186 3656 cogitaret.

400 3715 472 3780 119.
497 3715 628 3779 Actione
653 3717 790 3780 eeucado
813 3715 927 3780 habita
947 3716 1002 3780 die
1019 3715 1076 3778 16⁰
1091 3713 1302 3796 Novembris,
1323 3713 1405 3778 lectae
1445 3779 1446 3786 ,

307 3823 384 3876 sunt
413 3811 540 3876 litterae
563 3813 704 3878 Joannis
728 3813 813 3878 VIII
841 3817 960 3878 summi
985 3813 1156 3877 Pontificis
1185 3811 1228 3875 ad
1252 3812 1405 3898 Imperato·
1445 3863 1446 3868 ,

307 3932 377 3974 rem
401 3909 499 3974 etad
523 3909 690 3992 Photium,
715 3911 758 3975 ab
783 3912 845 3976 hoc
870 3913 918 3976 uti
943 3911 1088 3975 diximus
1112 3907 1335 3996 multipliciter
1354 3925 1404 3969 mu·
1445 3985 1446 3992 ἵ

310 4066 521 4074 --——-—-

381 4151 404 4217 1)
422 4149 464 4203 Ad
483 4165 507 4203 a
527 4151 587 4204 879.
607 4165 632 4203 n.
652 4151 694 4204 62.

382 4237 404 4308 9)
423 4237 456 4293 V.
477 4239 546 4292 ,tcta
564 4239 663 4306 Synodi
683 4255 725 4307 ap.
745 4239 876 4294 Hardnin.
897 4239 962 4293 Coll.
982 4239 1059 4293 Cone.
1079 4237 1111 4293 V.
1132 4239 1185 4294 ata
1203 4253 1260 4305 sqq.
