2904 4834
335 429 370 480 aa
514 431 617 488 XVIII
655 435 695 490 De
712 437 841 498 &manis
860 443 1037 504 Pontificibus
1054 453 1155 508 saeculi
1174 454 1274 513 decimi.

334 573 554 638 Germanicae
586 580 695 662 potius
727 581 870 671 faveret,
904 554 1005 674 uuam
1035 591 1225 680 Spoletinae
1256 623 1311 665 seu
1331 602 1414 668 Italia

331 671 438 755 magis
460 675 560 737 etiam
584 677 802 762 complurium
826 689 1034 754 aversionem
1058 693 1093 758 in
1117 717 1151 758 se
1175 699 1377 784 concitavit¹l

418 779 473 843 23.
488 777 582 845 Obiit
594 782 779 870 Formosus,
796 799 834 854 ut
850 792 992 877 videtur,
1010 797 1064 862 dio
1079 801 1139 864 23⁰
1150 801 1262 884 Maia)
1277 809 1348 870 anni
1360 807 1415 873 896.

329 885 428 960 atque
459 876 580 942 exinde
606 882 677 965 jam
707 885 837 952 influxu
859 891 1043 960 factionum
1067 898 1228 964 nobilium
1253 904 1349 990 major
1366 926 1415 989 per·

328 972 472 1038 turbatio
487 975 617 1058 Romae,
643 990 712 1044 tum
736 987 846 1069 quoad
870 1009 922 1054 res
945 994 1071 1076 civiles,
1097 1005 1167 1061 urm
1192 999 1298 1084 quoad
1321 1025 1364 1065 res
1382 1025 1415 1065 ec·

327 1070 537 1148 elesiastieas
555 1079 774 1163 conspicitur3
799 1098 938 1152 eventus
959 1099 1070 1157 tamen
1087 1097 1171 1159 varii
1189 1096 1276 1162 illius
1290 1102 1417 1185 temporis

326 1168 469 1253 ealigine
493 1173 637 1257 quadam
661 1176 797 1244 obducti
822 1194 908 1249 sunt.
956 1185 1155 1256 cathedram
1171 1195 1258 1258 Petri
1283 1197 1416 1282 postFor·

152 1279 454 1332 wunnmosum
484 1274 662 1357 occupavit
684 1275 874 1364 Bonifatius
896 1283 943 1347 VI
945 1309 957 1364 ;
984 1287 1042 1351 sed
1066 1300 1140 1374 post
1163 1293 1347 1377 quindecim
1367 1295 1418 1358 dies

324 1363 471 1450 podagra
487 1389 504 1430 e
519 1369 608 1433 vivis
624 1369 772 1440 sublatus
787 1379 877 1466 est.³)
913 1381 1029 1448 Plures
1043 1399 1203 1473 auctores,
1221 1393 1268 1455 uti
1283 1393 1419 1458 Batonius

323 1461 380 1547 (ad
396 1485 425 1528 a.
444 1464 557 1530 89711.
576 1467 629 1554 1.),
654 1470 859 1540 Bonifatium
873 1478 920 1542 VI
946 1482 1032 1546 inter
1046 1484 1223 1552 Pontifices
1248 1513 1310 1554 non
1333 1513 1416 1554 reeen-

322 1559 462 1625 sendum
487 1563 611 1646 volunt,
637 1570 777 1654 eoquod
793 1572 833 1636 de
849 1577 955 1660 gradu
973 1579 1169 1648 subdiaconi
1186 1596 1218 1650 et
1234 1588 1417 1672 postmodun

321 1657 364 1722 de
392 1660 498 1742 gradu
530 1663 713 1750 presbyteri
743 1668 928 1757 depositus,
959 1679 1111 1764 populari
1140 1705 1241 1748 manu
1266 1687 1299 1748 in
1322 1685 1416 1750 Sedent

317 1755 545 1842 Apostolioam
583 1763 728 1830 intrusus
764 1769 815 1834 sit.
861 1770 901 1835 Id
933 1774 1088 1841 videlicet
1118 1779 1226 1866 colligi
1259 1793 1360 1868 potest
1386 1805 1416 1845 ex

320 1854 414 1920 Aetia
447 1859 565 1942 synodi
598 1861 766 1928 Romanae
798 1890 828 1931 a.
861 1871 926 1935 898
960 1874 1020 1937 sub
1052 1877 1184 1943 Joanne
1215 1879 1265 1944 IX
1299 1881 1418 1945 habitae.

318 1952 455 2019 Oanone
478 1959 573 2022 tertio
598 1957 697 2046 hujus
721 1964 853 2030 concilii
877 1967 959 2034 haee
984 1971 1167 2039 habentur:
1202 1975 1289 2051 Quia
1311 1981 1418 2043 888888-

317 2054 394 2118 tatt's
418 2077 516 2118 causo
539 2057 577 2118 da
601 2059 769 2126 Portnenet'
792 2064 935 2130 Ecclesia
954 2069 1120 2136 Formosus
1137 2097 1199 2159 pro
1223 2078 1307 2142 saitae
1329 2077 1418 2141 menits

389 2305 409 2378 ¹)
428 2304 560 2362 CLlean
574 2308 606 2360 de
616 2307 749 2372 Fonaoeo,
758 2319 900 2380 postquam
910 2313 1072 2384 Luitpraadi
1085 2319 1176 2376 laudes
1186 2322 1290 2387 retulit
1302 2323 1418 2378 intertlit

313 2385 393 2442 dloit:
434 2385 564 2454 „Torhido
589 2387 710 2456 ingegno
735 2407 782 2445 era
806 2392 900 2449 inveoe
924 2395 1050 2451 Fonnoso
1075 2400 1108 2454 ne
1133 2415 1197 2468 pooo
1223 2403 1378 2460 ambitioso:
1399 2403 1418 2454 li

313 2467 389 2535 piata
407 2481 462 2522 non
481 2483 568 2522 sueva
587 2468 652 2522 data
671 2469 741 2524 bella
759 2481 861 2528 mostra
873 2477 979 2542 quando
993 2494 1080 2533 avesa
1092 2481 1212 2534 resistito
1225 2483 1420 2538 ostinatamente

312 2548 425 2617 aPapa
443 2547 579 2602 Giovanni
600 2547 669 2604 VIII
693 2550 746 2605 dno
771 2569 788 2606 a
812 2555 940 2612 meritare
965 2557 992 2612 la
1016 2560 1182 2628 soomtutioa3
1210 2577 1278 2629 pure
1304 2579 1355 2618 noa
1377 2567 1419 2616 es

312 2644 415 2698 negare
439 2627 488 2683 obe
514 2643 584 2697 gran
607 2635 685 2697 parte
704 2631 730 2685 di
750 2648 799 2686 sua
818 2634 894 2703 oolpa
913 2637 1019 2693 venisse
1038 2639 1083 2694 dal
1101 2640 1238 2696 sovereltio
1256 2643 1419 2712 partegginre

311 2723 360 2778 per
378 2708 405 2762 la
424 2708 531 2763 fazione
550 2709 669 2772 tedeeoa.
689 2727 761 2778 aoso,
782 2714 810 2767 in
830 2721 910 2770 tanta
927 2719 1037 2774 muenia
1054 2721 1097 2774 dei
1116 2722 1211 2790 templ,
1235 2724 1366 2778 soussbilo
1382 2723 1418 2790 pii

310 2789 358 2844 alte
386 2805 439 2844 aon
467 2789 591 2845 sembri.“
629 2790 721 2846 Storia
745 2792 768 2846 d‘
782 2793 877 2860 Italis,
907 2797 936 2852 L.
957 2799 1042 2854 XVII.
1061 2817 1086 2854 n.
1107 2801 1139 2856 V.
1167 2831 1198 2840 —-
1225 2801 1343 2858 Duriora
1367 2803 1419 2856 laer

310 2870 386 2925 nobis
413 2870 547 2925 videntur.
569 2901 602 2910 -
628 2870 701 2926 Bene
726 2888 804 2940 porro
830 2875 906 2930 addit
932 2885 1038 2944 auctor,
1068 2881 1134 2935 siris
1157 2881 1185 2936 ia
1204 2881 1360 2938 Formosum
1374 2883 1417 2951 jan

309 2951 378 3006 male
397 2950 502 3006 adeatis
521 2967 614 3005 ansam
633 2953 753 3007 scandali
772 2955 927 3022 praebuisse
947 2959 1152 3015 translationem
1170 2977 1186 3014 a
1205 2963 1269 3017 sede
1291 2963 1418 3019 Portuensi

308 3033 336 3088 ln
355 3031 445 3088 sedem
464 3032 620 3086 Romanam.
651 3031 705 3087 Neo
723 3039 814 3088 tamen
833 3034 895 3100 fuit,
915 3037 957 3092 uti
979 3055 1038 3093 enm
1058 3039 1213 3095 liabillonio
1233 3043 1322 3099 Balsa
1341 3042 1418 3098 eristi·

308 3119 371 3176 met,
396 3113 462 3168 haee
481 3112 626 3167 translatio
653 3113 689 3176 „il
707 3113 793 3182 primo
812 3115 932 3172 infausto
952 3120 1068 3186 esempio
1087 3121 1114 3174 di
1134 3122 1327 3179 traslazione.“
1362 3123 1418 3178 lien

306 3194 390 3250 stiam
410 3194 539 3258 liariaus,
559 3193 687 3262 egregius
702 3195 836 3261 Pontifex,
849 3197 997 3252 minanam
1016 3201 1105 3254 sedem
1124 3203 1252 3262 aseendit
1274 3219 1355 3271 qaum
1370 3203 1417 3270 jan

306 3273 390 3328 Gerae
409 3281 481 3329 esset
500 3274 648 3342 episeopus,
667 3274 709 3328 uti
728 3275 820 3330 solidis
839 3280 1008 3346 argumentis
1022 3282 1140 3336 ostendit
1152 3283 1211 3336 Ilm.
1223 3282 1419 3353 Hergeurdtlter

306 3353 485 3410 1Ph0tiusII.
506 3354 577 3407 6501.
616 3354 717 3408 Contra
742 3354 826 3422 ipsius
851 3357 1028 3414 elevationem
1055 3361 1088 3414 ab
1114 3361 1335 3418 occidentalibus
1358 3363 1417 3416 hand

305 3432 446 3488 invenitur
471 3433 546 3488 laeta
564 3435 710 3502 oppositio,
737 3436 783 3490 sed
802 3436 915 3492 Photius
934 3439 1138 3508 orientalesque
1156 3449 1222 3496 tuno
1240 3443 1416 3500 renuentia<

305 3513 514 3570 inoritninaruat
533 3513 646 3570 Latinos
672 3516 705 3570 ob
731 3515 844 3588 violator
869 3535 996 3584 oenones,
1024 3526 1106 3586 etque
1131 3522 1171 3576 ita
1189 3521 1261 3578 torte
1281 3525 1368 3580 serior
1383 3523 1417 3576 lis

302 3609 384 3664 tntum
404 3593 547 3651 Formosus
569 3595 697 3650 Pontifex
714 3596 799 3662 fieret,
819 3599 940 3654 excitate
958 3607 1009 3655 est.

376 3677 396 3733 ³)
416 3675 504 3730 Juxta
529 3676 647 3730 Annales
672 3677 821 3732 Fuldenses
845 3679 988 3734 Formosas
1016 3680 1084 3734 obiit
1108 3680 1151 3734 die
1176 3689 1272 3736 sancto
1298 3683 1415 3738 Pescla.

301 3755 351 3810 tled
371 3769 453 3824 quum
472 3761 579 3810 constet
598 3771 631 3810 ex
650 3756 740 3824 aliquo
759 3758 913 3826 diplomate,
932 3759 1018 3814 adhuc
1036 3760 1063 3814 in
1083 3760 1153 3814 vivis
1166 3759 1250 3815 luisse
1263 3763 1417 3818 Pontificem

300 3835 343 3892 dle
365 3837 394 3892 1ο
412 3837 493 3902 Maii,
522 3837 619 3892 merito
642 3838 758 3906 conjecit
775 3838 847 3894 June
872 3840 1005 3909 (Regesta
1023 3841 1055 3895 R.
1074 3840 1105 3894 R.
1126 3840 1180 3894 PP.
1198 3840 1248 3894 sub
1270 3843 1412 3895 Porsinae.

299 3916 345 3984 stul
365 3917 398 3974 de
418 3917 488 3972 festo
502 3919 684 3983 Penteooetae,
703 3920 772 3986 quod
791 3936 815 3976 8.
829 3921 881 3974 896
899 3919 996 3975 Incidit
1015 3921 1043 3974 in
1061 3920 1130 3974 diem
1149 3921 1215 3974 23*-
1233 3923 1338 3976 mensis
1350 3925 1406 3977 litii

372 3997 392 4052 b
412 3998 534 4068 scriptor
553 4011 668 4052 coaevus
681 3998 709 4053 in
722 3999 873 4054 Annalibus
885 3999 1062 4055 Iuldensibus
1075 3999 1140 4054 baec
1152 4000 1245 4054 habet:
1267 4003 1326 4068 „At
1338 4003 1412 4056 aona

300 4077 441 4136 Fennosus
466 4096 537 4148 papa
562 4079 706 4134 defunctus
725 4086 768 4134 est
786 4079 829 4134 die
848 4085 941 4136 saneto
960 4079 1087 4148 omeliae,
1112 4078 1141 4133 in
1159 4079 1235 4148 enjus
1252 4081 1344 4138 Iouam
1361 4099 1412 4136 eon

295 4165 419 4214 mratnr
437 4158 602 4225 Bonileoiua
626 4159 674 4226 qui
692 4159 836 4228 podagrico
854 4161 945 4215 morbo
963 4167 1108 4227 correptus,
1132 4159 1178 4214 vix
1197 4161 1231 4214 16
1249 4160 1312 4216 dies
1330 4177 1413 4230 super·

297 4235 397 4292 -txtsa
416 4239 576 4307 reperitur
615 4241 666 4306 Ap.
687 4239 768 4294 Perta
787 4239 823 4296 Μ.
844 4241 875 4296 G.
897 4240 917 4294 I.
937 4242 999 4296 412.
