2932 4836
314 477 367 532 364
626 475 714 530 XVII.
751 477 792 532 De
809 476 953 532 schismate
971 477 1114 533 Photiano.

314 621 472 684 uobiscum
485 643 588 706 ‚utper
602 619 790 686 uenerabilis
806 622 926 706 Ipcatii
936 621 1143 706 patriarcbae
1160 623 1330 688 raardatit
1346 647 1418 688 recu-

310 720 476 804 peratione
510 728 539 781 et
568 718 678 782 Phoar·
703 721 888 804 pervasoris
920 718 1104 804 eepoidoae
1136 720 1245 784 eadm
1277 722 1418 789 seutiam.

315 816 491 902 apostolica
514 818 702 880 auctoritate
724 815 812 881 vobis
834 818 1027 905 iujaapimus
1050 829 1142 902 atqrm
1158 818 1345 906 jabemm.¹)
1385 819 1416 882 lu

315 912 452 999 epistola
475 914 518 980 ad
533 912 688 978 Photium
704 916 803 978 missa
819 915 975 980 Pontifex
989 913 1085 980 Sedis
1097 915 1308 1001 Apostolieas
1323 928 1419 982 auoto-

315 1013 445 1076 ritatem
461 1011 620 1093 vindieat,
641 1011 728 1076 illius
742 1023 936 1097 argumenta
952 1018 1068 1078 severit
1084 1014 1289 1080 discussione
1303 1017 1419 1080 mfutat.

316 1113 411 1197 eique
433 1109 565 1174 demum
581 1111 721 1192 nuntiat,
740 1110 863 1194 Ignatii
879 1111 1190 1176 condemnationem
1213 1112 1303 1176 haud
1320 1116 1417 1198 recipi.

316 1208 374 1273 sed
397 1207 486 1271 hune
509 1218 546 1271 ut
568 1205 752 1290 legitimum
775 1207 997 1293 patriarcham
1023 1231 1093 1273 esse
1116 1209 1319 1286 habendum,
1350 1209 1418 1274 Pho·

315 1308 398 1370 tium
429 1328 506 1369 vero
537 1327 601 1369 non
631 1307 775 1390 agnosci.
823 1307 865 1370 Et
888 1308 968 1370 sieta
990 1305 1081 1372 illam
1104 1309 1139 1370 ia
1156 1310 1298 1394 pristiam
1321 1310 1419 1372 bouus

316 1427 511 1484 mnasonem,
548 1406 576 1467 si
610 1406 639 1468 ei
673 1404 888 1468 damnationis
923 1406 1057 1468 erimim
1089 1427 1153 1468 aaa
1183 1405 1419 1491 comprobantur.

316 1513 428 1566 sancta
443 1504 590 1566 Romano
611 1504 726 1566 retinet
748 1502 888 1580 eeclesia,
913 1504 958 1566 aio
972 1524 1035 1580 uos,
1059 1505 1113 1588 qai
1132 1503 1258 1566 incaute
1282 1514 1311 1566 et
1325 1513 1418 1567 aowntru

311 1611 469 1688 paternas
501 1601 690 1664 traditiones
713 1602 856 1686 promoti
883 1602 975 1678 estis,
1007 1603 1042 1664 ia
1059 1601 1302 1686 patriarchatus
1325 1601 1419 1664 ordire

318 1722 381 1762 nou
410 1699 539 1784 recipit,
573 1707 602 1760 et
623 1720 720 1784 aeque
744 1709 817 1762 uate
833 1703 958 1788 justam
981 1698 1216 1762 damnationem
1238 1701 1356 1784 lpaatic'
1373 1723 1420 1783 pu·

318 1798 474 1862 triarchas
497 1797 531 1859 iu
555 1795 665 1859 ordine
681 1796 873 1860 sacerdotali
887 1796 974 1861 uobis
988 1820 1113 1860 manere
1129 1795 1324 1882 consecrati)
1357 1796 1419 1880 Epi·

319 1894 399 1959 stola
423 1893 466 1958 ad
482 1893 719 1977 Imperatorem
743 1895 814 1978 pari
840 1915 914 1957 eum
939 1891 1092 1958 libertate
1115 1893 1295 1979 apostolica
1314 1895 1419 1978 scripta

318 2003 376 2058 est.
422 1991 560 2056 Modum
584 1990 766 2056 canonibus
790 1993 977 2076 oppositum
1000 2013 1065 2077 quo
1085 2014 1136 2056 res
1149 1991 1419 2077 Constantinopoli

318 2100 471 2178 peractae
487 2091 553 2152 sint
566 2111 717 2172 arguens,
731 2090 862 2152 nuntiat
878 2089 1089 2173 Imperatori:
1113 2087 1320 2162 Quamobrem
1334 2112 1418 2154 ueces-

318 2191 403 2254 sario
427 2188 640 2252 incontentia
661 2197 781 2264 uesta,
806 2211 867 2272 qua
889 2189 1037 2265 stetimus,
1057 2189 1268 2274 persistimus,
1292 2198 1322 2250 et
1340 2210 1420 2272 nepa

319 2286 525 2352 uenerabilem
538 2287 696 2369 Ipaatiurn
714 2287 934 2370 patriarcham
948 2287 983 2348 iu
997 2285 1104 2370 aliquo
1119 2287 1317 2365 damnamus,
1341 2307 1420 2370 rimae

319 2386 466 2448 Pbotiuru
490 2382 580 2445 modo
604 2380 740 2467 quolibet
763 2384 990 2468 suscipiatur)
1032 2383 1190 2448 Hortatur
1213 2405 1308 2469 porro
1332 2383 1420 2447 illum.

320 2492 355 2548 ut
385 2503 450 2546 non
475 2503 532 2566 pro
556 2481 709 2563 arbitrio,
743 2480 801 2545 sed
819 2482 919 2566 juxta
943 2479 1201 2548 ecclesiasticam
1225 2480 1419 2566 disciplinam

318 2583 451 2666 negotia
478 2577 702 2644 ecclesiastica
725 2579 846 2644 exinde
871 2578 1155 2665 Constantinopoli
1179 2589 1367 2644 tractentur.
1387 2613 1421 2623 -

320 2679 432 2760 Quum
456 2699 533 2741 vero
557 2676 742 2742 timendum
766 2687 859 2758 esset,
892 2699 933 2741 ne
956 2677 1084 2742 litterae
1109 2679 1191 2742 istae
1214 2677 1258 2741 ad
1282 2677 1419 2740 Photiuu

319 2786 351 2841 et
366 2777 603 2861 Imperatorem
618 2773 903 2860 Constantinopoli
924 2774 1176 2857 occultarentur,
1200 2774 1355 2840 Nicolaus
1368 2774 1419 2857 epi·

319 2874 402 2939 stola
425 2871 595 2957 encyclica
604 2873 676 2958 jam
693 2881 872 2937 memorata
888 2872 1088 2957 providerat,
1114 2884 1151 2936 ut
1166 2877 1330 2938 sententia
1342 2871 1421 2938 Sedis

319 2971 529 3058 Apostolicac
552 2971 706 3035 omnibus
730 2970 875 3035 Orientis
899 2970 1046 3035 eeclesiis
1069 2971 1163 3035 fieret
1186 2972 1366 3036 manifesta.

407 3071 461 3134 43.
486 3067 666 3154 Aliquanto
690 3077 764 3153 post
787 3069 898 3133 multis
924 3071 1086 3154 superatis
1103 3069 1284 3134 obstaculis
1300 3069 1419 3134 Romam

319 3169 457 3234 advenit
478 3166 725 3251 Theognostus,
758 3166 880 3251 Ignatii
911 3165 1059 3231 libellum
1091 3167 1322 3253 appellationis
1350 3165 1419 3230 defe-

319 3289 410 3346 rens,
447 3263 606 3350 multique
636 3263 692 3329 alii
717 3263 902 3330 Orientales
933 3267 1037 3330 secuti
1067 3275 1159 3348 sunt,
1193 3267 1250 3351 qui
1274 3264 1375 3330 Photii
1396 3273 1418 3322 rt

320 3363 449 3430 Bardae
481 3361 672 3426 violentiam
705 3361 888 3446 fugiebant.
935 3363 1133 3428 Accusatius
1168 3373 1248 3428 tune
1281 3361 1419 3428 Nic-olam

321 3487 371 3528 res
395 3458 679 3545 Constantinopoli
703 3469 812 3544 gestas
836 3460 971 3525 edoctus
995 3471 1052 3524 est.
1089 3461 1179 3525 Hinc
1202 3483 1314 3526 mense
1328 3456 1417 3544 Aprili

321 3585 350 3628 a.
376 3561 440 3625 863
463 3560 587 3624 Romae
611 3559 646 3622 iu
670 3558 834 3642 synodum
860 3561 1059 3624 convocavit
1082 3557 1200 3624 multos
1220 3559 1333 3624 Italiae
1352 3559 1417 3642 epis·

175 3657 288 3760 ⁰3³3}ss
322 3680 436 3743 copes,
469 3668 501 3721 et
530 3657 670 3721 recitatis
694 3657 835 3720 omnibus
858 3658 1025 3743 seripturis
1048 3657 1087 3720 de
1108 3680 1220 3743 praeco
1243 3680 1373 3721 samone
1393 3655 1418 3714 ir

266 3747 271 3759 ’
322 3758 456 3822 latinum
479 3757 653 3836 conuersis,
688 3777 853 3841 causaque
877 3755 1026 3820 discussa
1048 3755 1204 3820 Pontifex
1228 3758 1262 3820 in
1285 3756 1416 3820 Photium

323 3855 397 3920 tulit
420 3854 641 3920 damnationis
665 3855 873 3934 sententiam,
898 3875 964 3939 qua
988 3855 1077 3917 omni
1102 3852 1296 3918 sacerdotali
1315 3852 1419 3915 honere

323 3962 355 4018 et
378 3953 510 4018 nomine
534 3962 653 4015 exutus
677 3960 734 4034 est,
764 3953 858 4036 eique
883 3951 943 4016 sub
968 3950 1188 4032 anathemate,
1220 3973 1284 4037 quo
1306 3943 1416 4014 nonnisi

396 4174 416 4241 ¹)
435 4174 521 4242 Epist.
540 4175 588 4240 4·;
608 4171 699 4226 stbe
717 4171 794 4225 VIII.
814 4173 874 4226 277.
958 4172 979 4242 ²)
998 4171 1086 4238 Epist.
1106 4169 1154 4240 6·;
1174 4171 1264 4226 Labbe
1282 4169 1349 4223 VIII.
1367 4166 1409 4219 282³

396 4252 417 4323 ³)
437 4253 523 4321 Epist.
542 4254 591 4320 5¹3
610 4251 700 4307 Labbe
718 4253 779 4307 278.
