2922 4832
386 442 578 498 Controversia
596 443 628 498 de
648 443 821 510 tetragamia.

576 733 636 795 11.

235 873 575 938 Controversia
598 869 656 936 de
676 871 978 952 tetropamta.

133 1049 183 1112 36.
230 1047 307 1114 Jam
333 1045 467 1111 brevius
490 1070 697 1133 exponamus
721 1047 983 1112 controversiam
1008 1043 1048 1109 de
1075 1055 1167 1108 tetro·
1194 1054 1270 1155 1⁸⁰ss
1285 1051 1314 1094 *¹

57 1147 159 1228 pomis,
183 1168 268 1232 quae
282 1155 415 1230 propter
439 1155 573 1232 quartas
598 1147 730 1230 nuptias
748 1145 869 1208 Leonis
884 1141 933 1206 VI
955 1143 1168 1229 Imperatoris
1210 1127 1304 1166 'mm'

58 1241 169 1306 CPtani
206 1244 338 1308 exarsit.
387 1241 596 1306 Successerat
620 1241 743 1308 Basilio
768 1263 854 1308 auno
880 1241 945 1304 886
978 1241 1048 1325 ejus
1082 1237 1170 1302 tilius

57 1339 115 1404 Leo
138 1342 333 1426 cognomine
348 1337 488 1424 Sapiens
513 1363 571 1404 seu
593 1341 824 1427 Philosophus,
850 1338 910 1402 sub
936 1361 999 1424 quo
1024 1337 1169 1402 vidimus
1190 1374 1195 1392 ι

56 1438 185 1503 schisma
217 1438 421 1504 Photianum
455 1439 656 1502 exstinctum
695 1439 806 1504 fuisse.
871 1437 952 1502 Erat
987 1435 1170 1521 Imperator

57 1537 106 1600 iste
128 1535 261 1622 quidem
280 1539 312 1601 in
336 1535 435 1600 rebus
449 1535 593 1622 publicis
608 1536 803 1622 legibusque
821 1534 1006 1600 condendis
1024 1555 1169 1612 severus,

55 1633 156 1698 sedin
183 1636 253 1697 vita
277 1636 409 1719 privata
434 1632 582 1697 moribus
606 1635 685 1697 satis
710 1633 896 1698 dissolutus.
945 1631 1088 1696 Basilius
1104 1631 1169 1695 Im-

55 1741 171 1814 perator
194 1731 302 1816 legem
327 1730 473 1812 dederat,
499 1731 582 1794 forte
607 1731 766 1795 suadente
790 1730 920 1803 Photio,
946 1751 1011 1814 qua
1036 1739 1169 1814 quartas

56 1832 174 1914 nuptias
199 1853 264 1893 nou
293 1827 398 1893 solum
425 1826 566 1910 illicitas,
599 1829 657 1892 sed
687 1827 870 1910 invalidas,
910 1828 1169 1912 progenituram-

56 1950 108 2011 que
131 1952 172 1992 ex
196 1927 254 1991 tali
285 1926 440 2012 conjugio
466 1924 673 2010 illegitimam
699 1925 898 2007 declarabat,
930 1947 984 1988 eos
1008 1946 1086 1987 vero
1112 1927 1168 2011 qui

55 2024 140 2089 talem
165 2026 324 2090 unionem
348 2026 471 2088 inirent
495 2027 609 2110 poenis
624 2025 859 2090 fornicatorum
877 2023 1064 2088 addicebat.
1100 2023 1168 2088 Ad·

55 2121 152 2204 debat,
178 2146 212 2186 se
238 2123 302 2210 lopo
326 2123 438 2186 divino
454 2123 608 2210 impediri
634 2126 810 2209 quominus
831 2123 1013 2212 Justiniani
1037 2120 1168 2205 regulas

53 2219 184 2284 laxiores
224 2231 430 2306 sequeretur,
471 2221 591 2307 quibus
628 2223 739 2286 verbis
779 2220 924 2286 alludere
959 2219 1093 2290 videtur
1126 2219 1168 2282 acl

55 2317 179 2382 Petrum
205 2317 435 2404 quorumdam,
461 2320 606 2382 maxime
631 2320 662 2384 S.
690 2319 817 2398 Basilii,
843 2319 1008 2382 severiora
1029 2315 1069 2379 de
1085 2315 1168 2402 ejus·

56 2416 133 2479 modi
167 2417 293 2501 nuptiis
327 2417 435 2480 effata.
496 2415 641 2482 Ulterius
673 2419 771 2480 etiam
802 2415 984 2503 procedens
1019 2413 1088 2478 Leo
1120 2415 1168 2477 VI

54 2512 116 2598 lege
139 2513 232 2578 civili
257 2513 459 2596 decreverat,
495 2516 588 2579 utin
613 2537 667 2580 eos
692 2538 836 2602 quoque,
871 2515 927 2600 qui
952 2513 1064 2576 tertias
1088 2534 1169 2598 nup·

54 2613 107 2674 tias
130 2613 255 2676 inirent
278 2633 404 2697 poenae
429 2611 504 2676 illae
531 2612 774 2676 ecclesiasticae
797 2612 1052 2699 applicarentur,
1084 2631 1169 2695 quae

54 2711 192 2796 antiquis
217 2709 402 2774 canonibus
426 2709 554 2797 (Basilii
580 2710 622 2775 ad
639 2710 935 2797 Amphilochium),
961 2707 1167 2790 constitutae,

55 2809 81 2870 in
112 2808 315 2872 oblivionem
352 2809 417 2871 fere
448 2807 640 2895 abierant.¹)
687 2808 753 2873 Sed
777 2807 961 2894 Imperator
991 2808 1061 2890 ipse
1091 2829 1169 2870 mox

55 2927 162 2988 parum
189 2929 266 2969 suas
288 2905 377 2990 leges
401 2907 548 2991 curavit,
573 2928 634 2970 nec
650 2909 739 2970 vitae
763 2906 920 2970 honestae
945 2903 1036 2968 dedit
1059 2925 1168 2967 exeru-

55 3003 110 3084 pla.
157 3003 281 3067 Adhuc
305 3005 440 3066 vivente
464 3005 572 3088 prima
597 3026 699 3067 uxore
724 3001 757 3068 S.
781 3003 1009 3089 Theophanis,
1035 3023 1168 3066 consue-

53 3099 195 3164 tudinem
227 3099 373 3165 habebat
404 3122 479 3164 eum
512 3101 577 3164 Zoe
609 3101 739 3166 Stiliani
764 3101 925 3165 Tsautzae
954 3099 1039 3182 filia,
1073 3099 1168 3186 cujus

54 3200 184 3262 maritus
208 3197 401 3262 Theodorus
418 3197 631 3263 Guniatzizes
656 3221 787 3263 veneno
805 3197 953 3264 sublatus
976 3199 1048 3262 fuit.
1084 3197 1168 3261 Mor-

52 3308 102 3357 tua
131 3295 350 3382 Theophanis
381 3317 423 3359 ex
454 3319 520 3382 qua
550 3296 652 3360 filiam
684 3295 916 3360 tantummodo
940 3295 1008 3359 Leo
1039 3295 1166 3370 habuit,

52 3414 110 3456 oon
134 3393 292 3457 mediocri
311 3393 466 3457 scandalo
483 3393 583 3458 duxit
602 3394 692 3457 illam
709 3395 809 3458 Zoem
826 3392 1006 3458 secundam
1031 3415 1167 3457 uxorem

53 3492 149 3574 (892).
173 3491 237 3556 llla
266 3489 360 3554 brevi
391 3494 548 3577 temporis
579 3493 694 3578 spatis,
727 3502 801 3578 post
824 3512 948 3556 annum
973 3512 1167 3576 mensesque

53 3601 128 3668 octo,
143 3591 215 3652 siue
231 3587 344 3652 liberis
360 3589 534 3672 exstincta,
559 3592 689 3654 tertiam
708 3591 804 3654 duxit
817 3610 955 3653 uxorem
970 3588 1167 3672 Eudociam,

53 3707 89 3746 ex
112 3685 239 3770 Opsioii
265 3687 439 3771 provincia
462 3686 645 3774 (Maeonia)
671 3687 860 3770 oriundam,
885 3685 1009 3750 formae
1033 3689 1167 3750 nomine

53 3781 218 3864 selectam,
254 3805 339 3869 quae
373 3785 406 3846 in
443 3785 607 3870 puerperii
644 3782 812 3849 doloribus
839 3807 906 3847 una
940 3806 1016 3847 cum
1040 3785 1167 3848 infante

54 3893 176 3944 mortua
201 3892 258 3946 cst.
297 3881 392 3945 Tunc
405 3883 484 3962 Leo,
510 3903 613 3969 quum
629 3882 920 3947 vehementissime
944 3881 1067 3967 prolem
1085 3902 1168 3946 mas·

54 3977 155 4042 culam
182 3977 392 4060 desideraret,
422 3980 485 4043 sibi
506 3979 621 4064 junxit
644 3979 744 4044 Zoem
769 3979 1039 4065 Carbonopsinae
1064 3979 1167 4043 filiam

54 4074 92 4151 (c.
115 4075 205 4162 903),
239 4097 338 4162 quam
363 4078 395 4140 in
431 4077 553 4163 palatio
577 4077 711 4158 habuit,
749 4080 829 4164 quin
854 4078 990 4142 solemni
1024 4077 1167 4164 (saltam)

55 4191 61 4195 -
83 4193 334 4301 “uersamn.
354 4235 388 4289 ad
406 4251 430 4289 a.
450 4235 500 4290 901
521 4252 548 4288 n.
566 4239 591 4292 4.
