3002 4836
487 493 694 548 Dissertatiouis
712 495 823 550 indoles.
1198 489 1215 544 8

103 639 302 706 adversarios
335 637 520 721 imaginum
551 636 735 721 laborasse,
771 640 996 727 quaestionem
1030 637 1070 702 de
1105 657 1143 700 ea
1179 655 1215 699 re

105 761 165 804 non
185 736 285 802 telem
309 755 382 800 esse
404 736 568 820 potuisse,
593 747 630 800 ut
653 735 823 802 Ecclesiae
849 733 1069 823 tranquillitas
1091 743 1216 822 pertur-

106 836 250 914 baretur,
275 832 345 896 RB„
369 830 546 898 Pontifices
575 835 769 917 praesertim
800 835 1027 921 imprudenter
1049 853 1083 897 se
1107 853 1146 896 ao
1169 834 1218 896 io-

105 933 275 998 toleranter
296 932 333 994 in
357 951 397 992 ea
419 951 455 992 re
477 931 626 1014 gessisse.
650 967 694 980 ·-
718 932 772 998 Ad
796 933 859 998 hoc
883 931 1145 1000 confirmandum
1169 951 1217 992 sa·

105 1035 143 1096 tis
163 1040 211 1096 est
233 1052 274 1094 ea
297 1027 416 1112 legere,
441 1049 526 1112 quae
550 1030 584 1092 iu
608 1030 756 1094 Historia
779 1031 975 1119 Soiptoosem
998 1029 1218 1094 ecclesiastieo-

104 1153 168 1194 ram
189 1128 352 1192 litterario
379 1123 554 1190 Guilelmus
580 1123 661 1192 Cave
691 1131 882 1214 perstringit
907 1129 942 1192 io
965 1137 1128 1214 conspectu
1150 1147 1218 1189 soe-

104 1227 164 1292 culi
193 1223 436 1290 domwdastiei.
484 1221 674 1288 Contemnit
703 1229 791 1291 onim
815 1227 862 1292 ibi
886 1235 1102 1292 memoratum
1126 1243 1219 1309 supe-

105 1328 169 1390 rius
197 1325 382 1406 imaginum
407 1320 547 1402 cultum,
572 1343 631 1407 per
644 1326 910 1409 superstitionem
932 1323 1026 1388 illum
1049 1325 1219 1387 invectum

1 1443 2 1452 ¹
104 1425 165 1504 ait,
188 1421 279 1505 leges
301 1429 416 1484 contm
433 1420 594 1504 imagines
613 1419 697 1486 latas
717 1431 951 1487 commemorat
966 1421 1069 1486 veluti
1093 1421 1220 1506 sapien-

105 1533 164 1602 tes,
188 1517 413 1605 promulgatas
435 1516 478 1580 ab
501 1515 692 1583 hominibus
720 1517 798 1585 boni
820 1519 1023 1606 reipublicae
1054 1527 1087 1583 et
1108 1516 1222 1582 Eccle-

105 1620 171 1682 siae
203 1615 381 1692 studiosis,
417 1625 599 1679 conventus
630 1616 674 1680 ab
707 1619 869 1703 episcopis
901 1617 1140 1683 iconoclastiois
1162 1637 1222 1704 per

105 1719 172 1780 vim
196 1725 388 1799 metumque
403 1711 535 1777 habitos
550 1713 654 1778 veluti
668 1713 833 1800 legitimos
848 1716 993 1781 traducit
1007 1725 1040 1780 et
1062 1725 1221 1802 tanquam

104 1815 299 1880 auctoritate
321 1811 508 1898 praeditos,
531 1811 703 1876 Ecclesiae
736 1824 919 1878 conventus
943 1813 1120 1879 catholicos
1142 1831 1221 1874 vero

107 1913 291 1996 vituperat,
316 1909 482 1974 Romanos
505 1909 682 1974 Pontifices
713 1911 821 1976 cultus
843 1913 1026 1998 imaginum
1049 1917 1225 1976 assertores

106 2019 319 2094 aspernatur,
343 2017 442 2092 atque
476 2009 727 2073 oecumenicum
750 2009 921 2075 Ecclesiae
953 2009 1103 2075 habitum
1127 2010 1161 2072 in
1185 2027 1224 2070 ea

1 2191 2 2196 ἵ
105 2129 205 2172 eausa
229 2104 417 2171 Concilium
441 2107 617 2190 septimum
651 2107 783 2190 irridet,
816 2109 910 2194 cujus
932 2108 1110 2194 participes
1134 2125 1224 2190 prae·

1 2211 2 2258 1
103 2207 217 2270 sertim
239 2204 364 2267 fuerint
385 2203 501 2268 miselli
527 2205 633 2290 utique
655 2207 798 2270 manueli
815 2208 1073 2293 patriarcharum
1095 2205 1225 2268 uomica

105 2323 321 2389 depersoner
343 2299 507 2387 splendide
531 2303 680 2368 emeouti
725 2303 765 2367 In
788 2304 938 2368 eamdem
962 2303 1159 2367 sententiam
1181 2299 1225 2364 lo·

1 2409 2 2414 ’
106 2411 202 2466 cutus
235 2409 284 2464 est
314 2398 356 2464 de
386 2409 566 2466 memorata
600 2402 823 2466 controversia
847 2402 1034 2466 Moslemios
1062 2401 1097 2464 in
1120 2399 1223 2463 Iastit.

105 2500 192 2564 Hira
217 2495 303 2562 Eool.
331 2521 411 2562 seeo.
443 2497 528 2561 VIII.
553 2497 589 2560 P.
614 2499 657 2561 II.
682 2523 722 2564 cc.
748 2501 768 2562 2
792 2509 821 2562 et
853 2503 883 2564 3.
930 2500 1048 2564 Totam
1072 2498 1225 2583 denique,

107 2609 142 2662 ut
165 2607 313 2662 caeteros
336 2604 558 2680 praeteream,
583 2605 699 2677 totam,
732 2598 882 2682 inquam,
906 2596 1005 2682 hujus
1027 2597 1106 2661 facti
1130 2595 1226 2660 histo·

106 2698 190 2760 riam
215 2695 374 2759 Pottesiua
395 2691 566 2778 perturbat
596 2694 630 2756 in
662 2715 719 2758 suo
750 2715 848 2780 opere
878 2695 926 2758 De
950 2694 1073 2780 l’esprit
1101 2693 1140 2756 de
1163 2691 1227 2756 l'E·

105 2793 184 2878 plire
201 2793 286 2857 Toou
303 2792 345 2855 II.
370 2814 395 2854 o.
421 2792 480 2872 19,
505 2789 661 2876 illamque
675 2792 709 2854 in
725 2791 962 2856 catholicorum
986 2791 1130 2856 dedecus
1153 2811 1227 2854 oon-

109 2902 238 2956 vertere
262 2890 419 2954 oouatnr“
430 2887 463 2974 ¹).
488 2925 531 2936 -
555 2887 675 2970 Vides,
700 2891 927 2975 quaestionem
951 2889 992 2954 de
1015 2889 1142 2953 haeresi
1158 2887 1227 2951 Ico-

110 2989 331 3054 noclastarum
354 2997 426 3050 tum
448 2996 567 3050 natura
591 3009 650 3050 sua
680 2997 713 3050 et
741 2997 875 3073 propter
896 2997 1034 3052 eventus
1057 2987 1087 3050 ei
1111 3007 1228 3049 coune-

108 3109 188 3168 xos,
206 3098 277 3150 tum
300 3095 433 3170 propter
456 3083 639 3148 calumnias
656 3084 922 3150 adversariorum
937 3084 1116 3164 Ecclesiae,
1136 3082 1227 3146 haud

111 3185 287 3250 mediocris
311 3203 383 3246 esse
406 3183 573 3247 momenti.
599 3181 646 3246 Ut
668 3203 746 3246 vero
762 3203 805 3246 ex
827 3182 942 3247 ordine
959 3205 1043 3268 quae
1071 3181 1114 3246 ed
1137 3179 1228 3244 illam

109 3293 254 3348 aemtom
283 3283 451 3366 pertinent
479 3289 736 3366 pertractemus,
779 3291 811 3344 ct
847 3282 1031 3346 accuratior
1068 3278 1230 3343 habeatur

1 3403 2 3478 j
111 3383 232 3446 notitia
255 3378 454 3443 conditionis
467 3399 577 3440 rerum
592 3376 908 3460 ecclesiasticarum,
932 3379 1076 3463 primum
1094 3397 1230 3460 agemus

109 3479 151 3542 de
179 3477 321 3544 Concilio
347 3475 502 3539 Tndlaoo
535 3499 572 3538 uo
604 3474 643 3538 de
667 3483 752 3538 statu
773 3497 877 3539 retum
901 3485 973 3539 ante
997 3484 1138 3538 exortum
1160 3473 1231 3536 leae-

110 3579 210 3642 reaim
232 3573 516 3652 Iconoclueturum,
550 3571 627 3636 dein
658 3573 696 3636 de
728 3572 995 3637 Ioouoclaotuoum
1023 3573 1160 3650 haeresi,
1194 3571 1233 3634 de

115 3673 259 3740 Concilio
283 3673 473 3736 oecumenico
497 3671 641 3757 septim,
670 3679 702 3733 ct
731 3671 769 3734 de
802 3669 959 3733 succubus
976 3680 1053 3756 post
1074 3670 1128 3732 ltoo
1155 3666 1232 3732 Coo-

111 3773 232 3836 cilium.

204 3871 235 3933 4,
263 3867 399 3932 Oonsuli
430 3875 567 3954 possunt
597 3867 639 3930 de
671 3865 722 3930 his
755 3864 1004 3952 quaestiouibus
1026 3872 1156 3950 praeter
1178 3883 1233 3926 va·
1258 3895 1387 3942 gam

116 3969 183 4031 rios
207 3976 358 4031 auctores
391 3985 473 4051 quoe
506 3967 540 4030 iu
564 3963 812 4029 Dissertationis
835 3962 1023 4027 evolutione
1047 3960 1233 4042 citabimus,

117 4063 282 4130 Batonius
314 4072 347 4127 et
375 4063 472 4148 Pagi,
497 4061 616 4126 Aoool.
641 4061 711 4126 eccl.
744 4097 788 4108 —
817 4060 917 4146 Pagi,
941 4061 1139 4124 Breviamum
1162 4059 1232 4122 lzist.

197 4278 215 4341 ¹)
234 4275 343 4342 Palma,
361 4274 493 4332 Pneleot.
511 4273 585 4330 Tum
604 4272 642 4328 11.
661 4288 683 4326 c.
703 4273 729 4330 1.

1097 4359 1128 4413 1*
