2952 4832
326 505 367 556 [te
384 504 550 558 Pontificatu
569 505 594 558 S.
614 503 740 571 Gregorii
760 501 822 557 vlt.
1110 501 1162 554 ‘277

53 647 166 709 nuntiis
197 647 307 732 Papae
338 647 381 710 ad
414 644 542 710 Gallias
574 647 667 710 ituris
698 645 740 710 de
773 645 997 710 satisfactione
1035 659 1094 725 'sua
1128 656 1162 708 et

53 743 270 807 emendatione
303 746 514 808 securitatem
537 766 604 808 uon
626 744 751 818 fecerit,
787 741 949 808 habeatur
972 765 1161 806 excommu-

52 842 199 906 nicatus.“
215 842 252 905 3⁰
265 841 452 922 „Siemsrus
466 841 734 926 archiepiscopus
744 841 943 921 Bremensis,
954 839 1160 906 Gusrnerius

54 939 337 1022 argentoratensis,
366 941 533 1004 Hauricus
556 939 730 1024 Spirensis,
757 939 983 1002 llerimannus
1004 938 1161 1002 Bamber·

49 1038 157 1117 gensis,
182 1034 368 1101 Gulielmus
391 1037 576 1122 Pupienus,
612 1035 813 1102 Ounibertus
838 1037 1054 1101 Taurinensis
1079 1038 1161 1120 epis-

49 1136 125 1220 copi,
149 1157 169 1198 a
183 1157 359 1200 munerum
371 1135 657 1200 administratione
680 1145 904 1214 removentur,
930 1145 963 1198 et
977 1135 1161 1218 Dionysius

48 1233 213 1317 episcopus
227 1233 441 1297 Placentinus
457 1231 644 1318 dejicitur.“
671 1231 724 1295 Illi
740 1231 906 1316 praesules
924 1230 976 1294 vel
1001 1232 1161 1297 simoniae

47 1329 220 1394 aliorumve
248 1331 434 1395 facinorum
461 1328 700 1410 arguebantur,
733 1330 779 1393 uti
813 1351 841 1394 e.
870 1351 902 1411 g.
934 1328 1160 1392 Herimannus

48 1427 302 1511 Bambargensis,
328 1427 381 1492 vel
397 1439 606 1512 arrogantem
622 1427 864 1512 oppositionem
889 1428 923 1490 in
937 1426 1056 1491 Sedem
1074 1427 1161 1512 Apo-

47 1525 187 1590 stolicam
219 1526 444 1608 ostenderant,
478 1537 514 1588 ut
544 1525 733 1604 blismurus,
767 1525 823 1610 qui
857 1526 1004 1588 maxime
1035 1524 1161 1606 legatos

48 1622 208 1688 Pontificie
232 1622 431 1710 impedierat
453 1624 631 1708 quominus
655 1623 819 1707 synodum
843 1623 878 1686 in
900 1621 1081 1687 Germania
1105 1621 1161 1686 ha-

49 1719 162 1786 herent.
209 1721 312 1786 Porro
342 1723 450 1785 vocati
483 1721 527 1784 ad
561 1720 739 1786 concilium
762 1721 950 1784 Romanum
975 1742 1041 1784 non
1066 1741 1161 1784 venc-

48 1829 120 1885 rant
150 1857 191 1866 -
220 1821 260 1882 4⁰
291 1817 474 1902 ,Robertus
497 1819 567 1883 dux
591 1819 734 1904 Apuliae
754 1820 826 1903 jam
850 1817 1160 1898 anathematizatus,

48 1927 75 1978 et
95 1909 256 1980 liebertus
280 1917 320 1981 de
344 1916 512 1998 Loritello,
543 1918 903 1982 excommunicantur.“
931 1953 974 1962 -
997 1914 1161 1979 Robertus

46 2011 244 2080 Guiscardus
268 2037 343 2079 reus
367 2025 437 2078 erat
459 2018 596 2100 rapinae
621 2015 781 2080 bonorum
806 2013 1104 2078 ecclesiasticorum
1129 2021 1162 2074 et

46 2115 258 2196 aggressionis
292 2113 433 2198 injustae
462 2112 601 2177 aliorum
635 2114 835 2198 principum.
868 2149 910 2158 --
941 2109 1007 2174 Sed
1040 2111 1160 2172 summi

48 2214 194 2275 momenti
227 2211 291 2276 fuit
322 2211 360 2275 5⁰
391 2209 446 2274 lex
478 2211 516 2274 de
548 2213 744 2274 investituris
781 2211 816 2274 in
847 2209 909 2272 hnc
942 2206 1067 2291 syuodo
1092 2205 1159 2270 lata
1194 2237 1308 2278 osefa„

47 2305 202 2394 hujusque
226 2310 368 2372 tenoris:
393 2307 514 2393 Siquis
539 2309 687 2394 deirroeps
703 2309 918 2394 episcopatum
933 2305 981 2368 uel
998 2305 1243 2388 attestamur&
1270 2309 1331 2350 ⁵²¹⁰·

45 2403 79 2465 de
100 2430 196 2470 mauu
219 2406 357 2495 alicujus
380 2405 483 2469 laicae
494 2429 652 2492 personae
669 2407 850 2491 susceperit,
874 2403 1054 2468 nallatenus
1079 2406 1161 2467 iuter
1199 2380 1300 2420 'mm'

45 2505 199 2590 episcopos
215 2503 378 2582 habeatur,
401 2527 457 2567 rrae
480 2504 550 2568 ulla
574 2506 604 2567 ci
626 2516 660 2568 ut
684 2506 830 2590 episcope
855 2513 912 2566 cat
935 2501 1045 2565 abbati
1068 2501 1160 2564 audi·
1274 2515 1278 2522 '

45 2604 124 2664 esau
146 2602 356 2680 concertatum
379 2603 511 2688 iusuper·
535 2605 564 2664 ei
577 2605 717 2686 matium
738 2602 823 2666 beati
838 2602 927 2664 Petri
951 2611 980 2664 et
994 2599 1159 2662 introitum

44 2698 184 2762 ccclesiae
208 2699 435 2779 interdicimus,
460 2723 616 2785 quousque
631 2698 834 2785 iocum'quem
850 2699 931 2784 cepit
945 2696 1159 2783 resiqrisceado

47 2799 100 2858 aori
131 2797 269 2876 deserit;
309 2797 455 2862 dociliter
488 2800 583 2862 etiarn
620 2798 658 2860 cle
697 2797 904 2881 inferioribus
941 2795 1160 2860 ecclesiasticis

42 2895 247 2980 diqaitatibus
256 2897 482 2960 constituimus.
513 2894 550 2960 Si
561 2898 631 2980 quis
645 2899 882 2982 imperatorum,
896 2917 1011 2976 aequm,
1035 2893 1159 2970 ducum,

46 2994 259 3072 marchionum,
291 2995 452 3072 comitum,
485 2994 535 3056 uel
569 2993 700 3079 quilibet
732 2991 943 3058 saecularium
965 2998 1160 3076 potestatum

45 3101 97 3152 out
113 3113 327 3175 pascuarum,
348 3092 568 3155 insecuturam
591 3093 826 3179 episcopatuum
849 3089 898 3153 uel
915 3089 1051 3178 alicujus
1067 3087 1159 3151 eccle·

42 3186 184 3252 siasticae
217 3188 386 3273 diquitats's
419 3190 496 3252 dure
521 3191 786 3276 praesumpserit,
819 3188 954 3275 ejusdem
985 3187 1158 3250 sentcntiae

45 3284 160 3349 ansolo
183 3308 215 3348 sc
240 3286 426 3351 adstrictum
449 3289 530 3351 sciat
541 3286 576 3370 ¹).

126 3401 178 3465 68.
227 3401 402 3486 Colligitur
439 3393 481 3465 ex
515 3405 555 3466 iis
587 3423 671 3488 quac
713 3403 863 3486 superius
903 3401 1156 3486 disputavimus

43 3495 307 3562 investiturarum
351 3501 625 3564 consuetudinem
667 3500 769 3564 veluti
804 3510 954 3564 centrum
989 3501 1090 3563 fuisse
1125 3512 1158 3563 et

43 3593 160 3659 fontem
190 3595 360 3678 malorum,
397 3598 517 3684 quibus
536 3598 736 3684 jamdudum
761 3598 912 3662 Ecclesia
935 3598 1156 3683 affligebatur.

43 3689 236 3758 lnvestitura
261 3698 347 3759 enim
374 3697 634 3762 conservabatur
657 3707 689 3760 et
712 3694 907 3760 firmabatur
926 3699 1066 3760 servitus
1089 3695 1156 3778 illa,

41 3789 81 3851 ad
105 3813 201 3876 quam
226 3793 360 3858 redacta
385 3804 455 3858 erat
477 3795 638 3876 Ecclesia,
662 3805 761 3880 atquc
778 3794 917 3876 indigna
934 3794 1157 3878 dependentia

43 3893 205 3970 potestatis
229 3891 472 3956 ecclesiasticae
497 3915 517 3956 a
531 3904 694 3978 potestate
717 3890 802 3956 laica
826 3892 942 3956 eadem
967 3893 1156 3957 solemniter

43 3985 137 4050 veluti
161 3988 364 4073 signabatur.
406 3991 495 4055 Fons
519 4013 615 4076 porro
640 4000 711 4054 erat
733 3991 893 4055 simoniae
918 3991 1155 4076 perniciosissi-

44 4101 119 4166 mus,
141 4087 289 4172 ‘dumque
314 4090 395 4152 viris
417 4089 564 4174 indignis
587 4090 777 4176 frequenter
793 4090 1001 4173 episcopatus
1025 4089 1156 4174 aliaque

45 4215 243 4232 ’ᾖε-ψ

112 4284 129 4346 ¹)
148 4281 181 4334 V.
200 4281 272 4337 Jaffe
292 4283 413 4352 Regcsta
432 4284 514 4352 Greg.
534 4283 597 4338 Vll.
617 4301 641 4338 a.
662 4285 740 4338 lure.
