2898 4836
366 499 558 556 Amamassos
576 499 773 568 eupemutnr.
1093 502 1129 554 53

29 644 203 706 necessitate
229 641 391 710 suadente
413 665 471 728 pro
496 643 582 711 bono
606 643 778 710 Ecclesiae
802 643 1031 708 translationes
1055 644 1126 708 lieri

29 740 146 824 esest)

99 839 149 902 50.
172 839 319 904 loannes
335 839 367 902 X
382 859 477 924 porro
495 841 619 925 optime
632 862 686 904 res
701 838 941 904 ecclesiasticas
955 859 995 902 ac
1010 838 1127 904 civiles
1157 840 1248 884 Μ·
1261 841 1279 881 ¹

24 935 261 1016 administravit,
285 957 422 1022 seseque
438 938 560 1022 vigore,
577 937 763 1023 prudentia,
785 935 1007 1002 sollicitudine
1021 945 1126 1001 osten·
1184 901 1254 952 Μ’

24 1033 63 1096 dit
83 1036 249 1116 eximium,
274 1035 319 1098 ita
343 1045 380 1098 nt
403 1034 549 1119 pericula
572 1045 746 1118 averteret,
771 1035 1001 1099 auctoritatem
1022 1036 1126 1119 ponti·

25 1129 117 1196 ficiam
145 1132 308 1212 timaret,
340 1142 372 1196 et
400 1131 604 1218 reipublicae
628 1134 796 1196 securitati
821 1130 1018 1218 provideret.
1065 1131 1128 1196 Im-

22 1230 121 1312 primis
144 1229 305 1296 sollicitue
326 1230 369 1294 de
392 1229 612 1316 reprimendis
635 1231 808 1296 Saracenis
832 1230 889 1316 qui
913 1228 987 1292 urbi
1003 1229 1128 1294 Romae

20 1328 131 1411 totique
153 1326 270 1392 Italiae
301 1337 458 1392 temonem
482 1329 677 1393 continuum
701 1327 915 1412 injiciebant,
949 1351 978 1392 a.
1004 1327 1069 1392 915
1094 1329 1127 1392 in

20 1423 114 1487 liateli
139 1425 289 1508 Domini,
321 1447 441 1510 magno
465 1448 541 1490 cum
566 1425 741 1511 splendore
764 1427 980 1512 omniumque
1004 1423 1127 1490 exulta·

20 1523 96 1586 tione
118 1523 358 1608 Berengarium
390 1545 500 1610 regem
532 1523 648 1588 ltaliae
678 1525 914 1608 Imperatorem
947 1525 1128 1588 coronavit.

21 1618 93 1684 Dein
117 1622 205 1684 inter
229 1619 484 1686 Constantinum
507 1621 745 1706 Imperatorem
770 1620 984 1704 Graecorum,
1008 1619 1128 1686 Beren-

17 1719 142 1800 gnrium,
167 1719 339 1804 principes
356 1716 563 1803 Capuanum,
581 1717 838 1799 salernitanum,
853 1719 1127 1784 Beneventanum

18 1831 45 1878 ct
62 1815 277 1902 spoletanum
308 1816 424 1882 foedus
454 1816 655 1882 conciliavit.
704 1814 866 1882 Concordi
900 1816 1017 1881 borum
1041 1818 1129 1902 prin·

17 1913 116 1998 cipum
139 1935 204 2000 ope
228 1915 440 1979 fortissimam
456 1936 565 1979 arcem
584 1916 704 1978 montis
721 1912 894 1994 Gariliani,
920 1937 1020 2001 quam
1034 1915 1128 1978 Sara·

16 2013 79 2074 ceni
111 2011 156 2076 ad
181 2012 273 2076 Latii
305 2012 388 2076 fines
415 2012 487 2097 jam
520 2011 742 2097 quadraginta
763 2014 861 2078 annis
886 2033 1005 2098 magno
1030 2013 1130 2076 totius

14 2105 118 2172 ltaliae
142 2110 344 2174 detrimento
368 2109 594 2194 occupabant,
627 2112 849 2195 oppugnavit,
883 2110 1064 2175 Saracenos
1088 2131 1130 2172 ex
1232 2107 1235 2114 '

14 2229 45 2268 ea
67 2230 141 2272 cum
167 2209 296 2293 ingenti
321 2207 414 2272 clade
439 2229 551 2272 eorum
577 2208 676 2294 ejecit
687 2219 787 2294 atque
802 2209 941 2294 fugavit,
966 2219 998 2272 et
1012 2206 1128 2272 urbem

14 2307 272 2392 territoriumque
286 2305 473 2370 Romanum
497 2327 536 2370 ac
560 2305 717 2370 finitimos
736 2307 942 2392 principatus
955 2304 998 2370 ab
1015 2325 1128 2369 eorum

12 2403 275 2470 infestationibus
306 2403 471 2470 liberavit
517 2404 669 2470 Profecto
700 2403 751 2468 his
783 2407 818 2469 in
842 2403 941 2468 rebus
965 2405 1127 2487 insignem
1224 2430 1228 2436 ⁴

9 2498 97 2584 plane
126 2501 332 2566 industriam
355 2501 502 2566 loannes
525 2501 684 2586 ostendit,
715 2502 878 2588 simulque
902 2523 995 2564 suam
1020 2509 1129 2566 aucto-

10 2601 130 2666 ritatem
156 2601 308 2664 firmavit
331 2602 364 2663 in
389 2599 480 2682 urbe,
505 2623 545 2666 ae
569 2600 727 2686 majorem
752 2623 771 2663 a
795 2599 956 2664 nobilium
980 2599 1130 2662 factioni·

11 2693 63 2761 tos
85 2698 151 2763 sibi
178 2699 312 2784 paravit
335 2697 639 2782 independentiam.

86 2799 144 2862 ol.
180 2795 250 2862 Sed
282 2797 382 2861 etiam
415 2797 450 2860 in
483 2796 582 2860 rebus
615 2795 846 2860 ecclesiasticis
878 2817 947 2860 sese
977 2791 1131 2858 exhibuit

9 2891 201 2960 Pontificem
225 2893 403 2958 sollicitum
427 2917 466 2958 ac
481 2906 663 2959 strenuum.
697 2893 750 2958 Ad
766 2891 1030 2978 componendam
1046 2890 1130 2954 divi·

73 3093 93 3161 ¹)
112 3093 193 3160 Quae
221 3091 392 3160 exposu'nnus
420 3093 454 3148 sb
481 3093 637 3148 auctoribus
665 3091 796 3161 gravibus
825 3091 912 3146 nostri
940 3091 1068 3158 temporis
1097 3105 1131 3143 ex

7 3169 170 3228 momentis
191 3172 303 3228 sinceris
322 3173 480 3242 deprompta
497 3179 570 3228 sunt.
603 3173 635 3228 V.
651 3171 789 3228 Liversni.
809 3171 899 3226 Storia
916 3171 943 3225 di
958 3169 1093 3225 Giovanni
1106 3169 1132 3223 X

7 3251 46 3314 (ds
63 3253 265 3322 resignano,
293 3251 395 3316 Balan,
421 3251 510 3306 Storia
528 3251 551 3305 d'
567 3251 660 3309 Italia.
685 3249 714 3305 L.
735 3251 822 3305 xvlt.
842 3267 868 3306 n.
889 3249 1008 3318 XXIlI.;
1036 3249 1132 3304 Helela

7 3333 30 3384 Γ.
48 3331 77 3385 G.
99 3333 150 3386 IV.
173 3333 199 3403 §-
219 3334 281 3387 513.
302 3363 335 3372 -
353 3332 394 3386 Ob
412 3333 620 3388 translationem
646 3349 662 3384 n
687 3333 749 3386 sede
767 3331 971 3386 &vannetensi
996 3331 1023 3385 in
1042 3331 1131 3384 eedem

7 3407 152 3468 munnam
183 3411 292 3480 quidem
320 3415 464 3480 scriptores
489 3413 563 3468 illius
587 3413 649 3468 aevi
669 3427 821 3476 asseruere,
847 3411 980 3466 Joannem
999 3411 1132 3466 invasisse

7 3487 92 3548 Sedent
118 3493 316 3561 Apostollcem.
353 3493 398 3546 Ita
426 3495 454 3548 in
479 3493 611 3548 Chronico
639 3510 659 3546 s
685 3492 824 3548 &amicti
853 3491 966 3548 dicitur:
998 3491 1133 3556 ,ioannes

7 3572 222 3642 ucbiepiscopus
247 3573 415 3628 &hauriatis
440 3572 581 3638 eeclesiae,
608 3573 744 3628 invitatus
769 3588 786 3626 a
812 3572 972 3642 primatibus
995 3573 1132 3625 Romanae

7 3651 80 3709 orbis
97 3661 200 3707 contra
211 3653 341 3709 instituta
354 3669 485 3708 canonum
503 3669 588 3722 agens
599 3653 735 3708 Romanae
753 3653 880 3708 ecclesiae
894 3651 1004 3705 invasor
1016 3651 1131 3704 lactus“.

7 3729 35 3784 ll.
54 3733 87 3787 G.
107 3733 162 3787 111.
187 3733 245 3787 199.
264 3763 298 3772 -
319 3733 351 3786 ln
370 3731 501 3788 Chronico
521 3733 660 3787 Catinensi
681 3733 735 3786 Leo
754 3731 887 3786 Ostiensis
907 3731 961 3786 ait:
998 3731 1133 3796 „lomnes

7 3809 126 3878 lecimus,
148 3813 198 3880 qui
218 3827 251 3868 cx
270 3813 426 3882 episcopatu
445 3815 606 3868 Rauennate
624 3813 772 3868 Romanam
791 3814 880 3868 sedern
899 3811 1028 3868 invasit‘.
1046 3810 1082 3866 ll⁴
1099 3810 1132 3864 G.

7 3887 62 3948 tu.
82 3893 147 3949 616.
171 3923 205 3934 -
224 3889 433 3948 aminneam
458 3894 539 3962 plane
556 3893 689 3950 loannem
714 3893 863 3948 mansimus
888 3893 967 3962 argui
993 3909 1026 3948 ex
1052 3891 1133 3948 dictis

7 3973 153 4042 colligitur.
176 4003 210 4014 —
230 3973 342 4029 Minime
368 3979 506 4028 versatum
532 3973 721 4028 laetentibus
746 3973 789 4030 sui
814 3973 942 4040 temporis
967 3989 994 4028 se
1013 3971 1133 4026 ostendit

7 4061 97 4108 enmor
117 4055 274 4108 Inventione
293 4053 321 4107 in
340 4053 460 4118 Romam,
479 4054 542 4107 dum
560 4053 731 4108 JoauuemX
750 4059 814 4108 tune
834 4059 994 4122 regnantem
1013 4051 1133 4106 dicteriis

7 4145 133 4200 appatens
166 4131 278 4198 scribit,
306 4147 367 4186 eum
395 4133 511 4202 primum
537 4133 734 4187 Bononiensem
762 4130 902 4187 ecelesiam
930 4132 1074 4197 invasisse,
1102 4147 1134 4184 ae

7 4211 64 4266 lein
83 4229 118 4268 ea
138 4211 239 4268 relictt
251 4213 398 4267 &manem
412 4213 551 4268 eoeleeism
569 4211 683 4268 nolanis
702 4212 811 4267 ausibus
829 4227 980 4279 usurpasse.
1007 4212 1037 4264 V.
1052 4211 1134 4266 Bian-

7 4293 74 4349 chini
95 4293 267 4348 Anastasius
284 4291 355 4346 Bibl.
373 4292 432 4348 Vol.
454 4291 500 4346 tv.
519 4309 544 4361 p.
563 4291 686 4348 LXXIV.
