2904 4834
331 468 454 522 Eventus
472 473 534 536 post
552 467 700 524 Concilium
719 485 772 524 oea
791 467 866 523 VIII.
1106 469 1160 524 423

67 632 120 674 uno
141 631 304 693 consensu,
329 623 361 674 et
384 633 451 676 una
476 610 652 676 concordia
676 613 711 675 in
734 613 939 676 restitutione
962 622 1019 676 tua
1044 633 1161 676 conve·

67 710 173 771 nerint:
206 712 337 772 veniam
367 731 426 794 pro
459 731 541 795 pace
572 721 705 774 sanctae
730 707 878 794 Optanae
910 709 1068 774 ecclesiae
1099 711 1159 776 tibi

66 805 264 888 macedium,
290 810 555 871 communionem
580 828 710 892 quoque
735 816 767 871 et
789 807 946 891 gradum,
977 829 1086 870 coram
1111 829 1161 892 sy-

66 903 137 966 nodo
150 904 405 969 misericordiam
421 905 619 990 quaerendo,
644 904 860 969 nthlominus
874 904 1054 984 reddimus,
1079 915 1112 968 et
1126 919 1163 969 ut

65 1012 177 1064 sanctam
202 1001 350 1086 Optanae
376 1002 534 1066 ecclesiae
560 1002 682 1067 debeas
708 1024 861 1088 praeesse
876 1003 1162 1081 consentimus.“¹l

63 1097 105 1160 ld
120 1120 170 1161 eos
185 1109 295 1163 autem
312 1099 490 1184 praesules,
516 1101 571 1184 qui
590 1099 673 1164 duce
686 1099 903 1185 Metrophane
917 1099 1109 1184 Smyrnensi
1128 1104 1161 1166 in

61 1198 247 1281 oppositione
285 1207 398 1262 contra
429 1196 587 1262 Photinm
625 1209 934 1282 perseveraverant,
976 1200 1162 1282 graviorem

61 1293 137 1357 dedit
157 1294 339 1380 epistolam,
364 1296 398 1359 in
424 1317 489 1380 qua
509 1293 690 1358 districtius
714 1305 746 1358 et
760 1298 907 1359 severius
923 1294 1054 1360 scribit:
1082 1295 1163 1378 „Ve-

60 1407 144 1455 stram
166 1391 304 1456 salutem
330 1394 500 1478 cupientes
517 1413 688 1456 monemus
713 1402 745 1457 et
763 1391 942 1478 apostolica
958 1393 1164 1477 benignitate

56 1488 203 1572 jubemus,
229 1512 288 1554 vos
308 1511 421 1554 omnes
436 1489 605 1554 Ecclesiae
625 1491 724 1570 uniri,
749 1501 925 1574 vestroque
946 1489 1162 1574 patriarchae,

60 1585 159 1650 Photio
183 1587 350 1664 videlicet,
376 1610 473 1673 quem
498 1609 556 1673 pro
581 1587 752 1651 Ecclesiae
775 1609 856 1672 pace
881 1596 913 1650 et
936 1590 1062 1651 unitate
1079 1610 1164 1652 rece-

59 1687 165 1767 pimus,
189 1685 370 1749 adhaerere
394 1687 706 1771 communicareque
736 1685 873 1748 studete.
897 1685 999 1773 'Nam
1025 1687 1051 1749 si
1082 1687 1164 1751 haec

60 1793 152 1845 nostra
175 1781 357 1868 apostolica
374 1785 497 1848 monita
520 1832 578 1848 ...
603 1781 718 1846 audire
742 1785 1013 1868 contempseritis,
1038 1785 1163 1866 scitote,

59 1881 125 1963 quis
143 1882 251 1944 missis
274 1881 393 1945 nostris
412 1883 649 1966 praecepimus,
674 1880 802 1944 tamdiu
818 1901 877 1944 vos
893 1882 982 1944 omni
998 1881 1165 1945 ecclesias-

60 1978 115 2040 tica
137 1979 367 2042 communione
391 1979 539 2063 privare,
573 1977 732 2064 quamdiu
761 1977 802 2042 ad
835 1979 995 2042 unitatem
1020 1981 1165 2064 corporis

58 2071 165 2138 Christi
189 2085 222 2139 et
244 2075 288 2140 ad
312 2085 458 2139 vestrum
484 2077 746 2160 contempseritis
777 2075 884 2139 redire
909 2075 1165 2163 pontificem.“²)

57 2209 92 2217 —
112 2171 284 2237 Probabile
308 2183 371 2254 est,
405 2174 570 2238 loannem
594 2171 678 2237 VIII
703 2173 813 2258 quoad
836 2173 895 2236 hos
919 2175 1089 2259 episcopos
1113 2173 1166 2237 de-

57 2279 175 2356 ceptum
198 2270 300 2334 fuisse
324 2271 453 2336 callidis
476 2269 695 2336 Santabareni
719 2271 997 2354 accusationibus,
1031 2275 1086 2358 qui
1111 2295 1166 2337 eos

55 2377 85 2430 ut
105 2379 254 2434 auctores
285 2368 465 2434 obstinatos
497 2369 736 2433 discordiarum
768 2377 800 2433 et
832 2371 998 2433 scissionis
1024 2369 1166 2457 descrip-

54 2468 130 2530 serit
174 2467 302 2532 Durius
327 2468 416 2530 enim
440 2466 595 2530 Pontifex
620 2487 674 2530 cos
698 2467 816 2552 arguit,
841 2466 1053 2552 quodetiam
1078 2476 1165 2533 ante-

54 2575 116 2628 acto
139 2573 285 2650 tempore
310 2565 510 2629 divisionem
533 2565 686 2629 foverint.
728 2563 864 2647 „Multis
883 2565 954 2651 jam
977 2564 1166 2629 labentibus

54 2662 155 2743 annis,
188 2664 249 2744 ait,
283 2683 387 2748 usque
418 2661 460 2726 ad
491 2683 647 2747 praesens
677 2663 712 2726 in
737 2660 922 2726 discordiae
946 2660 1110 2727 divisione
1134 2673 1166 2726 et

54 2759 82 2822 in
97 2759 324 2824 scandalorum
340 2760 587 2845 perturbatione
598 2781 658 2823 vos
675 2759 826 2823 videmus
841 2767 1009 2844 promptos
1020 2781 1164 2840 manere,

54 2878 104 2920 nec
127 2880 186 2944 per
209 2857 354 2921 caritatis
369 2856 555 2920 custodiam
580 2857 623 2921 ad
643 2858 803 2921 unitatem
818 2856 987 2920 Ecclesiae
1010 2858 1163 2921 reverti.“

52 2991 87 2999 -
108 2955 298 3041 Objectioni
322 2963 433 3019 autem
457 2976 556 3040 quam
581 2955 663 3018 forte
689 2957 805 3018 afferre
831 2963 997 3040 poterant,
1028 2953 1164 3020 solemni

52 3053 285 3139 subscriptione
309 3063 407 3116 antea
431 3052 473 3116 ab
497 3053 578 3138 ipsis
602 3075 673 3117 esse
697 3055 913 3139 promissum,
947 3073 981 3114 se
1004 3050 1095 3115 haud
1119 3075 1165 3116 se-

52 3165 175 3215 cuturos
192 3173 262 3215 esse
277 3149 442 3231 Photium,
466 3152 609 3214 occurrit
623 3149 778 3214 Pontifex
794 3149 1073 3232 animadvertens,
1091 3172 1166 3212 auc·

50 3251 171 3313 toritate
197 3248 366 3313 Ecclesiae
399 3247 535 3312 vincula
569 3248 730 3334 ejusmodi
767 3249 861 3313 solvi.
911 3247 1001 3330 „Nec
1033 3246 1165 3333 aliquis,

51 3345 173 3429 scribit,
210 3356 356 3410 vestrum
389 3347 475 3410 hanc
504 3345 626 3418 habeat
655 3349 689 3410 in
712 3347 881 3411 redeundo
907 3346 1165 3426 excusationem,

51 3465 99 3526 pro
124 3446 296 3530 seripturis
320 3443 361 3508 de
384 3443 448 3508 bac
472 3467 572 3508 causa
596 3447 802 3530 compositis3
828 3446 906 3530 quia
930 3444 1044 3508 divina
1061 3453 1166 3527 potes·

50 3552 108 3605 tate
131 3565 230 3628 quam
255 3543 384 3628 accepit
406 3541 557 3606 Ecclesia
583 3540 721 3624 Christi,
754 3551 874 3606 cuncta
898 3542 1071 3606 solvuntur
1095 3542 1165 3604 vin-

52 3639 135 3724 cula,
172 3640 304 3726 quando
338 3661 397 3726 per
430 3640 625 3726 pastoralem
658 3642 887 3704 auctoritatem
918 3662 1002 3726 quae
1033 3639 1168 3702 fuerant

50 3735 142 3820 ligata
175 3737 363 3818 solvuntur,
397 3739 571 3823 quoniam,
606 3741 691 3802 sicut
715 3736 796 3802 dicit
829 3761 853 3803 s.
883 3737 977 3823 Papa
1001 3734 1165 3820 Gelasius,

51 3833 168 3898 nullum
191 3845 239 3899 est
262 3834 434 3899 vinculum
450 3834 635 3918 insolubile,
659 3836 723 3900 nisi
744 3837 832 3899 circa
852 3857 906 3899 eos
926 3837 981 3921 qui
1004 3837 1037 3898 in
1058 3856 1165 3898 errore

50 3934 252 4015 persistunt.“
278 3971 321 3980 -
346 3931 442 3997 Certe
466 3935 576 3997 minus
607 3933 746 4019 provide
770 3933 934 3997 Joannem
965 3932 1074 4019 quoad
1106 3931 1165 3995 hos

51 4032 212 4116 episcopos
246 4031 433 4116 scripsisse,
466 4033 580 4116 negari
613 4053 678 4096 non
714 4053 808 4116 posse
840 4030 985 4094 videtur.
1031 4031 1165 4094 Etenim

55 4179 253 4191 ——n—

118 4243 136 4312 ι)
154 4243 203 4312 sp.
222 4244 292 4310 201;
311 4241 402 4298 tanae
419 4243 467 4296 nc
488 4244 548 4299 aa.
652 4241 682 4322 η’)
700 4241 751 4311 ap.
770 4241 837 4310 ma
855 4240 948 4295 nasae
966 4238 1014 4294 rx.
1035 4241 1094 4295 147.
