2904 4834
314 467 435 524 Eventus
453 473 514 536 post
533 466 681 522 Concilium
699 480 752 519 oee.
772 465 851 522 VIII.
1092 469 1146 522 425

51 609 190 672 menicam
212 607 296 674 VIII
319 612 397 674 anni
423 611 488 675 869
513 607 737 674 venerabilem
762 607 865 691 dicat,
893 631 933 694 ac
958 608 1146 675 nullatenus

50 726 105 767 eam
130 705 203 769 velit
224 705 382 772 abolitam
407 730 488 786 esse,
513 707 572 770 sed
595 717 724 770 tantum
748 705 927 792 apostolica
950 709 1146 771 auctoritate

49 799 224 886 dispensare,
249 805 359 890 quoad
383 828 421 868 ea
445 827 529 890 qnae
554 813 675 868 statuta
699 815 792 868 erant
817 804 857 868 de
873 802 1007 886 Photio3
1033 805 1086 869 hic
1111 807 1146 870 in

48 921 92 962 sna
115 902 258 966 versione
283 901 471 967 Concilium
495 901 577 967 illud
600 901 737 966 exhibet
760 911 796 965 ut
820 901 1013 965 damnatum
1037 913 1069 965 et
1092 924 1146 988 pe·

48 997 117 1060 nitus
138 999 344 1084 abrogatum.
389 999 433 1064 Et
461 1021 498 1064 eo
528 999 599 1063 loco
624 1021 688 1085 quo
712 999 859 1063 Ioannes
883 999 916 1062 in
941 998 1078 1084 epistola
1103 999 1146 1063 ad

47 1091 179 1160 Plotium
203 1109 438 1162 commemorat
462 1119 623 1161 canonem
648 1097 689 1161 de
712 1119 780 1160 non
803 1097 1038 1182 promovendis
1053 1095 1146 1160 laicis

46 1193 194 1257 conditum
218 1195 261 1260 ab
288 1194 341 1258 illa
366 1193 548 1258 venerabili
574 1194 708 1278 Synodo
733 1194 794 1258 sub
818 1194 991 1259 Hadriano
1016 1195 1058 1272 Il,
1084 1195 1145 1258 cal-

45 1287 94 1352 lide
114 1291 253 1357 Photius
284 1293 453 1357 substituit
483 1292 647 1377 synodum
672 1292 799 1356 Tanusii
831 1291 892 1355 sub
922 1292 1094 1357 Hadriano
1118 1293 1145 1357 I.

45 1423 76 1432 -
96 1389 129 1450 2⁰
154 1389 250 1468 Quae
274 1390 425 1476 pluribus
455 1390 535 1454 locis
566 1389 784 1455 mandaverat
806 1390 953 1454 Jcannes
984 1391 1024 1454 de
1056 1393 1146 1454 satis-

44 1483 167 1550 factione
190 1487 319 1570 Photii,
352 1497 384 1550 et
407 1489 505 1552 venia
530 1511 568 1552 ac
593 1486 817 1552 misericordia
841 1487 883 1551 ab
909 1490 979 1573 ipso
1003 1488 1146 1573 petenda

43 1603 134 1646 coram
158 1585 304 1668 synodo,
334 1587 455 1671 partim
480 1587 601 1650 omissa
624 1597 715 1659 sunt,
747 1587 867 1670 partim
892 1587 936 1649 ita
961 1585 1080 1668 lenita,
1110 1596 1146 1650 ut

43 1697 143 1761 agatur
166 1681 207 1744 de
232 1685 442 1748 invocatione
466 1683 710 1748 misericordiae
735 1682 879 1748 divinae.
904 1722 947 1730 -
971 1686 1010 1748 3⁰
1033 1684 1146 1765 Quum

43 1775 180 1842 Pontifex
204 1779 261 1844 sub
285 1779 463 1844 cotiditiorce
487 1781 643 1845 Photium
667 1781 841 1865 agnoverit
871 1791 903 1844 et
932 1781 1146 1844 confirmare·

43 1875 76 1936 rit
94 1887 128 1939 ut
149 1876 393 1963 patriarcham,
426 1879 460 1942 in
485 1878 660 1944 absolutam
685 1878 968 1942 confirmationem
993 1879 1054 1942 ista
1077 1899 1145 1942 mu·

41 1981 96 2036 tata
118 1985 202 2038 snut.
228 2014 272 2024 -
295 1977 333 2038 4⁰
357 1975 475 2041 Omnis
497 1976 620 2060 Ignatii
644 1978 779 2054 mentia,
805 1977 942 2061 quaeris
965 1975 1074 2039 Photii
1098 1998 1146 2038 re·

41 2070 213 2154 prehensio,
250 2076 604 2138 excommunicationis
628 2075 737 2138 minae
766 2075 792 2138 si
819 2072 1086 2158 jurisdictionem
1111 2075 1145 2135 in

40 2165 215 2250 llnlgariam
240 2172 457 2252 continuaret,
482 2174 602 2236 omissa
627 2181 712 2236 sunt.
736 2210 778 2217 —
794 2171 832 2235 5⁰
856 2169 968 2234 Multis
991 2168 1146 2234 laudibus

39 2281 63 2324 st
90 2270 245 2332 encomiis
279 2268 443 2332 exaltatur
472 2267 626 2350 Photius,
665 2291 749 2354 quae
781 2270 814 2332 in
844 2266 961 2331 litteris
992 2269 1146 2352 genuinis

38 2361 209 2428 nullatenus
233 2368 486 2448 continentur.¹)

116 2463 186 2527 ll'l.
216 2463 291 2526 Hac
313 2466 441 2528 ratione
465 2465 565 2548 igitur
587 2462 724 2528 Photius
754 2463 951 2528 documenta
976 2463 1146 2548 pontificia
1166 2469 1304 2538 emmau:

36 2563 243 2646 praeparavit,
269 2571 305 2624 ut
328 2562 444 2627 eadem
469 2565 503 2626 in
527 2561 655 2644 synodo
680 2561 834 2626 habenda
851 2562 981 2624 recitari
998 2569 1142 2644 possent.
1174 2529 1295 2571 cossinum.

37 2655 212 2722 Adornavit
242 2661 367 2745 pariter
397 2661 627 2746 apocrisiarios
657 2657 920 2744 patriarcharum
944 2657 1091 2723 Orientis
1114 2667 1148 2720 ct

37 2751 223 2820 documenta
256 2756 298 2820 ab
332 2759 412 2843 ipsis
444 2757 616 2822 tradenda.
663 2757 781 2842 Legati
815 2754 971 2820 videlicet
1004 2757 1058 2819 isti
1091 2752 1146 2816 vel

35 2849 157 2916 fuerunt
180 2854 409 2920 fraudulenter
431 2857 593 2942 suppositi
621 2854 663 2919 ab
693 2857 781 2940 ipse,
816 2853 869 2917 rel
900 2855 927 2916 si
958 2874 1073 2916 revera
1104 2871 1146 2912 ex

34 2949 97 3012 istis
118 2952 269 3037 partibus
284 2951 430 3017 Orientis
453 2962 626 3035 venerunt,
650 2955 802 3016 homines
826 2961 919 3014 erant
939 2951 1145 3034 negotiorum

35 3067 141 3128 parum
164 3051 262 3135 periti
294 3061 327 3113 et
351 3072 449 3114 caeco
474 3049 631 3136 obsequio
655 3049 765 3115 Photii
795 3050 943 3113 favorem
973 3056 1145 3132 sectantes,

35 3145 73 3206 ita
96 3157 129 3210 ut
153 3169 212 3232 pro
236 3146 329 3212 libito
354 3147 507 3234 epistolas
530 3170 644 3212 eorum
666 3147 789 3212 finibus
813 3147 880 3210 suis
904 3145 1060 3230 adaptare
1075 3166 1145 3230 pos·

34 3253 84 3306 set.
128 3244 252 3310 Omnia
287 3245 364 3309 dein
397 3245 556 3332 disposita
589 3255 681 3324 sunt,
718 3256 754 3307 ut
785 3255 898 3309 coacto
928 3242 1146 3328 plurimorum

34 3341 215 3422 praesulum
240 3343 381 3407 concilio
406 3342 574 3429 deciperet
596 3343 721 3426 legatos
744 3343 919 3407 Romanos.
968 3340 1145 3425 Quumque

33 3435 161 3504 Photius
179 3442 252 3527 jam
277 3441 411 3506 asseclis
435 3443 503 3506 suis
528 3441 694 3506 dioeceses
717 3441 929 3523 restituisset,
960 3437 1145 3523 multosque

34 3555 129 3602 novos
152 3539 338 3603 ordinasset
361 3541 548 3626 episcopos,
582 3539 746 3623 synodum
774 3539 881 3623 potuit
909 3533 1076 3620 colligere,
1112 3537 1145 3598 in

33 3655 93 3716 qua
114 3634 199 3700 ultra
224 3647 406 3701 tercentum
431 3647 464 3701 et
486 3639 654 3722 octoginta
677 3636 815 3700 aderant
839 3636 984 3720 episcopi
1014 3655 1056 3697 ex
1079 3653 1146 3696 cm·

35 3731 124 3796 nibus
145 3734 388 3821 patriarchatus
418 3737 467 3800 sni
492 3736 684 3821 provinciis.
730 3734 842 3798 Etiam
875 3754 916 3795 ex
939 3730 1036 3796 Italia
1065 3729 1146 3793 infe·

33 3831 104 3894 riori
128 3844 224 3898 etex
248 3831 374 3913 Sicilia,
399 3855 484 3918 quae
507 3833 700 3918 provinciae
720 3831 798 3897 Sedi
822 3831 992 3894 Romanae
1015 3837 1145 3912 ereptae

32 3941 134 4012 erant,
158 3931 327 4016 praesules
350 3930 566 3996 advenerant.
611 3929 787 4015 Ejusmodi
811 3928 975 4013 synodum
1007 3947 1145 3992 numero

101 4159 118 4226 ¹)
136 4160 205 4215 Vide
224 4159 436 4229 Hergenrltther,
456 4157 578 4224 Photius‚
596 4158 627 4213 T.
646 4159 683 4214 II.
702 4174 745 4226 pp.
766 4158 818 4212 396
837 4173 908 4224 sqq„
927 4157 974 4210 ubi
993 4157 1146 4210 accuratius

33 4251 65 4288 ea
81 4239 232 4296 indicantur
250 4255 319 4306 quae
338 4244 445 4292 mutata
463 4245 527 4292 sunt
547 4239 575 4293 ln
595 4239 678 4292 variis
696 4237 806 4292 litteris.
