3054 4834
414 463 554 518 Vindicius
573 463 598 518 S.
619 462 746 530 Gregorii
766 462 829 516 VII.
1151 463 1207 516 339

87 605 169 670 illam
183 629 337 671 nicaenam
351 607 482 690 taber).
501 645 543 654 -
559 606 784 670 Bellurminus
809 628 882 670 eam
908 606 1125 670 nihilominus
1151 627 1205 690 po.

85 706 143 767 tius
165 704 362 790 spiritualem
384 704 528 790 appellat
551 706 586 768 in
610 705 806 768 refutatione
830 703 989 789 Burclaji,
1025 725 1129 790 quum
1153 705 1195 768 sit

86 802 177 866 voluti
203 806 344 868 cetensio
361 803 517 888 qeeucdam
541 807 607 891 ejus
625 805 797 888 potestatis
821 800 1011 888 spiritualis.
1038 838 1082 850 -
1110 803 1204 866 Tbeo·

83 902 151 984 lapi,
182 902 306 982 scribit,
337 902 479 965 tribuunt
503 923 619 964 summo
645 901 791 983 Pontifici
815 899 1017 986 temporalem
1048 911 1076 963 et
1109 902 1203 986 spiri-

87 1000 193 1062 tualem
211 1011 401 1084 potestatem
425 1001 459 1061 in
484 999 697 1062 ecclesiastica
721 1000 842 1062 ditione
868 1009 1000 1074 tantum,
1033 1021 1126 1084 quam
1146 1021 1204 1083 po·

84 1107 217 1159 testatem
237 1097 370 1182 plenam
400 1099 433 1158 in
452 1098 650 1182 patrimonio
674 1121 698 1159 s.
725 1097 812 1160 Petri
836 1093 981 1182 appellat
1005 1097 1205 1160 Innocentius

83 1196 112 1255 in
136 1217 203 1280 cap.
229 1197 306 1257 I'cr·
322 1194 552 1258 Venerabilom:
587 1196 620 1256 in
644 1195 784 1279 reliquas
802 1195 991 1280 prouincias
1015 1195 1205 1256 claistianus

85 1303 110 1354 ct
136 1295 296 1379 principes
327 1293 515 1356 christianos
550 1291 691 1355 tribmmt
715 1293 862 1375 Pontifici
887 1302 1077 1378 potestatem
1105 1291 1205 1355 soleam

81 1391 284 1476 spiritualem,
310 1415 388 1476 picae
409 1415 470 1476 pcr
494 1413 524 1453 sc
550 1401 578 1452 ct
597 1393 730 1476 proprie
755 1392 885 1476 respicit
908 1390 1107 1475 spiritualia,
1133 1401 1203 1452 tem·

78 1489 204 1572 paralio
230 1513 300 1552 nera
325 1491 463 1574 respicit.
490 1499 523 1551 at
540 1487 791 1551 subordinantur
810 1487 1043 1573 spiritualibus.
1076 1489 1118 1550 Et
1134 1489 1204 1551 idco

83 1588 203 1670 quando
224 1589 357 1672 proprie
382 1583 547 1672 loquimur,
573 1586 707 1650 dicimus
728 1588 908 1669 Pontificem
931 1586 1043 1648 babere
1065 1597 1205 1672 potesta·

85 1697 137 1746 tene
152 1686 184 1746 in
202 1685 439 1770 temporalibus,
465 1709 528 1746 non
543 1695 647 1747 autem
662 1685 773 1747 babere
785 1695 975 1770 potestatem
991 1683 1203 1768 temporalem.

83 1807 138 1866 pua
162 1783 314 1867 Pontifex
340 1794 395 1847 est.
428 1784 478 1845 Ili·
501 1805 560 1866 quo
586 1784 735 1866 sentiit-ur,
760 1794 794 1844 ut
817 1783 986 1846 discrimen
1010 1805 1131 1844 ciricum:
1156 1783 1204 1844 di-

80 1893 155 1943 recte
179 1893 210 1943 et
234 1881 397 1958 indirecte,
422 1904 485 1944 non
501 1881 663 1965 referatur
681 1882 817 1966 proprie
842 1881 995 1966 loquendo
1021 1881 1205 1942 admodum

81 1979 265 2063 acquirendi
294 1989 498 2064 potestatem,
531 2029 538 2044 .
564 2028 571 2042 .
598 2029 605 2043 .
639 1979 694 2042 sed
725 1979 769 2042 ad
796 1977 1020 2064 ercplicandum
1054 1977 1205 2066 objectam

78 2078 299 2141 secundarium
323 2089 351 2140 ct
375 2087 611 2140 consectaneum
635 2099 798 2162 supremae
822 2077 1005 2162 spiritualis
1024 2079 1204 2162 potestatis,

80 2199 153 2258 quac
179 2225 186 2238 .
208 2225 214 2238 .
234 2225 240 2238 .
262 2177 423 2260 primario
448 2187 477 2238 et
501 2175 617 2238 directe.
642 2177 771 2260 respicit
796 2175 993 2260 spiritualia,
1018 2174 1205 2237 scoriadaric

78 2285 107 2335 et
129 2275 293 2350 indirecte,
327 2274 362 2337 id
386 2285 432 2336 est
457 2276 488 2335 in
513 2273 624 2336 ordine
649 2274 692 2336 ad
716 2271 903 2358 spiritualia
938 2274 1067 2358 respicit
1092 2284 1204 2358 ternpo-

80 2371 216 2452 ralia2).
264 2371 377 2449 Vides,
411 2373 525 2434 merito
559 2371 625 2435 diei
657 2381 852 2457 potestatem
889 2371 1009 2434 summi
1033 2371 1205 2434 Pontificis

80 2469 239 2542 indirecta,
274 2469 400 2532 scilicet
425 2472 458 2532 in
484 2470 581 2532 certis
606 2469 750 2547 casibus,
774 2468 907 2554 qua-ndo
933 2469 966 2532 id
991 2469 1114 2532 bonum
1141 2471 1202 2553 spi-

78 2569 194 2632 rituale
212 2569 325 2651 exigit,
351 2569 521 2630 erratione
538 2567 615 2630 boni
642 2567 833 2652 spiritualis.
859 2589 892 2630 se
908 2567 1086 2630 extendere
1103 2569 1203 2630 etiam

77 2665 118 2728 ad
142 2666 349 2751 temporalia.

166 2765 242 2829 137.
290 2764 343 2828 Ex
367 2763 430 2828 hae
455 2765 556 2847 igitur
579 2763 787 2848 plenitudine
811 2765 982 2848 potestatis
1006 2773 1037 2826 et
1061 2765 1199 2826 auctori·

76 2864 151 2925 tatis
175 2863 245 2928 RR.
270 2861 485 2941 Pontificum,
518 2862 707 2925 ommmode
741 2863 956 2925 vindicantur
984 2883 1022 2923 ea
1052 2882 1136 2945 quae
1167 2863 1362 2948 inprime&

75 2983 175 3023 causa
193 2959 331 3023 Henrici
345 2960 393 3023 IV
418 2959 603 3024 aliorumve
627 2961 817 3045 principum
836 2959 1018 3042 Gregorius
1036 2958 1100 3022 t'lt
1125 2959 1204 3021 feeit
1243 2933 1346 2974 mh*

78 3058 129 3122 vel
154 3058 270 3122 edixit.
313 3058 521 3138 Videbimus,
546 3058 627 3122 alios
651 3080 782 3144 qnoque
800 3058 978 3121 Pontifices
1003 3056 1103 3120 medii
1128 3058 1203 3119 aovi

76 3179 115 3218 sic
130 3157 227 3220 varia
244 3155 393 3220 Concilio
411 3157 528 3220 iisdem
553 3157 727 3242 principiis
752 3157 920 3225 institisse,
944 3177 984 3218 ae
1001 3153 1204 3218 solemnibus

76 3276 209 3340 qnoque
234 3255 441 3318 documentis
466 3277 504 3318 ea
529 3255 750 3340 proclamasse
776 3265 808 3317 et
832 3254 1033 3336 vindicasse,
1059 3273 1203 3338 praeser-

75 3355 135 3416 tim
161 3353 393 3416 Innocentium
419 3351 470 3415 III
495 3364 526 3416 et
550 3353 754 3416 Bonifatium
772 3352 866 3416 VIII.
893 3352 1045 3415 Breviter
1068 3351 1204 3437 quidem

75 3473 192 3514 eorum
225 3453 396 3514 veritatem
429 3450 662 3536 probabimus,
701 3451 758 3514 ubi
791 3449 832 3513 de
865 3449 956 3514 hisee
985 3447 1204 3513 Pontificibus

76 3549 296 3627 disseremus3
322 3549 451 3634 plenior
465 3547 701 3612 demonstratio
727 3547 910 3612 haurienda
934 3558 984 3611 est
1007 3569 1049 3610 ex
1065 3549 1204 3611 auctori·

76 3647 138 3710 bus
171 3649 227 3732 qui
253 3670 294 3710 rix
319 3648 463 3732 professo
488 3647 551 3710 hac
576 3647 616 3710 de
641 3669 675 3710 re
700 3656 936 3710 tractaverunt.
984 3646 1050 3711 Sed
1069 3646 1205 3732 jurabit

75 3745 138 3809 hoe
156 3745 229 3809 loeo
254 3747 437 3825 advertere,
463 3743 605 3808 solidam
630 3754 863 3830 argumentum
888 3766 946 3828 pro
971 3745 1111 3807 veritate
1137 3742 1202 3807 ilio-

77 3867 149 3908 rum
177 3845 415 3930 principiorum
441 3843 565 3907 hauriri
601 3867 643 3906 ex
668 3845 738 3928 ipso
764 3843 860 3922 lacto,
900 3841 989 3927 quod
1024 3842 1202 3926 perplura

74 3941 211 4005 saecula
235 3942 374 4006 Romani
411 3941 589 4005 Pontifices
622 3953 653 4004 et
688 3942 838 4008 Ecclesia
869 3941 1051 4004 universim
1084 3940 1202 4004 iisdem

153 4173 175 4232 ¹)
194 4173 233 4226 De
251 4172 367 4226 lustitia
386 4188 417 4225 ac
435 4171 502 4224 inre
520 4172 610 4224 Tmet.
633 4172 654 4226 I.
675 4171 748 4239 Itisp.
769 4173 812 4226 29.

151 4253 173 4318 ²)
193 4253 231 4306 De
249 4261 346 4320 potest.
367 4252 461 4305 summi
482 4252 620 4306 Pontificis
640 4261 690 4305 etc.
710 4253 770 4304 adr.
791 4254 822 4302 a.
844 4252 1004 4305 Barelnimn.
1025 4267 1047 4305 c.
1068 4251 1129 4304 XII

1044 4343 1095 4394 22*
