2898 4836
332 513 366 564 et
532 511 634 566 XVIII.
663 512 703 565 De
720 511 848 566 Remmia
866 509 1043 564 Pontificibus
1058 511 1160 564 saecuti
1179 511 1279 564 decimi.

333 675 460 736 sionem
476 675 509 736 in
526 670 666 736 ecclesia
680 671 809 736 Graeca
824 681 927 736 ortam
941 693 983 735 ex
996 673 1122 757 quartis
1134 673 1259 756 nuptiis
1269 671 1414 734 Isonisl⁷l

332 771 542 856 imperatoris
560 769 880 856 Constantinopolim
903 769 1028 854 legavit
1040 767 1323 854 Theophylaetum
1336 765 1416 830 etta·
1442 784 1443 854 i

332 868 438 932 rolum
470 869 658 953 episcopos3
692 867 891 932 Hilduinum
922 879 955 930 et
979 867 1171 931 Richarium
1196 867 1238 930 de
1261 869 1417 954 episcopato

331 967 518 1050 'l'ungrensi
544 964 780 1029 contendentes
794 967 933 1030 Romam
954 967 1080 1048 citavit,
1105 985 1144 1028 ac
1159 963 1313 1028 Richario
1326 987 1342 1026 a
1356 963 1420 1026 cleu

333 1065 477 1147 legitime
511 1063 614 1127 eleeto
645 1073 677 1126 et
706 1085 726 1127 a
751 1062 868 1128 Osrolo
893 1061 1044 1149 Simplici
1068 1064 1238 1127 nominato
1262 1061 1362 1125 sedem
1382 1060 1418 1122 ad-

329 1163 427 1244 dixit,
452 1159 651 1225 Hilduinnm
676 1182 755 1225 vero
780 1165 812 1225 vi
838 1171 870 1226 et
894 1163 1034 1225 simonia
1051 1163 1213 1225 intrusum
1230 1159 1418 1223 excommuni-

332 1261 430 1324 cavit.
479 1259 532 1322 Ab
557 1261 720 1345 episcopis
745 1261 938 1345 provinciae
963 1259 1212 1324 Narbonnensis
1228 1255 1422 1342 interpellatus

334 1361 367 1421 in
393 1379 492 1421 causa
516 1357 657 1421 Gerardi
682 1369 714 1421 et
734 1359 822 1443 Agii,
848 1357 888 1422 de
912 1360 1104 1443 episcopatu
1127 1356 1354 1420 Narbonnensi
1374 1375 1419 1414 rer
1443 1399 1444 1408 r

329 1458 481 1537 tautium,
505 1455 704 1520 divisionem
722 1459 915 1542 composuit,
941 1457 1018 1541 Agii
1036 1456 1229 1520 electionem
1245 1453 1421 1518 confirmavit

331 1555 426 1639 eique
460 1553 595 1640 pallium
631 1555 728 1618 misit.
775 1553 1023 1619 Postulantibus
1058 1555 1221 1639 episcopis
1254 1549 1422 1617 Germania·

331 1673 418 1715 nrruo
443 1653 507 1715 916
531 1647 665 1715 Petrum
690 1653 880 1738 episcopum
899 1651 1073 1718 Ortensem
1099 1652 1187 1715 misit
1210 1651 1253 1714 ad
1279 1648 1424 1734 synodum.

331 1752 429 1833 quam
467 1748 513 1812 illi
547 1755 723 1833 coegerant
755 1750 843 1835 apud
878 1749 1022 1814 Altheim
1055 1751 1089 1813 in
1127 1749 1284 1825 Rhaetia;
1321 1749 1351 1810 in
1378 1765 1445 1842 qut¹

331 1847 457 1930 synodo
491 1846 657 1932 praesules
688 1850 899 1932 praeteritam
924 1871 1016 1912 suum
1041 1848 1278 1932 negligentiam
1302 1843 1445 1932 commi}

332 1944 426 2029 plura
454 1944 599 2030 capitula
623 1965 681 2030 pro
706 1967 765 2008 sua
791 1947 952 2032 ipsorum.
987 1946 1064 2009 cleri
1089 1957 1121 2009 et
1144 1945 1257 2032 populi
1282 1941 1445 2008 christiani

218 2107 221 2114 ,
331 2045 532 2106 comentione
557 2041 786 2107 condiderunt.

420 2239 474 2302 52.
492 2237 758 2323 Reprehenditur
773 2249 883 2302 tamen
897 2239 918 2303 J
921 2259 1044 2302 oannes
1054 2239 1088 2302 X
1103 2239 1145 2302 ob
1161 2238 1426 2324 dispensationem.
1445 2281 1446 2320 p

221 2335 252 2364 '⁸¹‘
280 2325 306 2364 ὴ·
331 2359 396 2421 qua
421 2357 498 2398 risus
522 2347 571 2398 est
594 2336 703 2420 quoad
728 2336 839 2400 sedem
856 2335 1087 2400 Rhomensem.
1122 2337 1320 2400 Her-ibertus
1342 2351 1426 2398 coms<

330 2432 642 2497 veromanduorum
677 2435 940 2518 potentissimus,
975 2435 1031 2519 qui
1062 2437 1229 2520 principes
1258 2445 1365 2520 partes
1388 2429 1425 2492 ha·

331 2531 448 2595 buerat
472 2533 503 2594 in
531 2531 715 2617 dejectione
733 2530 841 2595 Caroli
859 2530 1027 2616 Simplicis
1052 2533 1145 2619 cujus
1169 2533 1240 2597 loco
1257 2527 1427 2616 Rudolptu

331 2631 364 2694 in
397 2651 507 2713 regem
540 2629 668 2693 Galliae
701 2632 897 2694 constitutus
928 2640 1015 2708 erut,
1050 2648 1078 2696 a.
1111 2633 1177 2695 925
1210 2639 1285 2718 post
1316 2634 1447 2694 mortam¹

330 2727 465 2813 Soulphi
502 2727 741 2813 archiepiscopi
774 2727 985 2809 Rhemonsis,
1029 2727 1204 2793 abbonem
1239 2728 1426 2792 Suessionum

330 2837 362 2888 ct
385 2825 556 2890 Bononem
582 2825 857 2889 Catalaunensem
890 2829 1061 2912 episcopos
1092 2848 1221 2892 necnon
1251 2826 1369 2889 clerum
1391 2843 1447 2904 pun

329 2922 509 3011 polumque
527 2922 746 2988 Rhemensem
771 2927 943 3010 permovit,
969 2935 1005 2988 ut
1028 2925 1132 2990 lilium
1157 2945 1255 2989 suum
1271 2921 1446 3009 quinquen?

330 3043 406 3086 nem
439 3021 614 3106 Hugouem
646 3024 679 3085 in
711 3021 997 3108 archiepiscopum
1028 3023 1196 3108 eligerent.
1244 3021 1310 3085 Res
1340 3029 1446 3094 tamt-s

329 3143 393 3184 nou
419 3121 489 3183 sine
514 3118 656 3184 tumultu
681 3129 814 3206 peracta
839 3129 896 3185 est.
944 3121 1039 3185 Ratio
1068 3132 1179 3185 autem
1204 3119 1363 3207 ejusmodi
1383 3113 1447 3178 elo-Q

330 3220 448 3282 rtiouis
478 3217 556 3300 fuit,
593 3229 627 3280 ut
656 3241 675 3282 a
700 3220 926 3304 potentissimo
952 3221 1072 3284 comite
1096 3219 1257 3284 dioecesis
1281 3223 1428 3280 tutaretur.

330 3337 372 3379 ne
397 3315 594 3400 diriperetur
618 3317 651 3379 in
676 3326 794 3400 partes.
831 3315 1002 3381 illectione
1025 3331 1160 3404 peracta
1182 3329 1216 3381 et
1235 3340 1256 3380 a
1278 3309 1428 3395 Rndolpln

328 3435 403 3498 rege
428 3413 632 3496 confirmata,
657 3416 817 3479 miserunt
840 3416 883 3479 ad
899 3415 1064 3481 Jourmem
1080 3417 1113 3480 X
1131 3415 1258 3500 legatos
1273 3417 1327 3502 qni
1344 3429 1426 3474 aestu·
1445 3433 1446 3438 ¹

327 3533 398 3574 sum
424 3511 595 3575 Pontificis
619 3523 777 3597 peterent.
824 3513 972 3578 Jounnes
996 3516 1169 3596 consensit,
1195 3513 1237 3578 ob
1262 3531 1376 3598 gaves
1394 3529 1447 3602 rr,

327 3612 432 3674 tiones
464 3609 632 3696 politicas,
664 3613 712 3674 uti
736 3609 889 3692 videtur3
923 3611 980 3676 sed
1006 3613 1222 3678 demandavit
1246 3609 1447 3676 administro-l

327 3711 451 3773 tionem
482 3708 702 3794 episcopalem
727 3708 859 3774 Abbcni
886 3713 1040 3796 episeopo
1065 3710 1311 3788 suessionensi,
1344 3706 1447 3770 doutrss

328 3805 426 3890 Hugo
452 3805 590 3870 idoneus
614 3817 708 3872 esset.
757 3808 829 3872 Hac
853 3809 980 3872 tutione
997 3808 1194 3898 disciplinae
1208 3807 1429 3873 ecclesiastico·

328 3902 504 3988 providere
520 3903 654 3968 studuit.
683 3904 787 3969 Simul
806 3927 937 3992 quoque
955 3907 1130 3972 mandavit
1143 3909 1291 3973 «loannes
1306 3907 1337 3971 X
1354 3901 1428 3968 lieri⁴
1446 3961 1447 3964 ,

329 4001 432 4084 berto,
458 4000 518 4065 sub
543 4022 649 4087 poena
673 4005 1036 4086 excommunicationis,
1064 4016 1100 4069 ut
1117 4002 1271 4070 (lercium
1287 4023 1387 4088 regem
1404 4003 1424 4061 it

327 4099 447 4166 solium
470 4101 600 4184 regium
623 4103 750 4165 restitui
775 4113 920 4180 errrorem
945 4103 1035 4189 quod
1059 4106 1159 4168 etiam
1183 4105 1305 4168 factum
1329 4111 1382 4166 est.

328 4196 388 4263 Illa
412 4208 524 4263 autem
539 4199 692 4284 Hugouis
716 4201 809 4285 pueri
834 4203 868 4265 in
892 4203 1086 4286 episcopum
1112 4201 1228 4269 electio
1243 4213 1351 4288 postes
1366 4197 1426 4264 mul·

325 4307 434 4359 tarum
459 4296 629 4362 turbarum
655 4321 754 4363 caiisa
778 4299 851 4365 suit.
