2932 4836
310 463 364 518 360
626 459 714 518 XVII.
751 461 793 516 De
810 459 956 516 schismate
974 461 1116 517 Photiano.

312 606 626 693 Syracusanorom¹),
650 605 874 692 Metrophanes
888 603 1052 692 Smymoe,
1077 615 1107 669 et
1125 603 1246 670 Paulos
1269 607 1421 692 episcopor

312 705 407 768 Ponti
423 703 606 782 Heracliae,
630 703 791 788 hepuoeeni
814 713 917 767 ouum
936 701 1053 767 Νίσαια
1071 700 1311 790 Chrysopoleos,
1335 704 1419 767 Nico-

311 801 384 866 laus
407 800 524 880 soreii,
549 801 719 865 Dositheou
747 799 882 878 osiidii,
907 799 1049 864 Lazarus
1066 799 1249 888 presbyter,
1274 811 1304 864 et
1326 824 1416 864 moou-

311 899 383 964 clos
415 900 470 984 qui
492 899 610 964 dicitur
636 896 787 978 Cocceio,⁸
819 899 874 982 qui
904 899 970 962 nisi
984 896 1114 984 filatim
1135 899 1241 976 mirei,
1276 909 1421 984 respecto

310 1019 364 1061 ooo
386 996 536 1062 reddetis.
583 996 638 1060 Ex
669 1005 762 1081 perte
785 994 895 1059 Photii
925 1006 958 1060 et
980 995 1192 1080 Imperatoris
1216 997 1316 1060 etiam
1339 1017 1418 1079 qnos

311 1115 452 1180 cumque
477 1092 641 1158 voluerint
664 1095 749 1158 mitti
773 1115 868 1179 posse
892 1093 1033 1174 indicet,
1067 1103 1168 1179 atque
1191 1093 1345 1158 omnibus
1366 1092 1421 1156 illis

311 1190 540 1275 praesentibus
556 1213 698 1255 examen
714 1189 955 1255 instituendum
971 1191 1235 1276 sententiamque
1250 1190 1420 1255 ferendam.
1447 1269 1448 1284 χ

314 1287 434 1362 Quibus
467 1312 506 1352 ecc
541 1301 674 1374 utroque
707 1300 804 1375 perte
837 1287 1089 1354 convenientibus
1125 1297 1154 1352 et
1186 1310 1292 1352 coram
1324 1299 1418 1353 metro
1447 1319 1448 1326 .

305 1388 494 1472 praesentio
526 1397 556 1450 et
579 1385 727 1472 fratrum
758 1397 788 1449 et
816 1388 1068 1474 coepiscoporum
1090 1397 1271 1450 nostorum
1301 1387 1420 1463 auditis,
1447 1415 1448 1432 ¹

310 1484 388 1570 quid
417 1485 610 1569 quaestionis
641 1486 907 1570 teterrimumque
932 1494 1061 1569 partem
1093 1487 1269 1564 merser-it,
1294 1483 1421 1570 facilius

312 1604 517 1668 opooscomoe
540 1594 570 1646 et
593 1581 741 1646 canonice
755 1579 952 1666 finiamus)
992 1582 1106 1646 Monet
1128 1580 1263 1646 demum
1276 1581 1420 1646 Nicoleus
1447 1561 1448 1626 i

311 1680 409 1744 enixe
440 1678 694 1766 Imperatorem,
731 1689 767 1744 ut
801 1678 965 1765 postulate
999 1678 1189 1765 adimpleat.
1244 1678 1419 1744 Anathema

312 1799 390 1840 vero
424 1779 570 1842 minatur
592 1778 773 1858 universis,
808 1779 863 1863 qui
897 1777 980 1842 forte
1004 1776 1129 1842 litteras
1152 1799 1228 1842 suas
1257 1777 1420 1851 occultent,

311 1895 353 1938 ne
377 1875 411 1938 iu
435 1896 553 1940 manue
569 1875 742 1940 Michaelis
765 1876 972 1961 perveniant,
997 1874 1050 1940 vel
1071 1877 1128 1961 qui
1152 1875 1279 1961 aliquid
1300 1877 1334 1940 iu
1349 1876 1421 1961 ipsis

312 1973 497 2036 immutent.
543 1971 671 2038 Eodem
701 1983 848 2059 tempore
872 1972 1028 2038 Pontifex
1057 1975 1157 2037 etiam
1188 1974 1231 2038 ad
1262 1975 1421 2058 episcopos

312 2067 457 2135 Orientis
474 2070 597 2135 direxit
618 2069 800 2156 epistolam,
825 2093 891 2158 qua
907 2092 962 2134 eos
978 2079 1099 2154 monet,
1125 2093 1166 2135 ue
1180 2071 1308 2136 artibus
1322 2069 1420 2134 Photii

314 2169 547 2232 circumveniri
573 2191 606 2232 se
631 2165 782 2254 sinant.⁸)

142 2275 216 2318 emm
231 2274 296 2326 resi·
402 2265 457 2330 50.
489 2264 774 2352 Constantinopoli
798 2263 936 2330 Photius
966 2287 1005 2330 ae
1035 2266 1201 2352 principes
1224 2265 1350 2331 Nicolei
1379 2263 1420 2328 lit·
1447 2279 1448 2364 p

192 2337 259 2380 Μ
313 2373 399 2427 teras
423 2386 462 2427 ac
483 2365 608 2429 monita
632 2374 837 2450 spreverunt,
862 2376 895 2428 et
914 2365 947 2427 in
965 2365 1088 2450 coeptis
1104 2364 1326 2449 perstiterunt
1361 2361 1419 2426 Nec

313 2483 422 2525 rerum
447 2460 592 2526 conditio
617 2471 743 2526 mutata
774 2462 855 2543 fuit,
889 2460 1021 2548 quando
1046 2483 1158 2528 mense
1181 2459 1289 2547 Aprili
1314 2483 1342 2525 a.
1365 2457 1418 2523 866

313 2557 441 2622 Bardas
459 2559 555 2646 jussu
579 2559 771 2644 Michaelis,
797 2570 829 2624 et
852 2569 986 2624 auctore
1009 2559 1172 2645 imprimis
1195 2559 1320 2624 Basilio
1343 2554 1421 2620 cubi·

313 2655 436 2721 culario
454 2657 675 2744 Imperatoris,
701 2659 829 2722 occisus
854 2667 912 2720 est.
950 2654 1089 2720 Photius
1110 2654 1197 2720 illico
1214 2655 1328 2721 Basilii
1343 2655 1417 2718 faso-

312 2776 381 2817 rem
405 2765 549 2820 sectatus
572 2763 636 2837 est,
661 2765 693 2819 et
716 2756 888 2819 immemor
911 2753 1148 2818 beneficiorum
1173 2775 1257 2840 quae
1282 2777 1301 2817 a
1323 2751 1420 2818 Beris

312 2863 501 2938 acceperat,
534 2851 592 2917 vili
616 2853 773 2940 obsequio
797 2853 840 2917 ad
863 2850 1041 2916 Michelem
1073 2851 1156 2916 duas
1180 2850 1333 2937 epistolas
1355 2848 1416 2912 scri·

312 2951 394 3034 psit,
426 2950 546 3037 quibus
578 2952 612 3015 in
635 2949 780 3014 Bardam
804 2948 985 3014 invehebat
1015 2959 1047 3013 et
1070 2950 1262 3035 Imperatori
1293 2944 1419 3036 gratule
1447 2971 1448 2998 r

312 3047 419 3130 batur,
444 3048 532 3134 quod
550 3047 620 3133 ejus
635 3048 774 3112 insidias
789 3048 967 3132 effugisset.
1004 3045 1164 3133 Majorem
1182 3049 1281 3112 etiam
1299 3043 1418 3134 pseudo-

312 3143 501 3231 patriarcha
526 3145 691 3211 influxum
714 3156 794 3210 tunc
818 3146 1006 3231 acquisivit.
1022 3183 1065 3192 -
1081 3143 1213 3210 Clerum
1239 3167 1316 3210 vero
1332 3141 1418 3208 CPu-

313 3265 403 3326 num‚
427 3244 462 3307 in
487 3265 550 3330 quo
570 3244 642 3332 jam
667 3242 786 3307 multos
810 3241 955 3307 habebat
979 3241 1159 3328 discipulos
1183 3253 1215 3308 et
1228 3245 1359 3319 amieos,
1379 3239 1416 3301 in·

313 3341 425 3405 timius
449 3341 512 3405 sibi
537 3341 708 3406 devincire
732 3343 824 3405 nisus
847 3351 896 3406 est
915 3342 1087 3405 occasione
1104 3343 1331 3406 conversionis
1345 3335 1417 3422 regis

313 3448 345 3502 et
369 3437 479 3524 populi
496 3438 731 3530 Bulgarorum3
757 3440 983 3502 controversiis
1007 3439 1095 3502 enim
1120 3441 1217 3504 eain
1234 3453 1416 3504 causacum

386 3669 406 3735 ¹)
427 3669 512 3734 Vide,
545 3668 589 3724 hie
620 3667 819 3724 commemorari
846 3667 1014 3723 Theodorum
1048 3667 1201 3736 episcopum
1228 3667 1414 3735 Syracusanum

312 3749 449 3806 Incertum
475 3755 530 3814 cst,
555 3753 647 3802 utrum
671 3746 694 3801 is
713 3747 746 3801 ab
765 3748 876 3816 Ignatio
901 3748 930 3802 in
954 3747 1040 3802 locum
1059 3746 1185 3817 Gregorii
1209 3746 1323 3816 depositi
1346 3741 1414 3798 luerit

312 3829 460 3894 ordinatus,
479 3845 514 3882 au
533 3844 597 3882 rero
616 3827 753 3895 episcopus
769 3827 826 3896 jam
844 3827 931 3882 fuerit
948 3833 1038 3882 antec.

386 3909 407 3968 't
427 3909 507 3976 Epist
533 3911 571 3964 8⁸.
591 3937 624 3947 -
643 3907 971 3972 toretmundum,
992 3921 1025 3961 ex
1043 3905 1115 3960 hisce
1133 3905 1237 3960 Nicolai
1256 3905 1364 3964 litteris.
1387 3899 1414 3952 ob

312 3989 478 4056 praeclaram
490 3987 684 4056 expositionem
696 3988 834 4042 doctrinae
851 3993 880 4042 et
892 3987 1085 4056 principiorum
1099 3985 1177 4055 juris,
1196 3985 1282 4040 muita
1297 3985 1413 4050 deoerptt

313 4077 342 4124 et
360 4066 470 4136 Corpori
489 4068 564 4123 luris
583 4067 704 4122 canonici
722 4067 828 4122 inserte
845 4069 936 4122 fuisse.

387 4147 408 4218 ¹¹)
428 4146 482 4201 cfr.
501 4146 712 4216 Hergenrtther‚
731 4147 852 4212 Photius.
871 4147 901 4202 B.
921 4148 942 4202 L
961 4163 987 4216 p.
1006 4147 1067 4202 ets.
1103 4146 1239 4214 Excerpta
1254 4143 1288 4200 ‘ex
1306 4145 1351 4198 hae
1367 4139 1412 4209 epi·

312 4226 385 4280 stole
402 4232 513 4281 exstent
532 4241 573 4296 ep.
593 4226 689 4292 iriensi,
708 4225 737 4281 T.
758 4227 832 4281 XVI.
850 4244 875 4296 p.
895 4227 1045 4292 eol-304.
1447 4259 1448 4320 p
