2922 4832
372 467 412 522 De
430 466 492 536 lege
509 465 656 522 coelibatus
674 465 785 520 violata.
1108 470 1159 522 161

51 634 223 696 numerum,
256 611 314 696 qui
337 609 547 674 matrimonio
572 630 638 672 non
658 609 783 694 juncti,
815 610 850 672 in
874 608 960 674 clero
995 609 1155 676 coelibem

52 713 140 774 vitam
163 708 348 790 ducebant,
381 717 471 794 patet
495 730 536 771 ex
561 707 602 772 iis
625 729 711 793 quae
741 717 855 772 contra
879 705 1159 772 cohabitationem

50 831 115 872 cum
137 807 330 872 mulieribus
354 829 480 872 canone
507 808 550 872 3¹⁰
582 815 787 870 statuuntur:
823 805 995 870 Interdieit
1012 829 1075 891 per
1097 829 1159 870 om·

50 909 97 970 aio
117 930 229 992 reaque
253 904 409 992 synodus,
433 930 498 970 noe
521 907 677 992 episeopo,
700 927 765 968 aon
782 902 979 990 presbytero,
1004 927 1067 968 ooo
1088 905 1159 968 dta-

49 1028 123 1084 ωηο,
144 1027 199 1068 nec
223 1004 323 1068 elicui
345 1007 471 1068 omnino
495 1006 607 1090 quiin
630 1002 711 1066 clero
736 1013 791 1084 est,
825 1002 918 1066 licere
942 1001 1159 1066 uebintrodec·

50 1113 103 1164 tum
123 1103 234 1167 labere
258 1102 436 1182 mulierem,
469 1103 534 1166 nisi
548 1102 640 1187 forte
664 1109 720 1164 aut
746 1111 893 1180 matrem,
925 1111 980 1164 aot
1011 1123 1157 1179 sororem,

51 1201 261 1278 catamitum,
293 1200 341 1266 vel
371 1222 425 1264 eea
457 1211 579 1264 tantum
596 1221 754 1285 personas
777 1220 857 1284 quae
880 1199 1089 1284 suspicionem
1113 1198 1158 1285 ef·

42 1298 208 1382 septunce)
743 1377 745 1382 .

130 1423 179 1488 10.
218 1423 297 1488 Post
321 1421 508 1487 Concilium
531 1423 717 1486 Nicaenum
746 1443 825 1484 vero
848 1423 964 1508 paucis
988 1421 1159 1484 decenniis
1217 1415 1223 1426 ’

49 1542 81 1582 ee
102 1520 277 1605 disciplina
301 1523 401 1586 etiem
425 1523 531 1606 magis
555 1519 706 1600 invaluit,
731 1529 768 1583 ut
791 1521 823 1583 in
850 1519 935 1582 clero
960 1519 1076 1605 majori
1093 1541 1159 1583 om·

50 1629 98 1680 nes
128 1621 366 1684 continentiam
396 1630 592 1705 perpetuam
624 1629 810 1700 servarent,
847 1618 1005 1682 videlicet
1036 1628 1073 1681 ut
1106 1616 1159 1680 vel

49 1715 179 1781 coelibes
202 1727 321 1800 essent,
346 1717 400 1783 vel
416 1719 444 1782 si
468 1717 678 1782 matrimonio
693 1718 803 1802 juncti
828 1718 862 1780 iu
887 1716 1011 1780 clerum
1035 1717 1160 1801 recepti

48 1825 141 1898 erant,
165 1815 287 1880 exinde
311 1815 354 1880 ab
378 1815 540 1879 uxoribus
563 1814 775 1880 abstinerent.
809 1814 850 1878 Id
874 1817 1049 1902 scriptores
1072 1814 1161 1878 illius

47 1914 155 1976 aetatis
186 1915 310 2000 passim
345 1923 517 1978 testantur,
577 1913 628 1977 Ita
668 1936 692 1976 a.
726 1912 969 1996 Hieronymus:
1017 1911 1162 1979 Christus

48 2009 144 2093 oirpo,
181 2015 269 2100 sirpo
302 2015 431 2091 Maria,
469 2014 592 2098 utrique
627 2013 718 2075 sesai
750 2012 944 2098 virginitatis
975 2013 1160 2078 dedicavere

43 2109 211 2195 principia.
258 2109 406 2198 Apostoli
428 2111 477 2175 vel
498 2111 652 2196 cirpiees,
684 2109 732 2174 vel
748 2120 826 2195 poet
847 2112 978 2196 nuptias
1002 2114 1159 2176 conanen-

48 2214 95 2268 tes.
148 2208 318 2295 Episcopi,
347 2209 542 2296 presbyteri,
575 2209 705 2272 diaconi
737 2219 794 2270 eut
821 2208 960 2293 oirpiraes
990 2207 1160 2296 eliquatur,

47 2313 97 2365 eut
116 2305 220 2387 vidui,
249 2319 306 2372 aut
328 2318 408 2371 certe
430 2319 508 2394 poet
532 2307 741 2372 secerdotium
763 2307 799 2369 ie
822 2317 983 2370 aeternum
1000 2309 1158 2394 pudici.²)

47 2435 84 2445 -
109 2400 194 2476 Quid
217 2405 347 2492 facient
374 2407 512 2470 Orientis
543 2405 707 2482 ecclesiae,
742 2404 819 2489 quid
846 2405 983 2490 Aepypti
1014 2416 1044 2469 et
1067 2405 1162 2470 Sedis

45 2496 263 2582 apostolicae?
295 2528 373 2590 quoe
398 2515 454 2569 aet
485 2505 622 2589 cirpines
645 2501 774 2566 clericos
796 2503 953 2588 recipiunt
982 2515 1038 2568 aut
1061 2507 1160 2569 corati-

45 2608 163 2680 eeutee,
197 2613 254 2666 aot
285 2604 314 2666 si
343 2625 459 2667 amores
481 2589 665 2679 debuerint,
700 2603 833 2664 maritos
866 2623 930 2665 esee
963 2601 1160 2687 desistent.³)

47 2691 83 2756 Et
104 2719 128 2762 s.
157 2699 368 2786 Epiphanius
396 2703 430 2764 in
464 2701 674 2787 dispositione
694 2699 777 2783 fidei
808 2697 998 2763 catholicae:
1043 2700 1161 2763 Vertere

42 2790 144 2858 lorum
168 2799 315 2877 omnium,
340 2801 465 2884 inquit,
500 2809 556 2862 aut
579 2809 696 2882 mater,
728 2808 764 2860 et
797 2798 846 2860 ite
878 2797 982 2861 dicam
1010 2799 1159 2883 penitriae,

44 2899 84 2951 est
106 2906 248 2959 sanctem
271 2898 490 2976 sacerdotium,
516 2897 598 2982 quod
622 2920 661 2960 ese
685 2897 840 2982 cirpirsem
856 2896 966 2959 ordine
983 2898 1160 2982 praecipue

41 3003 178 3074 constat,
212 3005 268 3058 aut
298 2997 327 3059 ai
357 2998 461 3059 minua
484 3019 499 3058 e
522 2995 710 3079 cirpiaibus,
747 3005 827 3058 certe
860 2995 1072 3072 emouocliis,
1103 3004 1161 3056 aut

43 3088 102 3152 nisi
133 3115 173 3155 em
195 3095 416 3158 monachorum
447 3095 558 3158 ordine
589 3094 633 3157 ad
655 3093 747 3156 illam
761 3091 962 3176 functionem
987 3091 1163 3156 obeundam

41 3186 146 3252 idonei
179 3193 325 3278 cooptari
342 3192 511 3278 possint,⁴)
548 3215 588 3256 eae
624 3193 673 3254 his
704 3192 807 3254 creari
838 3192 1016 3254 sacerdotes
1049 3189 1161 3273 solent,

46 3325 247 3336 ——-—..........

110 3377 132 3440 ¹)
151 3376 244 3432 Labbe
262 3378 298 3432 11.
317 3379 361 3432 40.
382 3408 416 3418 -
435 3377 467 3432 V.
487 3377 578 3432 Natal.
597 3377 675 3432 Alex.
695 3377 724 3430 in
742 3393 810 3431 saec.
829 3377 877 3432 1v.
897 3376 1004 3431 Dissert
1031 3377 1105 3430 XIX.
1127 3407 1158 3417 -

41 3453 77 3508 De
94 3455 247 3525 Paphnutii
271 3458 344 3513 lacto
368 3459 441 3513 inter
466 3459 586 3514 eruditos
611 3457 781 3526 disputatum
810 3471 864 3524 qna
888 3457 968 3512 dere
987 3459 1035 3512 cfr.
1055 3459 1159 3524 Helele,

39 3534 169 3608 Beitrege
188 3541 212 3592 1.
231 3541 257 3594 ὁ.
295 3540 346 3594 Die
364 3539 577 3608 Entwiekelung
595 3539 641 3592 des
661 3537 781 3590 Colibats
800 3543 851 3591 etc
871 3567 904 3576 —
923 3537 964 3592 De
977 3537 1084 3592 feminis
1102 3557 1162 3607 spe·

40 3617 76 3670 eie
94 3625 208 3674 mutuae
226 3620 363 3676 amicitiae
382 3627 473 3675 castae
491 3625 573 3688 atque
592 3618 683 3672 solatii
702 3615 921 3682 subintroductis,
941 3633 975 3672 er
994 3635 1105 3687 quarum
1119 3637 1160 3675 co·

40 3695 209 3754 habitatione
228 3707 319 3755 tamen
346 3701 531 3756 continentiae
556 3699 670 3754 violatio
694 3697 837 3764 provenire
861 3697 978 3766 solebat,
1007 3699 1089 3754 habet
1113 3702 1162 3756 illa

38 3789 62 3831 s.
79 3779 262 3848 Hieronymus
280 3797 320 3850 ep.
341 3785 375 3836 22
394 3783 439 3850 (ad
457 3780 660 3843 Eustachium:
680 3777 773 3844 ,Unde
791 3778 820 3832 in
838 3777 964 3834 eeclesias
982 3791 1162 3849 agapetarum

38 3859 119 3924 pestis
139 3861 269 3916 introiit?
307 3863 383 3918 Unde
408 3862 467 3916 sine
492 3861 596 3930 nuptiis
619 3859 695 3915 aliud
719 3873 816 3912 nomen
844 3860 975 3914 uxorum?
1008 3862 1065 3915 Imo
1089 3865 1161 3918 unde

40 3953 135 3995 novum
154 3943 364 3998 concubinarum
382 3941 488 4012 genus?
507 3943 568 4012 plus
587 3939 716 3995 inferam:
736 3937 807 3993 unde
824 3939 979 3994 meretrices
997 3941 1159 3997 univirac?“

107 4020 132 4089 ¹)
151 4023 204 4092 Ep.
222 4024 258 4078 48
277 4024 323 4092 (ad
342 4023 511 4086 Pammacb.).
622 4019 644 4090 ³)
663 4020 730 4074 Adv.
750 4017 941 4087 Vigilantiam.

107 4103 129 4170 ⁴)
149 4103 186 4158 In
204 4110 283 4160 textu
301 4120 413 4174 graeco:
443 4109 484 4172 „el
511 4104 540 4156 di
568 4102 618 4156 οὐκ
637 4103 664 4154 ἐκ
682 4103 842 4171 παρθένων,
871 4101 898 4152 ἐκ
922 4102 1110 4172 perdideras,
1136 4108 1162 4156 si

39 4183 65 4234 δὲ
81 4185 120 4252 μὴ
141 4183 199 4238 elev
217 4189 306 4238 ἱκανοὶ
324 4187 360 4244 irc
372 4185 525 4254 ὑπηρεσίαν
537 4183 591 4236 ἀπὸ
610 4183 795 4254 possidetur,
816 4184 842 4246 ἐξ
854 4183 1089 4252 ἓνκραιευομίνων
1104 4187 1158 4234 τῶν

37 4265 276 4335 susceperamus,
295 4267 312 4333 ἤ
330 4266 527 4338 protectissima
545 4264 600 4316 α’πό
619 4267 795 4334 μονογαμίας
814 4267 866 4318 ete.

64 4367 207 4416 Jnngrnann,
222 4367 408 4408 Dissertationes.
423 4368 488 4406 Tem.
504 4367 543 4406 lv.
1021 4355 1051 4406 ll
