2926 4840
315 517 355 572 De
374 515 561 571 Decmtalllrus
579 516 862 572 Pseudo-Isidorianis.
1099 517 1152 570 269

48 663 154 724 siastiei
183 682 262 745 prae
295 669 383 724 statu
413 659 573 724 laieorum
597 662 734 745 exponit
762 671 795 724 et
818 658 945 741 evehit,
978 668 1073 743 mget
1095 657 1152 722 lai-

48 779 144 823 corum
168 779 247 842 erga
279 757 446 842 praesules
470 757 730 843 subjectionem,
763 756 982 822 saecularium
1006 757 1040 820 in
1064 755 1152 821 bona

47 867 72 918 et
87 858 157 941 jura
180 855 353 920 Ecclesiae
377 856 625 940 usurpationem
648 856 834 940 redarguit,
859 863 950 919 vetat
973 853 1109 919 elericos
1132 877 1152 918 a

46 953 254 1018 saecularibus
282 951 455 1038 judicibus
482 953 638 1038 judicari.
673 991 716 1000 --
749 955 786 1018 2⁰
811 953 923 1033 Quum
952 961 1061 1018 autem
1086 955 1152 1038 epi-

45 1073 201 1136 scoporum
226 1052 406 1114 auotoritas
427 1049 491 1114 illis
513 1050 717 1136 temporibus
741 1051 993 1116 accusationibus
1007 1051 1152 1140 dejectio·

44 1149 175 1235 alboque
198 1147 301 1212 valde
325 1148 489 1213 diminuta
515 1157 615 1230 esset,
638 1148 929 1213 Pseudo-Isidorus
952 1146 1073 1212 talibus
1097 1171 1152 1212 ex-

44 1247 175 1312 cessibus
197 1267 419 1332 praecavere,
444 1245 556 1310 multis
579 1245 643 1310 hac
667 1246 708 1310 de
732 1267 767 1310 re
790 1245 920 1310 statutis
950 1267 1035 1332 quae
1059 1267 1152 1310 exco-

42 1343 168 1428 pubal,
202 1355 343 1408 conatus
366 1353 425 1409 est.
457 1381 500 1392 -
533 1345 572 1408 3⁰
594 1343 793 1408 Praesertim
817 1343 992 1429 providere
1016 1343 1152 1424 studuit,

44 1463 76 1504 ne
103 1440 199 1506 facile
227 1441 359 1506 influxu
382 1443 571 1526 principum
605 1452 637 1506 et
667 1442 851 1506 factionum
883 1443 1030 1527 episcopi
1063 1440 1153 1505 dam-

44 1542 101 1603 nari
130 1549 163 1604 et
192 1540 318 1625 deponi
349 1549 490 1625 possent.
539 1539 651 1619 Quum
675 1561 754 1604 vero
786 1541 885 1604 etiam
910 1537 1152 1625 metropolitani

42 1649 125 1722 atque
148 1640 213 1723 ipsi
241 1639 387 1723 episcopi
408 1639 493 1700 varii
514 1639 654 1701 nimium
673 1637 845 1701 subessent
865 1637 1007 1701 influxui
1027 1658 1152 1720 regum,

42 1756 166 1818 quorum
190 1737 378 1821 potentiam
411 1734 588 1815 timebant,
622 1735 770 1799 favorem
794 1735 1010 1821 expetebant,
1044 1743 1154 1820 partes

43 1832 178 1916 politicas
203 1831 440 1919 sequebantur,
466 1834 582 1898 merito
606 1835 716 1896 visum
741 1841 789 1897 est
810 1832 954 1914 Isidoro,
980 1834 1014 1896 in
1038 1840 1154 1896 metro·

42 1928 182 2013 politanis
206 1931 411 2016 synodisque
435 1952 549 1995 eorum
572 1953 640 1995 non
663 1930 832 1995 sufficiens
853 1929 1067 2015 praesidium,
1091 1951 1153 1994 noo

42 2026 172 2092 tribunal
205 2029 288 2092 satis
311 2049 455 2114 aequum
486 2049 525 2092 ae
553 2037 661 2092 tutum
686 2030 900 2092 constitutum
930 2050 1000 2091 esse
1023 2048 1154 2112 praesu-

42 2123 131 2206 libus,
164 2147 206 2190 ao
231 2135 406 2212 propterea
430 2127 575 2192 maxime
607 2127 817 2192 commendat
840 2127 1069 2190 auctoritatem
1092 2124 1154 2188 Ro·

42 2227 118 2286 mani
132 2223 310 2288 Pontifiois
333 2225 469 2311 ejusque
494 2225 528 2288 in
551 2226 742 2289 universam
764 2223 938 2289 eeclesiam
952 2223 1153 2308 jurisdictio·

40 2343 115 2398 nem,
137 2333 241 2408 atque
265 2322 309 2387 ad
332 2343 408 2386 eum
432 2343 547 2386 causas
568 2325 798 2407 episcoporum
821 2331 858 2386 ut
877 2323 1010 2406 negotia
1029 2320 1154 2402 majora

43 2419 102 2482 vult
123 2420 291 2500 deferri.¹)

105 2607 124 2676 ι)
143 2607 233 2673 Quam
259 2605 415 2671 frequenter
440 2619 472 2658 ea
496 2610 591 2658 aetate
618 2604 651 2658 ob
674 2605 794 2658 rationes
818 2604 943 2672 politicas
967 2604 1083 2673 episcopi
1107 2620 1155 2672 per

43 2685 164 2754 principes
192 2685 237 2740 vel
256 2699 305 2752 per
322 2684 437 2750 synodos
461 2685 510 2738 sub
529 2684 633 2739 influxu
651 2684 802 2752 principum
827 2685 989 2750 celebratas,
1014 2700 1030 2738 e
1048 2685 1155 2740 sedibus

43 2766 89 2818 suis
106 2766 317 2834 depellerentur,
335 2768 414 2817 notat
427 2763 573 2818 Hinscbr'us
591 2764 609 2819 1.
628 2779 650 2820 o.
669 2781 694 2832 p.
714 2764 824 2817 CCXXI
843 2765 974 2819 scribens:
996 2766 1089 2832 „Auno
1102 2764 1155 2817 818

41 2845 86 2908 lam
103 2847 247 2900 enselmus
266 2844 405 2911 episeopus
423 2842 648 2910 Mediolanum,
677 2843 828 2898 wolfoldus
846 2844 1042 2910 Cremonensis,
1071 2843 1155 2898 Theo·

44 2925 123 2979 dalbs
150 2923 373 2988 Aurelianensis,
402 2923 447 2990 qui
476 2939 535 2977 oum
553 2924 691 2978 Bernardo
719 2937 784 2992 rege
801 2923 900 2978 Italiae
927 2925 1154 2993 conspiraverant,

42 3019 140 3060 norme
158 3004 272 3074 spoliati
291 3009 369 3070 snut;
399 3021 423 3058 a.
442 3004 497 3058 880
514 3004 542 3057 in
561 3009 697 3058 conventu
715 3004 876 3071 Noviomagi
894 3003 987 3060 habito
1006 3021 1155 3072 compressa

44 3084 177 3140 rebellione
203 3085 328 3139 Lotbarii
351 3084 429 3140 Jesse
452 3084 591 3153 episeopus
616 3083 818 3151 Ambianensis3
846 3100 870 3136 a.
889 3086 941 3138 835
966 3084 995 3137 in
1020 3090 1154 3138 conventu

43 3165 103 3230 apud
127 3165 281 3219 lbeodonis
306 3164 401 3218 villam
425 3172 593 3233 congregato
617 3163 674 3218 Ebu
699 3164 913 3232 archiepiscopus
937 3164 1095 3218 Rbemensis
1126 3171 1155 3219 et

43 3244 195 3310 leobardus
218 3244 420 3314 Lugdunensis.
456 3245 526 3299 Num
557 3245 605 3298 alii
631 3245 748 3312 episcopi
772 3245 859 3299 eidem
888 3244 1002 3298 factioni
1029 3245 1072 3298 oui
1097 3244 1154 3299 Ebo

43 3323 210 3379 adhaerentes
229 3325 321 3378 eodem
339 3325 451 3378 concilio
471 3325 592 3378 damnati
612 3325 675 3390 sint,
694 3341 748 3379 non
768 3330 889 3391 comtat;
908 3325 936 3378 id
954 3331 1069 3378 tantum·
1081 3340 1154 3379 acee-

43 3403 127 3467 pimus,
146 3405 385 3458 Bartholomaeum
403 3405 611 3468 Narbonensem,
631 3396 809 3460 Hereboltlum
824 3405 1077 3468 Antisiodoreusem,
1096 3405 1154 3460 Jee-

43 3495 90 3535 ren
114 3483 338 3548 ambianensem,
362 3485 529 3540 Bernardum
553 3485 734 3539 Viennensem
765 3485 856 3538 eodem
880 3490 1000 3552 tempore
1024 3485 1153 3540 ultionem

45 3561 162 3617 Ludorioi
182 3565 224 3619 Pii
250 3566 378 3619 timentes
402 3565 477 3620 sedes
496 3581 558 3618 suas
577 3565 734 3620 deseruisse.
772 3565 844 3631 Quos
870 3564 1030 3619 nominatim
1048 3580 1154 3620 enume-

45 3657 95 3695 rare
112 3660 145 3698 ex
166 3643 285 3699 fontibus
305 3645 382 3709 licet,
400 3645 491 3710 plures
510 3651 601 3700 autem
619 3646 712 3700 eedem
730 3661 823 3713 passos
841 3661 898 3700 esse
916 3651 1029 3712 apparet
1047 3661 1081 3700 ex
1099 3645 1154 3712 epi·

45 3738 174 3790 scoporum
193 3727 223 3779 de
243 3725 464 3779 exauctoratione
477 3723 607 3779 Ludovioi
626 3726 766 3780 relationis
785 3725 874 3792 eapite
892 3733 1001 3790 quarto:
1020 3733 1056 3790 ‚et
1068 3741 1154 3779 saeer-

45 3801 141 3856 dotibrrs
160 3804 260 3858 domini
279 3821 310 3858 ae
328 3804 464 3859 monachis
487 3813 583 3859 eontra
601 3805 721 3859 divinam
740 3822 772 3859 ao
790 3805 946 3860 eanonicam
963 3805 1153 3860 auctoritatem

45 3884 228 3951 praejudicium
253 3885 389 3952 irrogavit
414 3885 479 3945 lsoil.
501 3886 676 3950 hodericum,
704 3891 733 3939 et
757 3886 881 3940 absentes
906 3885 1046 3938 damnavit
1072 3891 1100 3939 et
1125 3886 1153 3940 irr

45 3961 86 4014 boe
103 3970 208 4018 reatmn
226 3965 361 4019 homicidii
380 3965 539 4019 incurrendo
558 3967 710 4020 divinarum
729 3981 776 4020 seu
794 3966 971 4020 humanarum
989 3967 1079 4033 legum
1098 3966 1154 4020 vio·

46 4041 108 4097 lator
125 4045 285 4112 extitisset,‘
310 4051 339 4099 et
364 4059 396 4098 ex
415 4046 585 4114 apologetico
604 4047 704 4101 Ebonis
722 4063 743 4100 e
762 4049 794 4100 2:
821 4047 891 4108 ,dum
909 4063 963 4100 non
981 4046 1096 4100 habetur
1114 4047 1153 4100 in-

47 4123 177 4190 sanitum
201 4127 267 4192 quod
293 4124 449 4194 apluribus
474 4128 583 4180 videtur
607 4133 783 4195 compertum,
809 4127 929 4192 qualiter
953 4127 1065 4182 eeclesia
1088 4127 1154 4180 baec

47 4204 152 4256 maxime
178 4204 324 4260 Galliarum
349 4206 398 4259 sub
422 4207 555 4274 regimine
580 4207 744 4261 Francorum
768 4206 881 4260 diversis
905 4206 1153 4273 perturbationibus

48 4295 73 4332 se
89 4283 223 4338 discordiis
241 4286 392 4354 principum
416 4285 458 4340 his
478 4287 641 4355 temporibus
660 4287 769 4357 agitata
788 4293 912 4340 vexatur.
948 4287 1025 4340 Unde
1049 4293 1078 4340 et
1096 4286 1154 4354 plu-
