2926 4840
327 477 369 532 De
386 477 573 532 Deerotalibus
591 477 873 534 Pseudolsidorianis.
892 559 910 604 s
1109 477 1163 532 263

61 641 151 686 unum
181 642 284 707 esque
307 621 422 705 paucis
445 619 557 685 verbis
589 629 759 707 concepta.
804 619 923 685 Merito
956 622 1056 686 ctiam
1080 620 1162 685 haec

60 718 198 805 Capitale
226 718 392 784 habentur
420 739 631 804 nequaquam
660 718 703 783 ab
727 717 899 784 Hadriano
930 718 1068 803 tradita,
1104 718 1162 782 sed

57 815 95 880 ab
123 815 227 902 aliquo
260 823 395 880 auctore
426 817 462 880 in
494 815 639 881 Francia
671 815 864 902 composita.
908 815 1070 903 Pleraque
1102 814 1161 881 Oa·

60 913 150 998 pitnls
177 936 245 979 non
277 911 489 999 disciplinam
519 913 677 978 ccclesiae
699 913 884 996 Romanae,
918 914 976 980 sed
999 914 1162 979 kanciae

55 1011 202 1094 referunt,
238 1021 273 1075 et
304 1011 411 1076 fontes
442 1011 530 1077 unde
553 1021 630 1075 sunt
652 1020 809 1098 excerpta
832 1012 855 1075 ii
886 1022 979 1095 sunt,
1014 1012 1072 1099 qui
1095 1034 1162 1076 sae·

57 1107 119 1172 culo
140 1108 191 1174 lx
217 1110 254 1172 in
277 1107 422 1173 F'rancia
445 1107 625 1194 divulgati,
656 1119 692 1174 at
713 1108 837 1174 Rome
867 1118 925 1174 aut
947 1111 1081 1175 omnino
1105 1119 1163 1174 aut

57 1208 107 1270 vix
127 1227 190 1272 non
213 1207 319 1292 ignoti
344 1216 451 1288 erant,
482 1215 519 1271 ut
543 1205 696 1272 Oenones
719 1207 921 1292 synodorum
944 1207 1107 1273 Franciae
1129 1219 1162 1272 et

55 1303 236 1389 Hispaniae.
283 1304 451 1368 Accusata
473 1303 648 1370 collatione
671 1305 823 1370 instituta
846 1304 1028 1390 detegitur,
1052 1314 1161 1371 aucto-

55 1423 113 1466 rem
135 1399 363 1488 Capitnlorum
386 1401 596 1486 Angilramni
628 1403 841 1487 exscripsisse
870 1402 966 1488 plura
993 1426 1036 1468 ex
1058 1402 1161 1468 Bene-

55 1497 131 1563 dicto
146 1499 278 1564 Lesita.
320 1499 531 1583 Angilramni
550 1509 661 1564 autem
678 1497 880 1564 Collectione
899 1523 977 1565 usus
997 1511 1045 1565 est
1059 1501 1161 1567 Isido-

55 1617 102 1659 rus
114 1595 279 1662 Mercator
298 1597 333 1661 in
349 1595 549 1662 Collectione
570 1619 630 1661 sua
644 1596 860 1662 conficienda.
884 1635 921 1646 -
946 1595 1058 1663 Unum
1073 1620 1162 1664 eum-

54 1693 183 1780 demque
211 1694 312 1758 fuisse
334 1694 554 1760 Benedictum
582 1705 681 1780 atque
708 1695 873 1761 Isidorum
901 1697 1024 1762 criticis
1052 1698 1162 1763 minus

54 1791 212 1875 probabile
232 1791 376 1874 videtur,
400 1794 479 1878 quia
503 1795 538 1857 in
559 1803 697 1880 utroque
715 1815 814 1879 opere
832 1795 955 1879 passim
976 1793 1162 1859 differentia

53 1890 215 1975 quaedam,
236 1899 269 1954 et
283 1891 420 1956 mutatio
437 1891 569 1956 diversa
584 1890 760 1956 verborum
782 1891 966 1956 advertitur
981 1892 1091 1977 quoad
1112 1913 1160 1974 ea,

53 2010 127 2073 quse
141 2011 183 2052 ex
198 2010 264 2052 nno
280 1989 371 2052 fonte
388 1989 540 2073 originali
555 1989 737 2054 dimanant.
778 1990 829 2053 Ac
843 1989 948 2075 major
963 1999 1013 2054 est
1027 1990 1162 2054 diversi·

53 2097 94 2150 tas
111 2089 144 2150 in
160 2084 363 2150 Collectione
377 2085 651 2168 Pseudo-Isidori,
671 2087 761 2151 unde
781 2087 860 2152 huic
879 2089 1095 2172 praecessisse
1115 2087 1161 2151 di·

52 2185 129 2248 xeris
145 2181 383 2249 Collectionem
395 2183 579 2249 Benedicti.
617 2184 826 2270 Angilramni
844 2195 954 2249 autem
972 2183 1127 2269 Capitula
1142 2209 1162 2249 a

53 2279 312 2346 Pseudo-Isidoro
327 2283 508 2368 composita
523 2305 603 2364 esse,
623 2281 793 2368 probabile
810 2292 922 2347 censet
937 2282 1129 2348 Hinschius.
1137 2283 1161 2364 1)

53 2414 89 2424 —
101 2378 171 2444 Iino
186 2381 213 2443 si
233 2379 317 2444 forte
333 2379 481 2444 consulto
497 2379 703 2448 differentiae
723 2379 885 2466 quaedam
900 2381 935 2444 in
950 2390 1043 2444 textu
1059 2379 1162 2445 Bene·

53 2475 122 2540 dicti
155 2489 188 2541 et
210 2477 492 2543 Pseudo-Isidori
525 2479 651 2563 positae
686 2489 778 2559 sunt,
814 2499 918 2542 unum
942 2477 1162 2564 eumdemque

55 2576 210 2640 variarum
236 2573 476 2640 Collectionum
500 2597 570 2640 esse
593 2577 738 2661 potuisse
761 2585 928 2641 auctorem
953 2575 1087 2640 dixeris.

129 2675 183 2739 51.
216 2673 273 2738 Ad
305 2685 425 2760 tempas
457 2673 545 2759 quod
569 2675 703 2754 attinet,
739 2695 803 2759 quo
827 2673 1019 2738 Decretales
1042 2674 1161 2739 Isidori
1192 2678 1312 2721 ”wrm

55 2769 234 2836 lleroatoris
266 2772 435 2836 conlectae
466 2782 499 2834 et
521 2769 675 2856 vulgatae
705 2781 798 2852 sunt,
835 2770 917 2836 illud
950 2770 1061 2836 subtili
1086 2793 1161 2836 exa-
1177 2739 1322 2848 ,w

54 2869 130 2933 nine
153 2871 304 2934 instituto
329 2871 408 2935 satis
431 2879 584 2934 scemate
609 2868 864 2934 determinatum
888 2879 936 2932 est
968 2891 1007 2932 ea
1031 2871 1161 2934 certitu·

54 2963 130 3048 dine,
154 2988 240 3052 quae
264 2968 299 3030 in
323 2965 444 3031 talibus
468 2965 716 3053 quaestionibus
740 2965 881 3031 obtineri
905 2977 1022 3053 potest.
1067 2967 1162 3032 Inve-

54 3065 178 3128 niuntur
200 3075 359 3150 excerpta
389 3063 515 3150 aliquot
542 3086 586 3128 ex
607 3063 726 3129 Isidori
750 3063 983 3130 Decretalibus
1005 3064 1104 3130 allata
1127 3067 1162 3130 in

53 3161 178 3244 epistola
202 3162 372 3247 synodali,
405 3184 504 3248 quam
528 3183 616 3226 anno
641 3161 704 3226 857
730 3163 891 3248 episcopi,
922 3165 979 3248 qui
1004 3161 1162 3227 Carisiaci

54 3259 205 3340 synodum
230 3259 436 3343 habuerunt,
461 3259 624 3325 dederunt
646 3259 689 3324 ad
714 3258 869 3324 Carolum
893 3258 1044 3326 Calvum.
1089 3260 1161 3326 Imo

55 3356 141 3421 valde
163 3357 337 3445 probabile
362 3368 419 3440 est,
438 3359 510 3444 jam
534 3379 621 3422 anno
643 3359 717 3440 853,
743 3379 845 3443 quum
868 3355 1047 3422 haberetur
1068 3379 1162 3442 syno-

55 3452 108 3517 dus
129 3453 375 3521 suessionensis
407 3457 442 3520 in
467 3477 567 3519 causa
591 3455 759 3536 wulfadi,
793 3453 993 3519 aWulfado
1027 3456 1163 3541 ejusque

56 3553 143 3616 sociis
175 3554 369 3619 Decretales
402 3552 678 3618 Pseudo-Isidori
712 3551 859 3638 allegari.
904 3553 945 3617 In
980 3575 1039 3618 sua
1074 3555 1163 3617 enim

56 3654 227 3716 motione
252 3651 293 3716 de
319 3651 524 3738 depositione
541 3650 692 3716 Ebbonis
716 3675 745 3715 a.
771 3651 835 3716 835
859 3652 955 3733 facta,
980 3650 1028 3716 illi
1052 3651 1162 3716 clerici

58 3757 170 3832 urgent,
193 3750 282 3836 quod
307 3751 470 3836 episeopus
490 3771 547 3813 oce
566 3749 817 3836 archiepiscopus
832 3750 898 3813 aas
916 3748 1057 3814 omnibus
1073 3747 1162 3814 bonis

57 3845 239 3930 capellatus
269 3846 383 3935 subque
406 3848 551 3912 custodia
575 3857 678 3911 tentus
709 3857 739 3912 et
762 3847 801 3911 ab
825 3846 956 3911 molesia
978 3871 1038 3912 aaa
1060 3869 1162 3934 seque·

58 3951 172 4024 soca,
193 3947 228 4010 ἐπ
250 3946 371 4034 syuodo
396 3945 572 4032 apostolica
593 3947 781 4010 aceneres
795 3967 860 4008 noa
875 3955 1044 4009 convocata
1065 3967 1162 4030 acque

60 4043 116 4124 ejas
138 4040 288 4127 lopatione
311 4042 462 4107 roborata
484 4043 636 4107 damnari
666 4041 849 4107 nullatcnus
870 4047 989 4132 justo
1012 4043 1164 4108 decretu

61 4173 254 4186 Q

124 4253 143 4316 ¹)
162 4253 189 4308 1».
207 4271 222 4309 o
248 4271 273 4324 p.
292 4253 424 4311 cnm.
