2904 4834
315 490 349 544 1a
492 489 596 545 xvm.
634 490 673 544 ne
692 475 820 544 mnam
839 488 1016 544 Pontianus
1033 489 1134 543 suasu
1153 490 1255 544 uam.

314 635 541 719 episcopatum
557 633 751 712 rediturum,
776 655 816 696 ac
829 642 988 718 perpetuo
1004 633 1039 698 in
1056 635 1287 698 communione
1300 643 1406 698 tantum

313 729 422 794 laicali
452 753 707 817 permansurum
739 753 818 796 esse.
869 731 919 794 Ea
949 730 1138 794 conditione
1170 731 1300 796 videtur
1327 731 1407 795 luisse
1446 755 1447 794 ἕ

313 828 355 892 ab
380 830 725 892 excommunicatione
749 828 884 893 solutus.
925 828 1038 908 Quum
1063 850 1141 892 vero
1164 839 1240 913 post
1261 828 1409 893 decessum

312 926 453 990 Joannis
477 925 561 989 VIII
591 947 757 990 summum
787 925 1016 1010 pontificatum
1047 925 1244 990 obtinuisset
1275 926 1409 990 Marinus.

313 1024 370 1108 qui
401 1022 569 1110 quondam
602 1025 635 1087 in
660 1022 817 1108 Bulgaria
842 1024 990 1087 Formosi
1015 1023 1124 1086 suerat
1147 1025 1273 1099 socius,
1306 1027 1331 1088 is
1352 1024 1411 1087 For-

313 1142 441 1186 mosum
469 1121 659 1206 juramento
693 1122 849 1207 praestito
882 1121 981 1185 solvit
1014 1125 1057 1204 (a.
1092 1121 1188 1206 883),
1223 1121 1358 1186 reditum
1386 1123 1410 1183 in

313 1220 455 1305 patriam
491 1220 521 1282 ei
556 1220 724 1305 permisit,
760 1221 1054 1307 episcopatumque
1085 1219 1300 1284 Portuensem
1334 1219 1413 1306 paulo

312 1327 386 1404 post
409 1319 440 1382 ei
463 1319 616 1382 restituit.

405 1415 456 1479 19.
486 1413 587 1478 Haud
612 1415 657 1477 ita
680 1413 778 1477 facile
803 1424 852 1478 est
875 1414 916 1478 de
940 1416 1002 1479 ista
1025 1414 1166 1479 Joaunis
1190 1416 1224 1478 in
1240 1415 1413 1479 Formosum

313 1513 489 1576 severitate
513 1533 552 1576 ac
576 1511 617 1576 de
641 1510 741 1597 hujus
764 1521 858 1576 reatu
876 1511 1044 1596 judicium
1068 1511 1220 1577 formare.
1255 1513 1414 1578 Centenius
1448 1523 1449 1566 l

312 1621 425 1674 tamen
449 1631 524 1674 cum
548 1608 740 1674 auctoribus
763 1609 933 1692 gravibus,
958 1610 1119 1674 rationem
1144 1613 1357 1696 praecipuam
1373 1632 1417 1672 cur

312 1707 461 1774 Joannes
484 1705 569 1770 VIII
593 1707 750 1771 Formosa
782 1707 930 1770 infensus
960 1706 1077 1789 fuerit,
1110 1707 1211 1793 hujus
1241 1709 1343 1772 fuisse
1369 1707 1416 1770 dis-

313 1827 445 1870 sensum
470 1807 505 1868 in
528 1804 627 1870 rebus
651 1804 811 1891 politicis3
846 1804 993 1891 reliquae
1017 1807 1106 1869 enim
1130 1807 1355 1870 accusationes
1376 1803 1417 1866 sd·

313 1901 448 1968 modum
474 1924 579 1986 vagae
604 1910 690 1967 sunt.
737 1901 952 1986 Improbabat
976 1901 1102 1967 scilicet
1125 1903 1305 1968 Formosus
1329 1901 1417 1966 electi·

312 2021 410 2065 onem
435 1997 545 2064 Caroli
570 1999 665 2064 Calvi
697 2001 731 2064 iu
765 2000 1019 2086 Imperatorem,
1054 2000 1273 2088 partibusque
1304 1999 1418 2066 favebat

312 2098 478 2162 Ludovici
504 2097 706 2162 Germanici.
753 2098 805 2161 Ac
828 2098 1001 2184 probabile
1025 2111 1089 2167 ost.
1122 2121 1198 2162 enm
1222 2101 1257 2162 in
1282 2099 1418 2164 factione.

313 2219 399 2282 quae
423 2195 599 2260 Germanis
628 2195 764 2260 addicta
794 2206 880 2276 erat,
915 2195 956 2261 ob
987 2199 1092 2261 animi
1123 2199 1319 2282 ingeniique
1346 2196 1421 2260 dotes

313 2316 472 2378 magnum
497 2293 661 2358 iuduxum
678 2303 777 2380 atque
793 2295 959 2379 insignem
974 2293 1082 2359 locum
1099 2293 1304 2376 othnuiss03
1329 2293 1420 2358 simul·
1450 2291 1451 2322 ³

314 2413 378 2477 que
400 2392 636 2457 familiaritatis
660 2413 767 2456 nexus
791 2391 946 2458 habuisse
970 2415 1045 2457 oum
1070 2392 1135 2456 illis
1153 2392 1357 2478 proceribus,
1379 2391 1421 2476 qui

313 2501 393 2554 tunc
425 2490 466 2556 ob
499 2490 761 2575 conjurationem
791 2492 951 2577 variaque
981 2491 1129 2556 facinora
1161 2513 1181 2554 a
1203 2489 1338 2555 Joanne
1364 2511 1423 2552 con-

314 2587 460 2652 demnati
485 2586 603 2672 sunt.¹)
636 2587 984 2654 Animadvertendum
1008 2599 1119 2653 tamen
1145 2598 1202 2668 est,
1228 2599 1346 2652 contra
1368 2608 1423 2672 pm-

316 2709 406 2750 ceres
437 2689 515 2751 istos
546 2687 633 2750 facta
665 2686 884 2751 determinata
906 2686 1006 2751 allata
1029 2687 1147 2763 fuisse,
1181 2687 1217 2750 iu
1241 2685 1422 2750 Formosum

316 2806 394 2848 vero
428 2794 557 2849 tantum
590 2783 777 2868 generalem
807 2784 884 2848 ferri
913 2787 1176 2862 accusationem,
1210 2783 1304 2868 quod
1328 2797 1425 2848 conus

253 2897 259 2910 '
315 2882 455 2947 salutem
479 2881 681 2967 reipublicae
706 2894 738 2945 et
762 2879 870 2946 Caroli
896 2881 991 2946 Calvi
1017 2883 1273 2968 conspiraverit,
1308 2905 1346 2946 ac
1369 2879 1425 2944 reli-

314 3001 381 3068 qua
412 2983 511 3044 etiam
543 3002 627 3065 quae
659 2981 687 3042 ei
721 2978 965 3064 objiciebantur
989 3001 1074 3066 vaga
1098 2981 1276 3064 minusque
1301 2978 1425 3065 probata

313 3079 426 3143 fuisse.
474 3077 563 3140 Fieri
588 3078 689 3162 igitur
713 3078 834 3161 potuit,
868 3088 905 3140 ut
927 3077 1075 3142 Joannes
1100 3077 1199 3158 VIII,
1233 3099 1339 3163 quum
1364 3076 1426 3139 For

314 3197 443 3240 mosum
476 3178 509 3240 in
534 3176 725 3260 quaestione
751 3176 791 3240 de
816 3174 1015 3240 conferendo
1040 3172 1183 3261 Imperio
1207 3173 1425 3240 adversarium

314 3274 467 3353 haberet,
502 3273 690 3337 vehementi
725 3275 912 3357 suspicione
936 3272 1142 3359 aliorumque
1166 3271 1425 3338 accusationibu-

314 3373 626 3452 circumveniretur,
661 3369 896 3457 hominemque
929 3369 1065 3436 baberet
1095 3382 1131 3434 ut
1159 3371 1319 3436 factionis
1343 3383 1427 3453 caput

314 3471 529 3555 irrequietum
553 3479 586 3532 et
600 3469 833 3553 perniciosum.
868 3468 1047 3554 Quumque
1059 3467 1237 3533 Formosus
1254 3467 1426 3534 discederet

313 3590 354 3632 ac
378 3569 526 3631 citationi
542 3565 715 3631 Pontificis
739 3589 809 3628 sese
834 3587 899 3630 non
925 3568 1062 3646 sisteret,
1088 3566 1177 3652 quod
1200 3588 1243 3630 ex
1260 3579 1354 3631 metu
1370 3585 1427 3650 pro·

315 3665 488 3746 veniebat,
522 3667 633 3728 animo
667 3663 783 3749 culpae
819 3665 949 3727 conscio
978 3674 1010 3726 et
1038 3662 1202 3728 obstinato
1226 3665 1377 3731 Joannes
1403 3661 1426 3724 id

313 3761 439 3844 tribuit,
464 3772 574 3826 reatus
598 3783 722 3826 novum
747 3771 980 3846 argumentum
1005 3783 1043 3825 ea
1068 3763 1102 3826 in
1125 3784 1159 3824 re
1184 3761 1282 3842 vidit,
1307 3764 1428 3827 acriter-

314 3883 389 3946 que,
415 3861 462 3924 uti
486 3869 566 3923 tunc
590 3861 690 3923 moris
714 3871 793 3933 erat,
819 3860 852 3922 in
878 3859 1074 3923 Formosum
1098 3858 1351 3924 animadvertit.

404 3959 457 4021 20.
484 3957 647 4036 Quamvis
672 3978 750 4020 vero
774 3955 866 4020 baud
889 3955 1030 4020 velimus
1055 3958 1088 4020 in
1112 3955 1164 4020 bis
1187 3955 1329 4021 laudare
1341 3957 1427 4022 Joan·

315 4078 391 4120 nem
415 4055 517 4129 VIII,
551 4065 659 4118 tamen
695 4057 729 4118 in
763 4056 842 4140 ipsis
874 4075 984 4118 rerum
1015 4067 1267 4142 temporumque
1302 4056 1428 4120 circum·

315 4203 368 4210 ...-
413 4203 527 4208 ---.

391 4277 412 4342 ¹)
431 4275 499 4330 Vide
520 4275 663 4330 Dissertst.
684 4275 743 4330 XV.
763 4291 788 4328 n.
808 4275 851 4330 57.
