2932 4836
471 488 557 544 Initia
574 487 720 545 scissionis.
1104 487 1157 542 33⁷

57 637 113 721 jam
142 635 297 720 agebatur
319 632 435 696 ultimo
459 632 620 697 hlethodii
649 653 754 716 anno,
788 652 956 717 quumque
988 632 1156 717 penderet,

61 733 215 819 Gregorius
238 731 282 796 ah
300 731 431 815 Ignatia
455 752 522 794 non
546 729 709 794 admissus
733 729 847 794 estad
871 751 965 794 suam
989 751 1157 794 consecra·

59 833 171 896 ionem.
215 831 305 895 Huic
322 827 482 912 Gregorio
507 849 585 892 vera
609 849 680 892 sese
698 829 885 914 junxerunt
908 827 978 914 ejus
1001 829 1101 892 amici
1125 837 1158 892 et
1188 823 1307 934 {w

60 929 160 1014 Ignatii
182 926 375 1008 adversarii,
399 927 448 989 uti
467 925 584 989 Petrus
599 924 786 1006 Miletenus,
811 934 844 988 et
857 923 1053 1011 Eulampius
1069 925 1157 1010 Apa·
1293 920 1299 932 ’

59 1027 177 1091 meensis
208 1026 375 1112 episcopi,
409 1022 586 1110 pluresque
609 1023 721 1088 clerici
755 1032 788 1086 et
809 1021 928 1108 laici.¹)
973 1023 1024 1087 Ita
1057 1024 1159 1107 igitur
1191 1061 1207 1095 e

58 1124 335 1208 conhalgnatium
359 1141 429 1184 sese
453 1121 623 1184 constituit
645 1120 746 1183 factio
765 1119 928 1206 quaedam
948 1119 1159 1186 schismatica

57 1224 192 1304 rherum,
217 1222 276 1307 qni
299 1219 478 1304 principes,
503 1217 628 1281 clerum
652 1227 685 1281 et
707 1215 867 1302 populum
886 1219 921 1282 in
936 1218 1157 1303 patriarcham

57 1320 197 1400 excitare,
240 1337 383 1402 sumque
418 1315 590 1380 diffamare
626 1316 735 1379 conati
772 1324 858 1379 sunt.
908 1315 1045 1380 Frustra
1080 1337 1157 1381 vero

56 1415 185 1500 Ignatius
216 1414 344 1480 studuit
367 1435 423 1477 eos
446 1413 489 1477 ad
512 1413 737 1478 obedientiam
760 1413 927 1496 redigere,
960 1435 1000 1476 aa
1024 1412 1158 1476 demum

57 1515 126 1576 inter
146 1535 252 1578 annas
268 1513 333 1576 848
357 1521 390 1575 et
404 1511 470 1576 854
492 1510 611 1575 habuit
626 1511 801 1594 synodum,
827 1512 862 1574 in
879 1531 945 1596 qua
960 1508 1158 1596 Gregorium

55 1611 213 1676 Asbestam
246 1611 382 1697 ejusque
412 1607 554 1673 asseclas
585 1618 621 1672 ut
652 1608 839 1672 schismatis
869 1617 901 1670 et
923 1605 1067 1692 plurium
1100 1609 1159 1672 cri-

55 1709 161 1772 niniam
185 1729 261 1772 reos
284 1697 467 1788 damnavit,
492 1705 755 1792 Gregoriumque
780 1705 941 1790 deposuit.

127 1825 176 1888 25.
202 1821 385 1907 Gregorius
400 1820 559 1886 Asbestas
583 1831 697 1885 cunha
719 1819 807 1884 hanc
831 1822 1028 1885 sententiam
1050 1819 1159 1906 appel-

52 1919 120 1984 larit
141 1921 263 1988 sedem
283 1919 479 2000 Romanam,
502 1939 688 2005 provocans
711 1919 753 1983 ad
778 1940 922 1983 canones
936 1916 1158 2000 Sardicenses,

53 2020 189 2105 misitque
202 2017 401 2083 Zachariam
416 2015 646 2102 presbyterum
659 2016 713 2080 vel
730 2016 963 2102 episcopum),
981 2015 1037 2103 qni
1047 2015 1160 2080 Romae

52 2137 131 2180 snam
160 2138 296 2182 cauam
329 2125 456 2200 ageret3
487 2115 639 2200 Ignatius
668 2136 746 2178 vero
777 2113 1059 2180 confirmationem
1090 2135 1159 2178 sen—

53 2217 169 2300 tentiae,
194 2223 234 2278 ut
257 2213 431 2295 obtineret,
455 2236 474 2277 a
495 2211 581 2278 Sede
601 2211 793 2298 Apostolica
815 2213 921 2298 petiit.
968 2209 1076 2276 Causa
1099 2212 1161 2276 sub

52 2309 148 2377 Leone
171 2313 222 2377 IV
255 2316 299 2390 (a.
332 2309 534 2398 sti-855)
565 2320 599 2374 at
620 2309 801 2374 Benedicta
825 2310 877 2374 ΠΙ
906 2319 1072 2396 protracta
1102 2320 1160 2391 est,

51 2431 138 2492 quum
162 2411 337 2494 utriusque
359 2409 462 2494 partis
485 2408 628 2472 rationes
645 2407 748 2473 Sedes
763 2407 955 2494 Apostolica
973 2409 1161 2473 accuratius

51 2509 229 2573 examinare
270 2505 379 2571 vellet.
432 2506 610 2591 Negotium
649 2527 727 2569 vero
773 2507 872 2570 etiam
911 2505 990 2572 inde
1029 2506 1162 2570 videtur

50 2605 137 2670 fuisse
159 2607 269 2692 magis
301 2604 528 2690 complexum,
561 2603 648 2689 quod
672 2605 803 2669 nonnisi
833 2625 891 2689 per
914 2605 1161 2690 usurpationem

50 2703 116 2768 facti
146 2704 317 2769 dioeceses
340 2701 473 2766 Siciliae
504 2701 581 2766 inde
613 2713 802 2787 atempore
826 2701 949 2766 Leonis
971 2701 1078 2766 Isauri
1106 2725 1161 2788 pa-

50 2801 235 2867 triarchatui
259 2799 393 2866 OPtano
418 2799 587 2886 subjectae
611 2809 715 2881 erant,
740 2821 779 2862 aa
796 2798 898 2863 Sedes
914 2799 1063 2863 Romana
1087 2819 1161 2863 can-

49 2901 129 2964 tinno
145 2907 264 2965 cantra
282 2897 369 2964 hanc
383 2899 632 2983 usurpationem
647 2895 895 2961 reclamaverat.
935 2895 1046 2978 Quum
1061 2897 1163 2981 igitur

51 2999 246 3084 metropolita
277 2997 506 3080 Syracusanus
541 2994 738 3080 appellasset
773 3005 886 3058 contra
921 2994 1161 3080 depositionem

49 3115 63 3154 a
90 3093 278 3180 patriarcha
302 3091 435 3158 CPtano
464 3094 600 3176 factam,
624 3093 773 3157 Romano
798 3091 951 3157 Pontifici
981 3093 1162 3178 prudenter

49 3193 205 3275 agendum
230 3201 310 3275 erat,
335 3213 376 3256 ne
395 3189 530 3272 CPtani,
556 3192 584 3254 si
601 3191 851 3255 confirmaretur
872 3190 1043 3276 depositio,
1068 3211 1161 3274 argu·

50 3301 186 3355 mentum
219 3287 297 3353 inde
329 3301 442 3375 postea
466 3289 630 3354 deducere
657 3299 806 3374 possent,
837 3287 926 3374 quod
950 3286 1051 3352 Sedes
1073 3287 1161 3372 Apo-

113 3541 313 3598 annastasius
336 3541 432 3596 scribit
456 3542 472 3596 l.
492 3557 529 3596 c:
556 3542 642 3608 „Sane
667 3542 830 3596 restiterunt
851 3539 931 3609 hujus
950 3539 1077 3608 (Ignatii)
1100 3555 1160 3606 pra-

50 3624 150 3678 motioni
177 3623 286 3690 quidam
311 3622 438 3690 perpauci
463 3621 594 3690 episcopi,
623 3621 779 3688 intorques
804 3627 864 3675 erat
882 3620 1030 3688 Gregorius
1048 3619 1160 3686 syracu-

49 3719 132 3770 sanus,
158 3719 190 3758 ea
208 3702 279 3770 quod
298 3717 342 3756 eos
361 3709 471 3771 propter
489 3700 631 3755 diffamata
649 3707 678 3755 et
696 3701 835 3769 publicata
853 3699 982 3755 nonnulla
1000 3699 1113 3753 crimina
1131 3699 1160 3753 in

49 3783 190 3838 sacerdotio
214 3783 268 3836 rite
295 3789 359 3836 ante
383 3781 583 3835 retricationem
614 3781 642 3834 in
668 3797 712 3836 eos
737 3781 808 3835 illati
833 3781 928 3850 judicii
953 3797 982 3834 se
1005 3795 1059 3833 nan
1082 3793 1160 3847 passe

50 3863 166 3930 recipere.
187 3861 316 3917 canonica
333 3862 371 3915 sit
389 3867 418 3916 et
436 3861 501 3916 mihi
521 3862 627 3916 ratione
644 3860 792 3929 professum
812 3867 922 3929 propter
940 3876 1015 3927 quse,
1035 3860 1099 3926 qnia
1113 3860 1161 3914 illa

49 3943 228 3998 satisfactione
251 3955 305 3998 nan
330 3941 489 4006 ablnemnt‚
518 3941 615 3996 merito
633 3945 727 4009 pastea
751 3941 784 3994 ab
808 3955 840 3996 eo
865 3945 895 3995 et
917 3940 1017 4008 modo
1042 3939 1160 3994 abdicati

49 4031 129 4076 sunt*
168 4023 259 4078 Labbe
278 4021 355 4076 VIII.
375 4023 436 4078 962.

114 4111 134 4170 'l
154 4113 234 4168 Hunc
242 4112 401 4168 Zachariam
413 4111 601 4179 presbyterum
611 4110 746 4178 Cptanum
756 4109 864 4162 videtur
874 4107 1022 4176 Gregorius
1031 4107 1161 4164 Asbeatas

50 4199 120 4244 eitra
138 4191 281 4248 diaecmim
299 4207 374 4246 susm
393 4197 422 4246 et
440 4191 524 4246 inscio
541 4189 677 4246 Methodia
695 4189 851 4259 patriarcha
868 4190 897 4243 in
916 4187 1067 4257 episcopum
1079 4189 1160 4242 Taur-

50 4271 131 4326 rninae
148 4272 178 4326 in
197 4273 289 4327 Sicilia
306 4271 453 4326 ordinasse.
491 4270 547 4328 Gir.
566 4267 769 4340 Hergenrtither
788 4269 805 4325 l.
825 4285 846 4325 c.
865 4285 890 4337 p.
910 4267 972 4323 359.

90 4372 220 4424 Jnngrnann.
241 4373 415 4415 Dissertationcs.
447 4373 506 4414 iarn.
523 4373 560 4414 111.
643 4413 646 4418 ,
1019 4359 1055 4410 22
