2952 4832
299 483 353 536 242
549 482 623 536 XXI.
642 483 682 536 De
700 483 726 539 S.
746 483 877 551 Gregorio
897 483 951 538 VII
970 485 1044 539 Rom.
1066 485 1208 542 Pontifice.

301 626 489 688 ooaceaiaat
513 635 640 690 auctore
667 626 829 705 Gaibato,
859 651 947 713 mem
971 630 1115 713 superias
1138 629 1281 694 daiam
1304 634 1401 695 concel-

302 721 428 803 lariam,
461 734 491 786 et
521 723 688 788 consiliam
717 725 875 790 celebraret
905 725 1156 810 malianaatium,
1189 729 1226 791 ia
1256 751 1317 813 quo
1340 729 1400 793 cleli-

301 820 420 898 beroat,
451 843 515 885 aaa
539 821 670 886 aliunde
693 845 724 886 ae
747 822 860 886 habere
882 823 1007 908 Papam
1028 823 1094 886 aiei
1117 845 1157 887 ea
1173 825 1333 911 paradiso
1353 828 1401 890 lto·

300 917 364 982 liae
388 916 552 1004 talemque,
585 921 640 1004 qui
661 921 741 984 sciat
764 920 901 1006 compati
924 920 1161 1004 infirmitatibus
1183 922 1335 1008 eomm1).
1372 925 1400 987 ln

300 1015 514 1082 Germaniam
545 1038 641 1101 porro
676 1018 719 1081 ad
742 1017 967 1103 Imperatriois
1000 1017 1111 1082 aulam
1142 1019 1241 1106 bajus
1268 1021 1403 1086 factionis

298 1113 399 1198 legati
414 1116 553 1200 profecti
570 1126 656 1180 eunt.
687 1115 742 1180 Ex
757 1115 995 1199 Longobardie
1011 1118 1103 1180 missi
1120 1127 1198 1182 sunt
1209 1117 1403 1184 Placentinus

300 1221 334 1276 et
355 1212 576 1277 Vercelleneis
599 1215 745 1299 episcopi
756 1205 771 1295 ;'
795 1214 1020 1278 Romanorum
1045 1235 1124 1278 vero
1148 1215 1308 1300 legationi
1329 1239 1402 1302 prae-

299 1310 363 1374 fuit
386 1309 556 1375 Gerardus
589 1333 711 1392 comes,
743 1311 852 1376 adfuit
881 1313 980 1376 etiam
1017 1310 1122 1376 abbas
1155 1317 1344 1378 monasterii
1370 1315 1402 1377 ad

301 1407 580 1490 clivumscauri,
615 1411 672 1495 qui
698 1409 782 1474 forte
806 1409 876 1474 dux
898 1409 963 1474 fuit
994 1408 1149 1475 factionis
1172 1410 1251 1476 cleri
1275 1411 1405 1476 laxioris.

300 1506 523 1572 Romanorum
556 1506 657 1591 legati
681 1507 862 1573 attulerunt
885 1507 1031 1572 Henrioo
1057 1507 1106 1572 IV
1142 1510 1287 1592 insignia
1323 1513 1402 1596 patri·

300 1605 451 1687 eiatusl),
477 1614 512 1668 ut
535 1607 605 1690 ipse
628 1605 825 1670 Pontificem
849 1606 1046 1688 designaret.

130 1804 250 1848 sicunde
266 1805 290 1846 ¹¹·
390 1793 443 1856 30.
490 1793 621 1857 Interea
652 1815 730 1858 vero
755 1792 879 1858 Romae
912 1793 1091 1858 seditiones
1123 1803 1157 1856 et
1185 1794 1347 1859 tumultus
1370 1797 1407 1856 in·

302 1890 493 1972 valuerunt3
528 1913 697 1976 quumque
728 1890 978 1956 Hildebrandus
1010 1902 1043 1954 et
1074 1888 1270 1956 Cardinales
1302 1893 1408 1978 perspi·

302 1998 423 2070 carent,
452 1988 623 2053 Ecclesiae
642 1989 720 2074 jura
744 1991 854 2073 sperni
879 2011 1018 2074 eamque
1042 1990 1076 2054 in
1101 1991 1285 2054 maximum
1311 1991 1408 2054 discri-

302 2107 379 2150 men
408 2088 536 2168 vocari,
570 2096 602 2150 et
625 2087 755 2170 indigni
779 2087 951 2152 Pontifieie
969 2088 1041 2172 jam
1066 2088 1187 2150 instare
1212 2091 1408 2152 creationem.

299 2184 494 2248 auctoritate
527 2207 586 2248 sua
618 2185 766 2268 legitima
791 2187 841 2250 usi
865 2195 951 2267 sunt,
985 2195 1023 2248 ut
1045 2184 1204 2267 eligerent
1226 2186 1410 2252 Pontificem

300 2279 333 2368 (1
360 2279 458 2367 Oet).
504 2283 556 2346 Ea
583 2283 618 2348 in
648 2305 682 2346 re
716 2285 918 2364 protectione
947 2283 1106 2347 Richardi
1138 2283 1233 2347 ducis
1264 2283 1409 2347 Norman·

300 2399 419 2444 norum
442 2381 533 2443 fruiti
557 2389 642 2444 sunt.
690 2382 825 2458 Interea,
849 2381 966 2446 scribit
987 2381 1056 2446 Leo
1073 2379 1247 2463 Ostiensis,
1273 2381 1411 2467 &sancto

301 2480 390 2566 apud
413 2477 612 2543 Florentiam
635 2479 817 2564 Apostolioo
842 2490 919 2565 post
949 2479 1028 2544 daos
1056 2489 1086 2542 el
1112 2479 1281 2542 dimidium
1310 2477 1411 2564 quibua

302 2577 461 2642 Ecclesiae
481 2577 629 2662 praefuit
645 2599 756 2656 aaaoa,
781 2601 849 2640 oum
863 2579 1005 2640 maoeima
1019 2579 1105 2640 later
1121 2579 1284 2640 Rornaaos
1307 2577 1411 2640 seditio

302 2677 453 2761 coepisset
484 2677 521 2738 de
546 2675 726 2740 ordinando
750 2676 899 2759 Poaa'floe
924 2677 1065 2738 encomii:
1099 2674 1342 2738 Hildebrandas
1370 2698 1409 2736 or·

302 2774 504 2838 obidioooaas
527 2797 594 2836 cum
621 2771 848 2837 Cardiualibus
870 2773 1086 2857 nobilibusque
1110 2774 1268 2837 Romanis
1290 2769 1413 2836 amaillo

301 2873 418 2951 habito,
441 2897 480 2935 ae
503 2873 658 2936 dissensio
682 2871 918 2949 concalesceret,
950 2870 1131 2934 anselmum
1155 2871 1284 2934 tondeas
1305 2871 1411 2934 Lean-

301 2993 364 3036 sem
393 2973 572 3058 episcopum
601 2979 675 3056 post
698 2981 760 3033 tres
792 2972 916 3034 circiter
939 2991 1058 3034 menaea
1082 2971 1117 3032 ia
1140 2971 1318 3034 Rornaaam
1342 2969 1414 3030 Pon·

303 3070 412 3154 tificem
436 3067 554 3154 eliquat
577 3091 703 3153 eramque
727 3067 947 3132 Alexandrum
970 3069 1078 3132 vocari
1100 3067 1282 3146 decemuat,
1314 3077 1413 3130 swstrc

300 3169 470 3233 Desiderio
493 3164 676 3249 (Cardinali
701 3176 734 3229 et
756 3165 877 3231 abbate
902 3164 1103 3246 Cassinenei)
1127 3165 1221 3229 simol
1245 3189 1312 3230 cum
1331 3167 1413 3251 pria·

301 3269 369 3354 cipe
407 3263 625 3346 (Narmanno)
665 3266 798 3328 Romam
827 3265 1042 3350 proficiscente
1080 3266 1167 3348 eique
1210 3267 1246 3327 ia
1282 3262 1414 3327 omnibns

302 3363 547 3451 suffroyaateil.
594 3362 659 3428 Sed
685 3385 772 3444 mox,
804 3373 945 3448 quatuor
969 3361 1126 3426 videlicet
1149 3371 1222 3446 post
1246 3361 1415 3426 hebdoma-

302 3465 410 3542 dibus,
443 3461 638 3546 urgentibus
662 3460 778 3546 legatis
810 3462 963 3525 factionis
994 3461 1164 3540 adversae,
1204 3461 1414 3524 inconvento

302 3561 465 3648 imperiali
480 3558 630 3624 Basileus
653 3559 777 3640 habito,
803 3559 857 3622 die
881 3559 941 3623 28⁰
955 3557 1110 3624 Octobris
1133 3559 1212 3622 anni
1240 3559 1320 3624 1061
1348 3579 1414 3621 con·

302 3663 435 3726 stitutus
468 3670 516 3722 est
542 3659 700 3744 antipapa
725 3656 890 3722 Cadalous
914 3653 1114 3740 (Cadalhoh)
1147 3658 1322 3742 episcopus
1348 3657 1414 3720 Par-

302 3760 438 3838 mensis,
473 3760 529 3843 qui
559 3777 678 3820 nomen
709 3755 848 3819 Honorii
874 3753 924 3818 ΙΙΙ
954 3755 1108 3838 suscepit.
1159 3753 1252 3828 stod
1279 3778 1350 3818 cam
1379 3753 1419 3814 mi

306 3933 513 3944 ‚—.-....——

378 4019 396 4088 ι)
416 4017 456 4071 De
473 4031 573 4084 perseo.
593 4013 623 4067 L.
643 4011 689 4066 VI.
709 4027 751 4080 ep.
771 4010 934 4075 Wattarioh,
953 4011 975 4066 I.
995 4010 1056 4066 256.

373 4107 395 4160 ll
414 4105 537 4160 Bernold
557 4103 653 4158 chron.
673 4117 697 4154 a.
720 4101 795 4156 1061.
817 4099 978 4154 Watterioh.
1002 4101 1023 4154 Ι.
1047 4101 1113 4168 240;
1137 4105 1166 4154 et
1184 4099 1280 4153 Boniao
1299 4097 1336 4154 L.
1358 4097 1416 4152 vm

305 4187 310 4199 .
333 4187 338 4198 .
360 4226 366 4239 .
401 4227 407 4240 .
447 4187 459 4234 7
481 4224 487 4237 .

303 4187 358 4240 llud
377 4186 399 4341 ll
419 4188 544 4327 (lhlbnioi
564 4273 594 4328 L.
614 4271 665 4325 111.
688 4271 728 4324 19.
747 4285 789 4336 ap.
810 4268 973 4325 Watterich.
993 4269 1013 4322 l.
1033 4270 1094 4324 259.
