2922 4832
465 506 575 575 Imperii
593 507 705 562 indoles.
839 538 842 545 -
1097 507 1149 562 14⁷

53 649 180 714 Ecclesia
208 649 342 730 habuit,
377 649 434 714 sed
468 671 509 716 ex
541 649 705 735 ejusmodi
735 651 910 736 principiis
942 651 984 716 de
1012 653 1152 737 praedo

53 747 138 811 minio
158 748 363 812 auctoritatis
386 747 566 834 imperialis
589 757 688 834 atque
712 747 820 812 civilis
842 746 1003 834 paulatim
1028 770 1149 835 magna

51 843 178 928 pericula
199 843 371 910 Ecclesiae
395 855 493 910 enata
516 854 593 910 sunt
616 854 650 909 et
672 842 795 910 abusus
817 845 963 930 lugendi.

123 969 172 1034 48.
213 968 357 1050 Quando
381 969 459 1035 Otto
491 969 628 1035 dissidio
659 979 729 1036 orto
754 971 970 1058 interipsum
995 971 1149 1037 etJoan-

50 1087 113 1130 nem
133 1067 199 1132 XII
215 1067 356 1131 Romam
371 1069 533 1154 pervenit,
551 1069 667 1154 jurare
689 1069 769 1134 fecit
791 1069 967 1154 Romanos,
990 1093 1150 1156 nunquam

50 1187 75 1228 se
89 1187 206 1252 papam
229 1163 380 1230 electuros
403 1177 460 1230 aut
483 1165 688 1231 ordinaturos
707 1178 840 1256 praeter
855 1189 1036 1231 consensum
1059 1178 1149 1254 atqsa

49 1261 208 1328 electionem
222 1263 356 1328 Domini
368 1263 574 1350 imperatoris
601 1263 725 1330 Ottonis
752 1262 901 1331 messus
924 1263 1068 1352 Aaqusti,
1082 1263 1149 1349 flli-

49 1361 105 1446 iqne
131 1363 231 1448 ipsius
262 1361 345 1447 repis
372 1361 538 1444 Ottonis.²)
526 1361 798 1449 )Quantopere
832 1361 909 1428 dein
943 1363 1072 1448 ipsein
1096 1361 1149 1426 de-

48 1460 192 1542 positione
215 1459 357 1525 Joannis
379 1457 449 1523 XII
481 1470 515 1523 et
544 1461 579 1523 in
615 1463 780 1525 creatione
811 1459 933 1524 Leonis
962 1457 1048 1524 VIII
1076 1481 1150 1524 auc·

47 1558 169 1622 nuntie
192 1555 408 1644 imperialis
394 1579 472 1642 Jura
496 1559 684 1640 excesserit,
709 1559 932 1644 exposuImus
943 1597 987 1606 —
1003 1557 1321 1660 001111110··⁸,”,¹,¹;,‘¹⁰,:,¹,⁶5

46 1655 189 1720 meranda
219 1654 283 1720 hoc
312 1654 384 1720 loeo
408 1655 508 1718 etiam
539 1657 631 1721 venit
653 1653 753 1720 Bulla
776 1655 814 1719 de
839 1654 988 1720 electione
1013 1657 1153 1720 Romani

45 1749 193 1838 Pontpicis
209 1753 315 1817 Leoni
332 1751 416 1816 VIII
432 1751 609 1838 adscripta,
626 1774 711 1838 quae
735 1751 876 1817 saltem'
862 1775 934 1839 Jam
949 1755 984 1817 in
1001 1753 1067 1820 fine
1083 1775 1152 1818 sae-

46 1849 99 1914 culi
120 1851 170 1916 XI
194 1849 500 1931 circumferebatur,
525 1859 624 1938 atque
640 1873 660 1915 a
676 1847 837 1915 Gratiano
861 1852 896 1916 ln
914 1849 1043 1937 Corpus
1058 1851 1152 1916 Juris

45 1959 161 2034 recepta
185 1958 245 2014 est.
281 1948 320 2012 In
345 1947 460 2012 eadem
485 1947 680 2034 Imperatori
704 1949 838 2013 omnino
864 1959 1063 2032 exaggerata
1072 1949 1152 2035 jura

44 2046 233 2112 tribuuntur.
279 2046 371 2110 Inter
393 2044 468 2129 alia,
493 2047 647 2111 invocato
673 2046 826 2133 exemplo
851 2045 1016 2111 Hadriani
1038 2046 1066 2130 I,
1091 2055 1152 2110 sta·

43 2145 148 2208 tultur:
188 2145 251 2208 Per
282 2155 422 2208 nostram
454 2143 661 2231 apostolicam
696 2147 914 2209 auctoritatem
948 2146 1154 2210 concessimus

43 2253 123 2327 atquc
146 2241 304 2328 larpimur
325 2241 449 2305 Domno
477 2241 586 2307 Ottoni
602 2243 710 2330 priam
738 2243 905 2306 Teutonico
927 2244 996 2330 repi
1017 2240 1153 2307 dilectis-

42 2341 117 2419 sino,
141 2337 311 2428 spirituali
339 2341 374 2403 in
401 2337 524 2404 Christo
539 2339 613 2424 filio
636 2351 754 2420 nostro,
779 2343 903 2430 ejsuque
927 2339 1155 2405 successoribus

41 2438 121 2527 lajas
142 2437 364 2524 repniItaliae
387 2439 423 2501 in
439 2449 639 2524 perpetuu-m,
665 2449 730 2501 tam
744 2437 806 2502 sibi
819 2436 1014 2523 facultatem
1037 2459 1152 2503 nuces·

43 2557 131 2600 sorsm
154 2533 308 2622 elipandi,
343 2557 436 2621 quarn
468 2556 605 2599 summac
629 2534 722 2599 Sedis
744 2534 948 2622 Apostolicac
971 2533 1153 2618 Pontificem

43 2634 226 2711 ordinandi,
260 2657 297 2698 ac
321 2655 385 2720 per
416 2633 470 2696 hoc
503 2642 533 2696 et
555 2632 806 2720 archiepiscopos
836 2656 890 2697 seu
914 2633 1086 2720 episcopos,
1117 2642 1154 2696 ut

42 2731 98 2816 ipsi
119 2743 225 2796 tamen
249 2731 288 2796 ab
313 2754 347 2796 eo
371 2732 590 2795 incestituram
617 2733 794 2816 accipiant,
830 2741 860 2794 et
892 2732 1154 2794 consecrationem

42 2831 191 2918 recipiant
214 2831 425 2915 undecumque
443 2829 648 2915 pertinuerit,
673 2829 813 2916 exceptis
834 2829 892 2907 tis,
917 2851 993 2914 quos
1014 2829 1152 2943 Impera-

41 2937 84 2991 tor
105 2927 254 3013 Pontifici
283 2937 313 2992 st
346 2927 591 3042 archiepiscopis
614 2927 773 2990 concessit.
820 2926 1017 2990 Italicuum
1040 2928 1152 2990 asseri-

41 3049 114 3108 mus,
148 3037 183 3090 ut
207 3048 295 3089 nemo
325 3025 473 3110 deinceps
503 3029 649 3114 cujusque
671 3024 790 3109 prosim
813 3024 862 3087 oei
884 3000 1074 3088 c‘onditionis
1098 3033 1155 3087 aut

39 3121 246 3210 dipnitatis
217 3146 281 3187 seve
295 3121 524 3208 relipiositatis,
549 3121 686 3206 eiipendi
700 3143 801 3208 repen
815 3119 865 3184 ecl
880 3123 1065 3208 patriciano,
1089 3124 1153 3186 sisu

40 3221 213 3308 Pontificem
237 3243 372 3285 memmae
397 3219 490 3286 Sedis
517 3218 719 3306 Apostolicae
751 3229 807 3284 out
829 3241 1045 3306 quoscumque
1074 3221 1153 3306 epis·

39 3343 180 3407 caporum
204 3319 254 3383 cel
277 3318 453 3382 ordinandi
481 3317 595 3382 lrabeat
609 3316 812 3404 facultatem,
836 3317 892 3381 sed
917 3316 978 3382 soli
1000 3320 1068 3404 rapi
1089 3318 1152 3381 Ro·

38 3421 118 3483 mani
140 3418 275 3506 Imperii
296 3418 376 3481 lanc
398 3418 590 3480 reuerentiae
621 3413 1008 3504 tribuimusvfocnltatem,
1039 3415 1154 3501 absque

38 3518 117 3580 anni
133 3517 276 3604 pecunia
299 3515 373 3579 leaeo
397 3517 504 3578 omnia
526 3515 673 3600 superias
695 3512 895 3599 disponenda
919 3523 948 3574 et
971 3523 1005 3576 ut
1028 3514 1096 3600 ipse
1111 3514 1154 3576 sit

37 3635 89 3677 rea
112 3624 142 3678 et
161 3614 330 3700 patricius.
381 3609 473 3684 Quod
505 3613 534 3676 si
558 3635 578 3675 a
602 3611 683 3675 clero
715 3621 745 3675 et
762 3607 886 3698 populo
919 3611 988 3698 quis
1017 3609 1154 3696 clipeiue·

37 3713 208 3798 spiscopus,
232 3711 298 3775 nisi
320 3734 341 3774 a
364 3709 547 3796 supradicto
572 3710 656 3795 Repe
680 3708 828 3774 laudetur
851 3719 881 3772 et
904 3709 1103 3787 investiatur,
1134 3732 1154 3772 a

38 3810 155 3872 nemine
178 3809 415 3888 consecretur.²)

119 3917 176 3981 49.
214 3913 312 3978 Hanc
334 3912 465 3978 Bullam
493 3921 604 3977 tamen
632 3901 708 3976 eum
736 3911 879 3977 Beronio
909 3921 941 3976 et
967 3911 1070 3998 Pugio
1095 3911 1151 3996 (ad
1168 3915 1324 3958 002210'0121’*

37 4033 63 4076 a.
86 4013 167 4098 964)
190 4011 340 4098 plerique
363 4011 485 4076 eruditi
509 4009 697 4074 habuerunt
723 4021 760 4075 ut
784 4010 1004 4096 suppositam,
1039 4030 1152 4095 quam·

105 4218 129 4285 ¹)
147 4215 341 4283 ansprandus,
359 4213 400 4269 De
418 4211 527 4268 OttonIs
546 4213 624 4268 rebus
643 4214 671 4267 in
690 4211 763 4268 Urbe
781 4214 875 4282 gestie,
895 4231 917 4268 c.
936 4213 962 4266 9.

106 4300 128 4364 ²)
146 4297 176 4352 G.
195 4296 221 4352 J.
241 4295 310 4350 Dist.
329 4295 430 4350 LXIII.
451 4310 472 4349 c.
492 4295 539 4362 233
559 4309 601 4362 ap.
622 4293 776 4348 watterich
795 4295 812 4351 l.
831 4311 853 4348 c.
872 4311 898 4364 p.
917 4292 978 4348 676.

995 4381 1048 4435 10*
