2932 4836
317 553 371 608 374
631 553 718 606 XVII.
757 553 796 606 De
815 551 960 606 schismate
979 553 1121 610 Photiano.

318 694 459 778 malum,
485 693 573 789 quod
596 693 747 758 homines
771 695 874 758 animi
898 694 975 759 elati
999 697 1145 761 maxime
1168 693 1315 783 fugiunt,
1340 697 1425 784 quale

318 803 367 858 est
389 793 538 860 infamia.
586 792 796 878 Quamquam
820 803 931 857 autem
956 809 1029 857 eam
1048 794 1267 878 ignominiam
1288 795 1426 874 tolerare,

317 891 432 956 fuisset
454 893 484 954 cl
509 911 587 953 vere
611 888 820 955 conducibile
843 890 887 954 ad
906 901 1075 957 aeternam
1097 891 1341 959 beatitudinem
1364 917 1426 958 con-

318 987 536 1075 sequendam,
565 989 637 1075 jam
667 987 838 1052 tamenin
862 997 1028 1074 comperto
1053 999 1119 1072 est,
1152 989 1327 1055 hominum
1357 993 1427 1078 ejus·

215 1091 216 1096 ’
318 1086 407 1151 modi
432 1095 576 1150 mentem
610 1085 859 1149 obtenebratam
884 1107 954 1150 osse
987 1088 1196 1171 passionibus
1229 1094 1262 1152 et
1284 1087 1428 1154 obcaeca-
1459 1155 1460 1160 ,

316 1193 405 1265 tam,
429 1205 491 1248 nco
515 1183 666 1269 supernis
690 1203 745 1247 eos
768 1181 903 1268 percelli
927 1193 960 1248 et
983 1184 1060 1249 duci
1084 1183 1228 1252 motivis.
1277 1185 1390 1267 Quare
1407 1189 1429 1251 si
1459 1189 1460 1230 l

318 1281 464 1348 remedia
487 1279 657 1346 mordacia
680 1281 715 1343 in
739 1301 839 1344 causa
859 1279 971 1345 Photii
994 1303 1053 1367 pro
1079 1281 1189 1348 dubiis
1210 1281 1329 1349 baberi
1352 1295 1430 1371 pote·
1459 1311 1460 1340 ἲ

318 1389 401 1461 rant,
426 1375 586 1444 lenientia
610 1377 680 1441 sine
705 1375 807 1441 dubio
833 1376 963 1442 inutilia
986 1379 1298 1466 praenoscebautur.

408 1475 461 1542 66.
492 1477 547 1541 Ex
570 1475 837 1540 accusationibus
861 1497 943 1560 quas
967 1477 1001 1540 in
1027 1499 1086 1540 sua
1109 1476 1280 1562 encyclica
1303 1477 1431 1544 Pbotius
1459 1503 1460 1567 l

320 1584 433 1640 contra
446 1574 584 1639 Latinos
601 1573 705 1654 affert,
730 1571 906 1658 pleraeque
922 1575 1105 1660 respiciunt
1119 1575 1336 1640 diversitatem
1349 1577 1431 1640 dioci-
1459 1571 1460 1621 l

163 1683 294 1756 nmirum
313 1671 429 1760 plicae
461 1671 704 1752 ecclesiasticae
737 1669 771 1734 in
801 1668 953 1736 Ecclesia
985 1669 1135 1738 orientali
1168 1683 1201 1738 et
1233 1670 1432 1739 occidentali.
1459 1687 1460 1770 q

167 1745 289 1786 ‘mmm'
319 1771 372 1836 De
396 1771 467 1834 istis
492 1767 687 1834 differentiis
717 1766 815 1854 plane
839 1767 934 1833 aliter
957 1771 1132 1855 scripserat
1154 1768 1293 1836 Photius
1318 1773 1352 1836 in
1377 1773 1432 1857 epi·
1459 1790 1460 1840 i

319 1868 401 1933 stola
434 1865 640 1954 apologetica
672 1864 714 1930 ad
738 1865 929 1949 Nicolaum,
966 1865 1045 1931 dum
1074 1870 1316 1954 promotionem
1349 1889 1432 1934 suan

319 1987 362 2030 ex
392 1963 477 2030 laico
511 1965 703 2028 diversitate
737 1962 931 2050 disciplinae
963 1963 1131 2030 orientalis
1163 1976 1195 2028 et
1227 1965 1433 2030 occidentalis

319 2071 465 2128 excusat.
520 2043 684 2143 Quamvis
723 2083 765 2126 ex
804 2059 938 2149 obliquo
980 2064 1104 2149 passim
1143 2061 1274 2128 studeat
1308 2085 1434 2150 carpere

321 2163 515 2228 Latinorum
539 2181 662 2241 moros,
685 2168 797 2224 tamen
821 2158 972 2246 pluribus
995 2159 1136 2243 evolvit,
1161 2163 1195 2226 in
1220 2159 1324 2226 variis
1348 2161 1434 2226 disci-

318 2258 429 2345 plinae
453 2257 618 2343 capitibus
642 2256 847 2323 differentias
871 2259 1012 2324 admitti.
1061 2259 1148 2324 Nom
1170 2282 1297 2340 revera,
1324 2261 1433 2346 inquit.
1459 2247 1460 2330 l

318 2361 402 2422 inter
436 2356 504 2420 alio
539 2355 714 2420 communio
748 2355 889 2421 omnibus
913 2369 1004 2436 caat,
1040 2381 1119 2444 qaae
1152 2381 1255 2422 omnes
1285 2357 1433 2423 custodire

318 2477 440 2520 necesse
464 2465 518 2533 est,
544 2464 573 2518 ct
596 2465 670 2518 octe
694 2453 763 2517 olio
786 2477 865 2540 qaae
889 2453 927 2518 de
941 2453 1010 2539 fide
1033 2450 1189 2535 bohemos,
1215 2455 1271 2520 oti
1292 2456 1343 2522 cel
1357 2479 1433 2544 poa·
1459 2465 1460 2514 l

319 2553 383 2618 lam
407 2551 583 2632 declinare,
615 2563 661 2616 eet
683 2552 845 2639 mortifico
877 2576 908 2616 se
934 2554 1067 2640 piaculo
1091 2553 1291 2639 obstringere.
1342 2552 1435 2628 Quoa-

319 2652 393 2716 dom
420 2651 554 2738 proprie
588 2649 670 2714 alios
693 2661 938 2736 consequuntur,
971 2673 1101 2738 qaorum
1126 2653 1366 2740 praetermissio
1396 2651 1436 2713 eis

320 2748 466 2814 mulctam
490 2747 585 2834 affert
607 2747 718 2832 quibas
740 2747 801 2812 illo
825 2749 961 2814 tenendo
984 2749 1062 2813 doto
1086 2761 1177 2828 aaa&
1208 2751 1263 2837 qai
1283 2773 1355 2814 cero
1380 2772 1434 2812 riou
1459 2789 1460 2852 l

321 2858 515 2934 occeperunt,
539 2845 573 2909 bi
590 2858 763 2933 propterca
785 2845 868 2932 qaod
886 2869 949 2910 aon
966 2847 1207 2932 observaverant,
1231 2847 1357 2912 minime
1373 2871 1435 2910 cco·
1459 2863 1460 2924 i

320 2945 518 3008 democrates.
566 2941 608 3007 Et
638 2967 716 3028 quae
748 2942 951 3008 oecumenicis
982 2956 1011 3008 ct
1033 2943 1243 3010 communibus
1267 2943 1460 3032 praecepto*

321 3051 393 3106 amnt
426 3039 604 3128 mcffrapc'ia,
637 3044 780 3106 convenit
813 3039 852 3106 ab
883 3041 1024 3107 omnibus
1057 3041 1211 3108 custodiri
1217 3066 1229 3123 ;
1261 3067 1339 3129 qaae
1370 3055 1460 3125 cera}

321 3139 451 3204 Pctrma
475 3136 592 3224 aliquis
616 3142 770 3226 esposuit,
796 3151 851 3204 aut
875 3139 986 3204 localis
1010 3139 1151 3224 definivit
1167 3141 1315 3232 modice,
1338 3157 1460 3202 eccuni*

320 3238 375 3322 qai
404 3229 530 3299 servarat
552 3257 616 3299 noc
646 3237 788 3324 efficiunt
814 3239 1066 3324 superstitiosam
1088 3247 1235 3316 mentem,
1264 3239 1319 3324 qca'
1341 3247 1437 3300 cartem

320 3355 384 3397 coc
416 3345 620 3420 acceperant,
654 3359 691 3398 ec
717 3339 898 3421 praeterire
928 3337 995 3400 sine
1026 3334 1168 3422 periculo
1194 3346 1339 3422 poscant
1391 3333 1438 3396 Sa

322 3430 447 3494 tonderi
479 3429 554 3493 aliis
585 3433 729 3517 patriam
752 3443 814 3512 est,
850 3428 925 3497 aliie
959 3431 1111 3520 synodica
1139 3435 1233 3497 etiam
1266 3431 1460 3519 definitione

322 3527 576 3618 objiciendaw)
601 3567 643 3576 —
675 3529 770 3596 Certe
795 3525 998 3616 superfluum
1023 3541 1084 3613 est,
1119 3527 1249 3616 singula
1274 3552 1354 3616 quae
1378 3523 1460 3590 hnu'

322 3628 357 3690 in
381 3647 415 3690 rc
440 3625 518 3691 dein
532 3625 670 3692 Photius
694 3629 728 3692 iu
753 3649 812 3692 sua
836 3627 974 3713 epistola
997 3625 1168 3712 encyclica
1192 3650 1291 3692 caeco
1314 3627 1437 3712 scripsit

322 3723 443 3802 furore,
467 3725 655 3789 accuratius
679 3723 814 3791 diluere.

263 3841 303 3928 ..θ
413 3821 466 3885 67.
495 3821 640 3886 Tantum
665 3823 705 3888 de
730 3845 768 3888 ea
783 3823 893 3889 Photii
918 3825 1129 3888 accusatione
1152 3845 1261 3910 pauca
1285 3821 1460 3893 dicamus„

260 3979 266 3989 ,
325 3941 391 4004 qua
425 3921 638 4004 conqueritur
671 3943 790 4008 magno
823 3921 951 4005 furore,
987 3944 1007 3986 a
1037 3919 1150 3986 latinis
1179 3915 1371 4006 presbyteris
1406 3919 1460 3986 iu]

324 4014 481 4100 Bulgaria
504 4016 598 4102 rejici
622 4019 906 4084 confirmationem
933 4041 952 4083 a
976 4017 1177 4104 presbyteris
1199 4019 1324 4102 graccis
1346 4013 1436 4077 colla·
1459 4059 1460 4088 1

330 4163 530 4172 ἡ..-

356 4313 365 4368 1
395 4235 486 4369 ἓΟΒΑρ.
506 4235 603 4288 Barou.
622 4251 645 4288 a.
665 4237 716 4287 861
736 4249 762 4288 n.
781 4235 824 4288 43.
844 4263 877 4273 -
897 4229 998 4302 iligna,
1017 4229 1047 4287 P.
1071 4229 1103 4287 G.
1123 4227 1179 4288 cn
1199 4227 1291 4286 Photii
1305 4227 1379 4296 epist.
1402 4223 1435 4278 11.

324 4329 375 4370 eo.
451 4355 455 4364 .
