2932 4836
459 495 545 550 Initia
562 494 708 552 nunionis.
1091 493 1142 549 361

44 651 118 726 que“,
140 654 168 705 et
189 641 424 728 interposuistis
446 645 569 717 „cnm“,
597 638 773 723 significare
796 635 915 703 adimet
937 647 1145 702 attentantes:

45 739 240 804 Deliberatum
261 739 378 825 suemt
408 762 428 800 a
451 739 579 802 annena.
595 736 760 814 Patribus,
791 747 826 800 nt
853 759 920 799 cnm
944 734 1037 800 Sedis
1060 733 1144 821 Apo·

43 838 153 902 stabnt
182 848 211 900 at
240 836 388 900 masiae
416 845 537 899 aetnae
560 857 712 898 eamearn
742 835 842 898 onnia
864 835 913 897 rei
935 833 1011 914 finis
1034 835 1145 898 debera

42 938 148 1000 annno
167 936 328 1022 profani,
361 957 429 996 cum
451 921 598 1016 ltoe'fieri
619 953 740 1018 temper
762 931 853 996 nulla
881 934 1005 996 ratione
1028 929 1144 1008 valeat,

43 1033 114 1098 ιιιιῑίο
129 1055 263 1120 marta
287 1029 429 1117 exemplo
453 1041 570 1115 pastum
587 1040 745 1116 patescat,
766 1030 959 1116 praesertim
981 1051 1049 1092 nem
1070 1031 1145 1094 laec

42 1132 209 1218 Apostoliea
232 1153 353 1216 emper
374 1127 472 1194 Sedes
495 1129 530 1191 in
553 1151 635 1193 sana
649 1127 717 1212 fide
736 1129 923 1214 perstiterit,
946 1138 1050 1191 entra
1073 1149 1144 1190 varo

41 1230 163 1309 mena,
187 1229 356 1316 (quantem
374 1227 419 1290 ad
434 1226 655 1314 praesulatum
662 1225 831 1311 pertinet),
854 1225 1037 1309 infimitate
1051 1247 1144 1312 aaepe

41 1325 196 1414 laepia-it,
231 1349 269 1390 ae
295 1347 358 1412 per
388 1325 444 1389 baa
466 1326 531 1388 iata
560 1325 734 1410 nequiverit
769 1323 891 1388 adonira
922 1325 1032 1408 quoae
1052 1323 1144 1387 modo

39 1447 214 1503 ιυιιιιιιιιιιιι,
227 1429 317 1513 atejus
323 1425 495 1510 paeaimnm
507 1421 730 1486 armabatur
738 1443 804 1484 non
814 1422 969 1486 immerito
980 1443 1112 1486 samm.
1120 1420 1144 1506 ¹)

112 1525 165 1588 39.
188 1522 339 1606 Ignatius
362 1519 541 1607 posthaec
560 1519 672 1605 aliquo
695 1529 841 1603 tempore
859 1516 1144 1604 Constantinopoli

40 1623 180 1684 remansit
212 1623 246 1683 in
276 1619 398 1704 palatio
422 1617 516 1682 Posis
540 1617 647 1698 dioto,
682 1616 770 1702 qnod
803 1615 879 1682 olim
910 1615 1019 1680 fuerat
1048 1618 1144 1680 matri

41 1719 127 1801 ipsius
149 1719 347 1803 Procopiae,
381 1715 495 1802 ibique
518 1716 703 1800 composuit
736 1713 875 1778 libellum
904 1714 947 1778 ad
970 1715 1144 1778 Nicolaum

39 1813 230 1896 Pontificem,
255 1837 319 1901 qno
344 1825 483 1878 eventus
506 1813 570 1897 ipsi
595 1823 727 1876 enanat
750 1821 782 1874 ct
805 1811 848 1875 ad
864 1810 983 1876 Sedem
1009 1814 1145 1897 Aposto-

39 1909 122 1975 licam
153 1911 309 1998 appellat.
355 1912 457 1976 Hisce
487 1909 635 1975 libellum
667 1909 852 1974 concludit:
885 1910 973 1974 Haec
1004 1909 1146 1974 brevibus

39 2009 87 2072 tili
107 2010 319 2096 mamfeenei.
372 2011 419 2073 Ta
441 2031 530 2087 nero,
561 2010 755 2072 sanctissime
778 2008 929 2081 Domina,
962 2007 1089 2071 ostende
1111 2009 1145 2070 in

39 2129 75 2168 ne
103 2109 222 2171 autera
252 2107 507 2184 annuatim,
540 2118 570 2170 et
594 2111 694 2194 jacta
722 2102 813 2170 illane
843 2127 988 2191 mapsam
1011 2105 1145 2169 Paulum

37 2203 80 2266 dic
101 2207 211 2268 edam:
237 2203 316 2278 Quia
339 2205 529 2289 infimatur,
555 2215 585 2267 et
603 2227 656 2288 epa
677 2226 741 2268 non
759 2202 921 2286 infirmor?
959 2204 998 2266 In
1017 2214 1146 2267 mantem

37 2323 136 2365 reeoea
152 2303 414 2388 praedeceeawee
438 2313 507 2366 tuoe
524 2303 747 2388 patriarcnae,
781 2299 974 2378 Fabianam,
1007 2301 1145 2385 inquam,

37 2398 149 2464 Julium
172 2413 201 2466 et
218 2401 443 2478 Innocentiam,
469 2400 615 2477 Leonem,
640 2409 679 2478 et,
702 2410 738 2462 nt
761 2398 894 2462 &evitet
917 2397 1021 2462 dicam
1043 2421 1146 2464 ornaret

36 2499 84 2577 qai
104 2522 166 2583 pra
188 2500 322 2564 veritate
352 2497 504 2562 adversus
527 2497 719 2586 injustitiam
747 2495 884 2560 viriliter
912 2517 945 2560 ae
975 2509 1147 2580 gesserunt,

37 2605 61 2654 et
80 2596 131 2659 loe
152 2599 298 2674 imitare,
322 2607 352 2660 et
375 2595 419 2659 ad
441 2595 614 2660 uindictam
636 2595 739 2658 nostri
769 2595 823 2678 qni
846 2604 892 2656 tot
913 2593 1035 2682 injecta
1051 2596 1148 2680 pransi

36 2713 131 2757 sumar
153 2693 310 2781 mrpe.¹)
355 2693 494 2758 Photius
524 2713 603 2756 vero
627 2692 795 2776 Ignatium
828 2711 944 2776 cogere
968 2689 1146 2755 meditatus

36 2801 94 2870 eu,
122 2802 158 2857 ut
189 2795 224 2857 in
247 2790 387 2856 ecclesia
417 2789 550 2875 publice
573 2789 796 2875 profiteretur,
832 2810 866 2852 se
898 2809 964 2854 non
988 2791 1146 2852 canonice

37 2885 165 2954 electum
188 2891 307 2970 fuisse,
338 2911 439 2975 seque
462 2909 528 2952 uon
552 2898 664 2952 sancto
695 2885 753 2950 sed
777 2887 950 2970 tyrannice
973 2885 1146 2952 ecclesiam

36 2985 237 3066 gubernasse.
284 2986 349 3052 Sed
373 3009 476 3073 quum
500 3007 638 3071 vespere
662 2986 872 3050 Pentecostes
895 2983 927 3047 d.
951 2983 994 3048 25
1011 2983 1091 3070 Maji
1116 3009 1145 3050 a.

37 3081 96 3146 861
119 3084 279 3170 palatium
302 3085 421 3150 milites
442 3085 511 3170 jam
536 3083 840 3164 circumdedissent,
865 3092 902 3144 ut
921 3081 1087 3166 ignatium
1112 3086 1146 3148 vi

36 3193 191 3264 tenerent,
226 3185 254 3248 is
278 3185 411 3248 mutatis
434 3180 583 3246 vestibus
606 3179 717 3244 salvus
740 3181 886 3264 aufugit,
910 3201 949 3242 ac
980 3179 1058 3244 dein
1088 3205 1148 3268 per

36 3276 160 3363 aliquod
183 3282 344 3365 spatium,
369 3279 481 3344 multis
505 3282 539 3343 in
563 3281 741 3363 angustiis,
770 3278 872 3342 variis
894 3277 974 3342 locis
997 3299 1067 3342 sese
1091 3279 1145 3344 ab·

36 3377 165 3442 scandit
211 3377 361 3443 Libellus
391 3387 501 3442 autem
533 3379 665 3442 iuterim
690 3377 828 3440 Romam
860 3374 986 3440 delatus
1010 3385 1058 3439 est
1088 3399 1147 3462 per

36 3471 272 3559 Theognostum
296 3479 421 3542 socium
446 3474 533 3540 illius
557 3474 700 3556 fidelem,
724 3475 868 3560 quierat
886 3472 1145 3540 archimandrita

36 3593 89 3633 seu
119 3571 219 3638 abbas
248 3577 437 3640 monasterii
470 3575 514 3639 ad
542 3575 698 3655 Fontem,
729 3583 762 3636 et
790 3569 935 3635 exarcha
957 3570 1079 3654 Ignatii
1111 3575 1145 3636 in

37 3667 154 3753 aliquot
183 3673 365 3757 provinciis
397 3695 455 3758 pro
488 3673 590 3736 variis
623 3671 845 3748 monasteriis,
879 3669 914 3756 (i.
939 3691 967 3733 e.
1001 3671 1146 3734 vicarius

37 3765 150 3849 Ignatii
166 3769 273 3855 quoad
286 3791 473 3854 supremam
486 3768 759 3854 gubernationem
773 3767 1055 3841 monasteriorum,
1073 3789 1145 3852 quae

35 3876 183 3950 exempta
212 3877 306 3931 eraut
336 3866 378 3931 ab
403 3867 588 3932 Ordiuariis
619 3877 652 3929 et
677 3864 902 3950 jurisdictioni
933 3864 1145 3949 patriarchali

36 3961 218 4028 immediate
241 3963 415 4051 subjecta).
461 3966 618 4030 Pervenit
647 3975 759 4027 tamen
782 3961 1009 4046 Theognoatus
1042 3963 1146 4028 serius

35 4057 181 4140 Romam,
212 4084 311 4147 quam
334 4061 433 4148 legati
458 4061 587 4127 Nicolui
611 4061 786 4126 redeuntes
810 4061 843 4124 in
869 4059 1010 4141 Urbem,
1042 4070 1074 4124 ct
1097 4063 1145 4126 sic

75 4195 94 4200 --
116 4195 234 4204 -·——--.-

109 4261 131 4328 ¹)
146 4261 208 4318 lbid
424 4265 444 4331 ⁹)
464 4264 543 4334 Apud
563 4265 660 4320 Barou.
679 4263 697 4316 l.
717 4279 739 4317 c.
758 4279 784 4316 ιι.
805 4265 847 4318 31.
