2932 4836
302 469 355 524 318
457 467 529 522 XVI.
569 467 674 522 Causae
692 466 808 522 celebres
826 471 856 520 et
875 466 1029 521 Decretales
1047 464 1270 520 Pseudo-Isidori

303 613 425 676 tificcm
450 633 584 696 carpere
616 632 682 675 nou
706 621 848 675 veretur.
896 607 1103 674 Guntharius
1128 607 1335 674 Coloniensis
1357 609 1411 692 epi·

304 729 432 794 scopus,
457 709 517 772 etsi
541 710 858 788 excommunicatus,
883 721 994 774 tamem
1019 708 1053 772 in
1078 729 1138 772 sua
1154 705 1298 772 dioecesi
1315 706 1412 770 officia
1451 755 1452 802 ,

304 805 506 892 pontificalia
538 804 803 891 usurpaverat1),
840 804 1018 871 Zacharias
1050 804 1249 890 Anagniuus
1282 826 1358 868 vero
1387 820 1413 868 ct
1451 805 1452 860 l

304 903 520 989 Teutgaudus
544 904 750 968 Trevirensis
782 928 803 968 a
829 903 965 968 Nicolao
998 925 1019 972 a
1042 903 1275 968 communione
1298 903 1411 974 remoti,

304 1001 346 1066 ab
370 1001 543 1066 Hadriano
566 1000 601 1065 II
625 1024 752 1066 sacram
777 1003 1044 1066 communionem
1068 1003 1103 1066 in
1128 1001 1182 1066 die
1205 1001 1412 1064 coronationis

304 1102 408 1186 ipsius
423 1098 659 1184 receperant.²)
694 1098 748 1162 Ad
764 1099 846 1163 haee
861 1100 950 1164 facta
965 1099 1082 1164 alludit
1098 1111 1206 1164 orator
1221 1097 1288 1162 illis
1301 1097 1412 1161 verbis:

307 1198 503 1282 ,Caeterum
534 1197 746 1282 perpendite,
782 1199 988 1284 quaesimus,
1024 1197 1166 1283 qualiter
1202 1199 1256 1261 isti
1289 1195 1413 1260 correcti

305 1305 391 1376 sunt,
416 1296 472 1380 qni
497 1316 562 1358 non
588 1293 693 1360 solum
717 1297 952 1360 correctionem
978 1317 1073 1360 suam
1093 1315 1304 1381 nequaquam
1321 1307 1413 1358 osten·

306 1394 389 1458 dunt
412 1404 444 1458 et
468 1391 588 1457 delicta
605 1415 674 1474 sua,
700 1415 784 1478 quae
801 1394 900 1457 etiam
915 1405 1028 1476 terras,
1054 1404 1091 1457 ut
1113 1393 1226 1474 fertur,
1251 1403 1412 1477 occupant,

305 1513 371 1556 non
396 1489 611 1572 confitentur,
646 1512 761 1554 verum
786 1492 902 1573 etiam,
936 1492 1022 1554 sicut
1046 1490 1223 1556 multorum
1247 1489 1358 1554 relatio
1387 1498 1414 1550 et

306 1591 428 1674 scripta
446 1596 618 1670 testantur,
643 1589 783 1652 vetitum
803 1588 866 1652 sibi
883 1588 1029 1653 officium
1051 1588 1185 1674 quidam
1202 1587 1320 1652 horum
1336 1609 1413 1650 usur·

307 1709 401 1774 passe
424 1686 580 1767 refertur,
614 1684 749 1771 quidam
774 1695 883 1750 autem
907 1696 985 1750 ante
1008 1687 1213 1751 audientiam
1238 1696 1351 1750 contra
1371 1706 1414 1747 ca·

307 1807 409 1849 nones
445 1785 721 1864 communicasse,
758 1785 843 1847 sicut
877 1805 911 1848 se
948 1805 1096 1849 murmur
1127 1783 1285 1849 ecclesiae
1316 1782 1413 1859 hahet

307 1883 388 1969 proh
413 1880 514 1962 dolor,
540 1883 796 1964 criminatu1·.“³)
844 1880 957 1961 Quum
977 1882 1193 1966 Teutgaudus
1216 1905 1246 1948 a.
1272 1882 1335 1948 869
1351 1882 1414 1966 jam

307 1981 458 2062 obiisset,
482 1989 586 2066 patet,
611 1978 807 2044 Zachariam
831 1980 1047 2065 Anagninum
1071 1982 1265 2066 episcopum
1296 1978 1349 2043 hic
1369 1977 1414 2040 dc·

307 2080 430 2164 signari
454 2088 490 2141 ut
513 2099 599 2158 eum,
628 2079 684 2164 qui
708 2087 785 2141 aute
808 2078 1012 2142 audientiam
1037 2090 1152 2143 contra
1176 2101 1318 2144 canones
1341 2099 1415 2140 com-

308 2177 544 2258 municaverit,
575 2177 662 2240 sicut
691 2197 724 2240 se
753 2198 903 2239 murmur
925 2175 1084 2240 ecclesiae
1116 2176 1226 2242 habet.
1274 2173 1416 2260 Carpitur

307 2274 397 2338 hisce
421 2274 581 2338 indirecte
605 2273 807 2354 Hadrianus,
833 2275 888 2359 qui
913 2274 1056 2339 eumad
1081 2276 1347 2340 communionem
1368 2269 1414 2334 ed·

308 2374 410 2454 misit3
435 2371 598 2456 simulque
622 2372 723 2437 dubio
747 2371 892 2457 quodam
908 2373 1004 2438 modo
1029 2396 1080 2438 res
1096 2375 1303 2458 exprimitur,
1328 2369 1414 2457 (sicut

308 2493 342 2534 se
360 2491 509 2534 murmur
527 2469 685 2534 ecclesiae
702 2469 825 2552 hahet).
861 2467 1123 2556 Peremptorium
1140 2469 1218 2535 inde
1232 2468 1364 2554 colliges
1377 2489 1416 2530 ar·

307 2578 520 2653 gementum,
554 2567 763 2632 Hadrianum
795 2570 851 2654 qui
876 2568 1133 2633 ecclesiasticam
1163 2568 1415 2634 communionem

307 2665 488 2730 Zachariae
518 2667 680 2730 concessit
710 2666 765 2730 suh
789 2689 928 2752 coeptura
951 2667 1187 2754 satisfactione,
1219 2669 1267 2731 uti
1291 2669 1326 2730 in
1348 2663 1415 2726 viu

308 2763 472 2830 Hadriani
497 2785 524 2827 c.
549 2763 583 2828 X
607 2763 745 2844 dicitnr,
771 2763 860 2828 haud
885 2787 955 2830 csse
978 2775 1141 2830 oratorem
1164 2765 1272 2845 hunc,
1304 2763 1358 2848 qui
1380 2759 1415 2824 ad

308 2860 472 2947 synodum
496 2864 676 2927 orationem
702 2861 828 2927 habuit.
875 2863 1017 2927 Videtur
1045 2865 1218 2949 episcopus
1242 2862 1297 2926 hic
1321 2861 1416 2947 potius

308 2961 431 3024 Romae
463 2957 608 3024 abfuisse
642 2981 679 3024 eo
712 2969 859 3045 tempore
897 2983 961 3046 quo
994 2960 1187 3026 Hadrianus
1220 2967 1416 3024 consecratus

309 3067 367 3135 est,
391 3079 494 3143 quum
518 3058 642 3121 incerto
667 3057 764 3122 modo
789 3057 830 3122 de
855 3057 909 3122 illo
934 3058 1020 3122 facto
1044 3058 1206 3145 loquatur.

156 3199 219 3239 roas
234 3197 283 3238 ros
400 3182 473 3246 115.
498 3158 609 3267 Atque
624 3181 706 3245 haec
722 3180 873 3246 absentia
888 3206 955 3246 una
970 3205 1012 3246 ex
1026 3181 1210 3248 rationibus
1227 3193 1283 3262 est,
1308 3180 1417 3269 quihus

180 3269 259 3300 ''⁰⁸¹³''
309 3281 426 3344 nititur
458 3280 647 3365 conjectura
679 3278 875 3365 probabilis,
909 3280 1104 3346 Formosum
1137 3283 1327 3367 episcopum
1351 3279 1417 3342 Por-

310 3389 459 3442 tuensem
490 3387 651 3442 oratorem
682 3376 774 3441 illum
799 3400 870 3442 esse
900 3380 956 3464 qui
987 3381 1168 3442 orationem
1199 3379 1241 3442 ad
1266 3377 1416 3462 synodum
1451 3401 1452 3478 ,

310 3477 547 3562 pronuntiavit.
585 3477 773 3557 Formosus,
798 3477 854 3562 qui
879 3477 965 3540 inter
987 3477 1154 3562 praesules
1177 3487 1257 3541 tunc
1280 3476 1415 3541 doctrina
1451 3481 1452 3554 l

313 3587 345 3639 et
368 3575 487 3660 peritia
507 3575 541 3638 in
557 3575 698 3658 negotiis
720 3573 873 3658 gerendis
890 3573 1066 3656 eminebat,
1090 3575 1223 3661 quando
1240 3575 1417 3640 Hadrianus

311 3833 395 3887 solum
415 3831 550 3900 generalis
571 3831 705 3886 Ecclesiae
730 3839 759 3885 et
778 3831 853 3886 Petri
873 3832 1026 3900 specialiter
1050 3831 1189 3900 privilegii
1214 3831 1321 3886 vilerot
1337 3839 1416 3882 anuo

203 3989 205 3992 Ι
311 3913 387 3978 ritas,
400 3927 494 3966 rerum
507 3911 589 3966 etiam
603 3911 769 3966 multifariae
782 3913 928 3966 occasionis
940 3913 1074 3966 dilatatur
1087 3911 1242 3980 iniquum
1262 3912 1283 3966 L
1301 3928 1315 3966 c
1330 3927 1353 3979 p.
1363 3909 1415 3962 534

386 4001 405 4066 ¹)
426 3998 611 4065 „Guntham'us
642 4006 734 4054 autem
762 4001 791 4054 in
819 4002 877 4068 ipsa
904 4017 987 4056 coena
1014 4000 1122 4056 Domini
1146 4001 1285 4056 Coloniam
1311 3999 1415 4054 veniens

311 4080 406 4134 missas
425 4079 559 4134 celebrare
578 4087 606 4132 et
624 4095 729 4134 sacmm
748 4081 864 4136 chrisma
889 4081 1031 4144 conficere,
1059 4088 1091 4134 ut
1109 4080 1187 4136 homo
1204 4081 1264 4136 siue
1281 4082 1334 4136 Deo
1350 4093 1415 4146 prae·

312 4159 452 4226 sumpsit.'·‘
489 4159 651 4213 Hincmerus
671 4160 811 4216 Rhemeus.
831 4163 920 4216 annal.
940 4178 965 4218 a.
984 4161 1037 4215 864
1451 4169 1452 4206 1

386 4247 407 4314 ²)
428 4250 552 4300 Ans-stas.
572 4247 642 4303 Bihl.
661 4248 690 4302 in
717 4250 778 4302 Vita
797 4251 941 4303 Hadriani
960 4267 981 4305 c
1001 4250 1035 4306 X.
1145 4249 1167 4319 8)
1186 4249 1217 4305 L.
1237 4267 1256 4305 c
1276 4267 1301 4319 p.
1318 4249 1371 4302 531.
