2932 4836
335 496 377 551 De
393 495 582 550 Decmtalibus
600 493 882 550 Pseudo-isidorianis.
1118 493 1171 548 283

65 641 100 706 de
110 642 254 726 Regnon.
292 639 476 705 Ostendere
490 640 617 715 nititur,
640 638 815 702 Nicolaum
831 647 1010 722 antequam
1026 639 1173 702 novisset

65 739 288 804 Collectionem
305 735 434 818 Isidori,
458 738 630 821 antiquam
643 737 853 822 proposuisse
868 735 1089 820 disciplinam,
1114 734 1172 799 sed

64 837 131 902 iude
161 837 204 902 ab
227 857 316 900 anno
341 835 405 900 865
429 833 563 920 quando
586 855 646 918 per
668 832 871 898 Rothadium
894 833 1173 898 Pseudo-Decre-

62 935 133 1000 tsles
161 935 335 1020 cognovit,
368 955 445 996 oum
477 935 614 996 istarum
637 930 769 1016 regulos
800 931 1000 1014 inculcasse,
1033 952 1172 1017 eamque

63 1033 265 1120 disciplinam
295 1031 338 1096 ab
362 1032 499 1116 antiqua
522 1029 620 1094 valde
645 1030 811 1094 diversam
836 1029 913 1094 dein
936 1029 1171 1115 praevaluisse.

61 1131 169 1196 llelins
198 1140 312 1194 autem
341 1129 459 1193 fuisset
487 1149 546 1214 pro
570 1127 740 1192 Ecclesiae
771 1125 945 1213 splendore
976 1136 1009 1192 et
1037 1127 1171 1208 honore,

60 1232 83 1293 si
104 1231 240 1314 antiqua
263 1226 442 1312 disciplina
464 1235 716 1311 perseverasset.
724 1227 747 1311 ¹)

141 1327 194 1392 72.
227 1324 295 1392 Sed
319 1324 482 1410 ejusmodi
506 1325 677 1388 sententiis
700 1322 977 1388 subscribendum
1007 1346 1074 1388 non
1102 1345 1172 1386 esse
1193 1315 1267 1366 Μ’
1277 1314 1348 1358 ”⁰⁶¹¹

59 1427 289 1489 existimamus.
334 1423 502 1508 Imprimis
525 1421 767 1487 advertendum
792 1432 850 1503 est,
874 1443 1085 1508 nequaquam
1109 1443 1151 1486 ex
1194 1375 1347 1489 aelidi&

59 1523 195 1588 admissa
219 1520 422 1587 Collectione
443 1520 630 1584 Isidoriana
656 1541 779 1584 novam
808 1521 954 1606 aliquam
981 1521 1174 1606 provenisse

60 1620 263 1706 disciplinam
303 1621 498 1682 canonicam
545 1617 588 1682 ab
627 1619 765 1704 antiqua
802 1618 953 1684 funditus
996 1618 1172 1683 diversam.

61 1717 171 1798 Quoad
203 1717 371 1782 ceremiam
401 1728 430 1780 et
453 1717 662 1782 substantiam
693 1715 775 1780 haec
807 1715 984 1802 disciplina
1010 1718 1174 1780 recentior

61 1817 168 1880 eadem
190 1824 240 1880 est
261 1823 361 1900 atque
376 1815 531 1900 antiqua;
555 1813 819 1880 modificationes
832 1813 1061 1878 tantummodo
1077 1836 1173 1899 quae-

61 1916 139 1995 dam,
162 1935 203 1978 ac
226 1913 451 1995 differentiae,
477 1911 665 1996 stragulae
688 1914 795 1996 magis
819 1914 1003 1996 praecisae,
1028 1911 1070 1976 ob
1094 1921 1173 1976 tem-

61 2034 168 2098 porum
192 2011 354 2097 adjuncta
377 2009 476 2074 valde
498 2019 721 2096 opportunae,
756 2033 795 2075 aa
817 2019 926 2074 aetate
950 2008 1172 2074 invaluerunt.

61 2110 119 2174 lsta
152 2130 230 2173 rero
261 2130 328 2172 non
352 2109 499 2194 praecise
530 2109 716 2172 auotodtote
740 2118 770 2171 et
791 2109 825 2171 ei
847 2107 1072 2172 Decretalium
1104 2106 1172 2172 illa·

60 2229 126 2272 rum
146 2207 338 2272 introducta
360 2217 446 2288 sunt,
471 2207 625 2293 quamvis
642 2205 789 2291 vulgatio
807 2205 1018 2270 Collectionis
1031 2204 1174 2271 Pseudo-

63 2305 172 2370 Isidori
196 2304 279 2391 quid
304 2303 488 2386 contulerit,
513 2313 550 2368 ut
572 2303 703 2368 facilius
727 2303 988 2368 modificationes
1011 2302 1173 2389 ejusmodi

61 2403 303 2468 invalescerent.
353 2403 460 2466 Erant
490 2411 602 2466 autem
637 2400 898 2468 modificationes
930 2401 1006 2468 illae
1038 2401 1172 2466 eoolotio

60 2501 212 2586 quaedam
241 2501 328 2584 juris
352 2501 520 2582 canonici,
554 2521 639 2585 quae
662 2501 697 2564 in
721 2501 794 2584 ipsa
817 2500 986 2565 Ecclesiae
1017 2502 1173 2565 constitu·

66 2655 264 2662 —u——nmw-

129 2751 151 2818 ¹)
170 2750 267 2816 „Ceite
292 2747 416 2802 nouvelle
440 2747 580 2816 discipline
606 2748 676 2801 etait
701 2747 801 2812 bonne,
833 2751 1007 2803 assurement.
1051 2747 1174 2816 Adoptee

60 2845 104 2897 par
126 2848 145 2884 s
163 2829 272 2884 Nicolas
291 2827 316 2882 le
336 2827 428 2882 Grand
447 2843 480 2882 en
499 2827 565 2894 865,
594 2843 644 2895 par
667 2827 694 2882 le
712 2827 842 2883 huitieme
866 2829 966 2882 concile
984 2827 1173 2895 oecumenique

61 2911 114 2974 810,
132 2910 273 2965 confirmes
293 2923 342 2976 par
360 2907 385 2961 le
405 2908 512 2962 Concile
531 2908 564 2962 de
582 2908 683 2962 trente
703 2923 736 2962 en
757 2909 840 2974 1564,
866 2909 917 2962 elle
934 2912 978 2962 est
995 2907 1090 2974 depuis
1108 2907 1178 2961 neut'

61 2991 143 3046 siecles
173 2991 199 3046 le
230 2989 303 3043 droit
330 3003 451 3042 commun
482 2988 549 3042 dans
577 2987 592 3042 1’
605 2987 701 3056 eglise
725 2988 885 3056 catholicus
921 2988 991 3044 Mais
1015 2987 1174 3044 l'anoienne

62 3071 191 3140 discipline
209 3071 281 3124 ctait
300 3069 385 3122 bonne
405 3069 492 3133 aussi,
520 3068 633 3136 puisque
651 3069 771 3136 pendant
789 3069 828 3124 les
846 3069 908 3123 huit
925 3068 1053 3136 premiere
1071 3068 1173 3134 siecles,

63 3150 75 3201 1
85 3151 173 3219 Eglise
202 3149 262 3204 n'en
290 3148 366 3201 avait
393 3164 479 3202 couno
508 3147 619 3202 d’aotre.
656 3145 816 3204 L'ancienne
845 3147 985 3216 discipline
1010 3149 1087 3202 avait
1110 3147 1173 3202 suifi

63 3245 121 3294 pour
147 3231 256 3284 rainere
285 3229 310 3282 le
334 3227 521 3296 gnosticisme,
546 3227 572 3281 le
596 3227 789 3294 montanismo,
814 3229 838 3283 le
861 3228 1062 3293 manicheisme,
1088 3227 1176 3281 l'aria-

63 3307 144 3374 uisne,
163 3310 189 3364 le
206 3307 415 3378 pelagianismo,
435 3309 460 3363 le
478 3308 697 3374 nestorianismo,
716 3307 952 3375 l'eutyohianisms,
972 3308 989 3361 l’
1003 3309 1173 3376 origeniana

64 3397 87 3440 et
109 3389 133 3444 le
148 3387 365 3453 monothelisme,
390 3403 454 3444 sans
479 3389 570 3456 parler
593 3389 639 3442 das
658 3388 783 3446 heresias
800 3389 886 3444 moins
910 3390 1096 3458 importantos.
1132 3389 1174 3444 La

63 3470 177 3524 nouvelle
195 3469 337 3536 discipline
356 3469 469 3536 pouvait
487 3485 537 3538 par
554 3473 719 3536 consequent
738 3471 796 3524 atre
819 3469 899 3536 utile;
918 3471 968 3524 elle
988 3469 1084 3524 u'etait
1095 3469 1174 3538 point

65 3551 227 3605 trecensus!
267 3549 397 3616 (Adverte
422 3548 687 3617 argumentationem
712 3549 837 3604 fallacem
862 3565 932 3615 esse,
961 3555 1094 3618 quatenns
1112 3565 1173 3618 snp-

67 3631 164 3695 pooitnr
181 3628 334 3684 essentialis
354 3628 483 3694 quaedam
503 3635 531 3682 et
548 3627 672 3682 radicalis
685 3630 802 3682 mutatio
815 3629 979 3697 disciplinae,
998 3636 1027 3683 et
1039 3634 1176 3697 quatenus

65 3711 188 3774 imuitnr‚
214 3711 249 3763 ad
266 3707 432 3776 superandas
451 3707 575 3763 haereses
594 3709 753 3776 praesertim
776 3709 860 3779 dirigi
878 3709 1046 3778 disciplinam
1065 3709 1175 3763 canoni·

67 3805 128 3854 um,
154 3797 183 3844 et
199 3789 327 3856 andquas
345 3788 469 3844 haereses
488 3789 576 3843 victas
594 3803 652 3844 osse
670 3804 719 3856 per
736 3790 877 3856 andenam
895 3790 1065 3859 disciplinam
1082 3790 1172 3857 prouti

66 3870 193 3927 iiffembat
211 3887 229 3923 a
247 3869 411 3936 recentiori).
449 3869 583 3936 „Jamais,
601 3870 622 3924 il
640 3869 702 3924 iaut
720 3885 754 3926 sn
772 3871 913 3936 mevenit,
936 3889 970 3926 ou
990 3887 1024 3926 ne
1042 3871 1084 3924 vit
1101 3886 1176 3925 men-

67 3965 138 4020 sosge
154 3951 226 4004 aussi
245 3947 407 4012 audacieux,
436 3949 509 4003 aussi
528 3949 724 4016 considerable,
744 3951 815 4004 aussi
834 3951 967 4016 solennel,
993 3950 1065 4004 aussi
1083 3953 1172 4018 perse-

69 4034 158 4085 teano.
189 4029 337 4098 Ajoutons:
356 4035 385 4083 et
403 4029 524 4096 pendant
541 4030 588 4084 des
606 4029 707 4095 siecles,
727 4031 799 4085 aussi
818 4030 993 4099 triomphant.
1031 4029 1173 4096 01111111]-

68 4119 197 4182 postesse
216 4108 320 4163 atteint
337 4125 386 4164 son
405 4109 468 4166 hut!
494 4109 513 4163 il
532 4126 549 4164 a
567 4109 673 4179 change
697 4111 724 4164 la
743 4111 883 4179 discipline
908 4126 1007 4166 comme
1026 4111 1046 4166 il
1064 4111 1090 4166 le
1107 4127 1175 4164 vou-

69 4188 116 4252 laii,
131 4192 197 4246 mais
215 4187 291 4244 iln’a
303 4205 353 4258 pas
365 4193 455 4246 arreti
467 4191 494 4244 la
506 4191 654 4246 duodenis
666 4191 801 4259 generale.
829 4191 900 4246 Dieu
912 4206 946 4245 ne
958 4189 1034 4259 benit
1045 4205 1093 4259 pas
1106 4189 1171 4246 l’inr·

69 4279 169 4334 mttere.
198 4274 252 4329 Les
270 4269 374 4324 sanasse
391 4268 630 4326 maculasset
647 4269 758 4338 produit
775 4286 827 4338 que
839 4271 874 4326 do
887 4271 964 4326 mal.u
990 4271 1020 4326 L.
1032 4286 1052 4323 c.
1067 4287 1093 4338 p.
1107 4272 1169 4326 392.
