2932 4836
299 475 351 530 326
617 474 703 531 xvli.
741 475 780 529 De
798 475 942 530 schismate
960 474 1104 532 Photiano.

299 616 442 702 dignitas
475 617 638 702 quaedam
666 617 834 683 oriebatur
865 640 905 682 ac
933 621 1080 704 gravitas
1114 629 1147 684 et
1178 619 1351 706 prudentia
1378 622 1405 684 in

297 713 397 778 rebus
420 713 564 800 publicis
587 725 619 780 et
643 718 760 796 sacris,
792 715 951 780 sobrietas
975 739 1013 780 ac
1038 717 1180 782 fidelitas
1203 720 1238 782 in
1262 719 1331 782 vita
1352 720 1406 802 pri-

298 821 378 876 vata
407 821 439 875 et
469 812 614 897 publica.
660 815 772 878 Minus
801 823 912 878 autem
936 815 1076 880 Romani
1108 838 1147 879 ea
1177 839 1260 902 quae
1285 817 1405 900 ingenia

298 919 432 991 ornant,
467 919 555 974 artes
579 920 611 974 et
635 909 828 996 disciplinas
850 909 1003 976 liberales
1027 911 1197 995 colebant,
1226 923 1324 999 atque
1346 934 1406 998 pro·

298 1005 400 1072 clives
422 1019 515 1072 erant
531 1007 573 1072 ad
590 1029 645 1072 eos
664 1008 812 1074 defectus
835 1031 939 1095 caque
954 1011 1046 1088 vitia,
1070 1031 1156 1095 quae
1175 1012 1295 1075 animis
1310 1033 1407 1096 super·

178 1138 181 1144 ·
297 1106 349 1170 bis
368 1104 483 1170 affinia
502 1116 587 1185 sunt,
612 1104 739 1170 scilicet
753 1105 795 1170 ad
812 1109 964 1191 rigorem,
989 1105 1154 1188 duritiem,
1179 1107 1406 1188 crudelitatem,

297 1224 337 1265 ac
369 1203 539 1267 nationum
564 1203 770 1268 devictarum
803 1206 1049 1290 oppressionem
1080 1215 1112 1268 et
1135 1205 1407 1291 exspoliationem.

298 1299 396 1365 Unde
420 1299 594 1364 ethorum
617 1302 766 1386 gentium
791 1302 867 1366 odia
890 1304 924 1365 in
950 1323 984 1366 se
1008 1303 1269 1367 concitaverunt.

388 1399 417 1462 8.
443 1397 573 1479 Graeci,
598 1421 637 1462 ao
655 1401 838 1483 generatim
854 1401 1003 1464 nationes
1025 1400 1136 1486 stirpis
1151 1400 1240 1466 illius
1255 1401 1407 1483 affinisre,

297 1497 490 1580 praesertim
514 1496 635 1582 imperiii
658 1495 790 1562 dotibus
811 1495 1027 1578 excellebant,
1052 1507 1138 1562 artes
1163 1497 1407 1584 disciplinasque

297 1590 468 1672 liberales,
504 1593 625 1679 quibus
649 1595 720 1658 vita
747 1593 896 1660 redditur
919 1594 1071 1680 jucunda
1100 1603 1139 1658 et.
1153 1605 1264 1680 grata,
1301 1617 1406 1680 magno

299 1689 415 1754 ardore
440 1713 501 1754 nec
525 1693 644 1756 minori
669 1715 823 1756 successu
850 1690 1057 1756 excolebant.
1105 1690 1170 1756 Sed
1194 1695 1294 1756 etiam
1318 1691 1407 1778 philo·

298 1785 450 1874 sophicae
483 1799 515 1852 et
544 1787 746 1874 theologicas
779 1789 1025 1875 disquisitiones
1059 1789 1172 1854 subtili
1197 1793 1318 1854 mentis
1348 1793 1408 1853 acie

298 1888 469 1951 instituere
493 1897 682 1970 pergratum
707 1888 786 1972 ipsis
810 1898 898 1965 erat,
932 1887 1037 1972 iisque
1062 1909 1161 1972 quam
1186 1888 1332 1958 maxime
1352 1887 1407 1972 glo·

297 1983 479 2048 riabantur.
517 1983 751 2067 Imaginationi
775 2007 870 2070 porro
895 1985 1025 2050 ardenti
1050 1995 1082 2049 et
1100 1984 1285 2050 foecundae
1303 1986 1406 2070 juncta

298 2091 368 2146 erat
391 2081 519 2162 levitas,
544 2083 775 2162 inconstantia,
801 2081 965 2148 calliditas
989 2083 1175 2160 artificiosa,
1201 2083 1349 2167 pertidia,
1371 2085 1407 2146 ita

299 2190 336 2244 ut
370 2199 429 2263 per
463 2178 655 2262 antilogium
698 2203 813 2264 praeco
851 2181 933 2265 fides
974 2182 1008 2244 in
1042 2179 1256 2266 proverbium
1292 2178 1407 2242 abierit.
1457 2161 1458 2252 l

298 2275 480 2343 Graeculos
508 2286 544 2341 ut
568 2279 774 2342 effeminatos
802 2288 835 2342 et
861 2278 1015 2363 loquaces
1038 2277 1153 2342 Latini
1177 2275 1405 2361 despiciebant:
1457 2289 1458 2350 i

298 2374 456 2460 subjectis
493 2374 607 2440 durius
636 2375 905 2459 dominabantur,
939 2397 1017 2460 opes
1041 2373 1253 2460 diripiebant.
1300 2373 1405 2439 Graeci
1457 2367 1458 2450 l

298 2495 377 2538 vero
412 2472 492 2537 dum
520 2481 633 2557 poetas
666 2496 756 2554 suos,
790 2473 952 2554 rhetores,
985 2471 1213 2558 philosophos,
1247 2473 1406 2558 scriptores
1457 2503 1458 2544 i

299 2573 406 2636 omnis
429 2573 559 2654 generis
583 2593 762 2656 eorumque
786 2593 885 2657 opera
916 2570 1120 2650 evehebant,
1156 2570 1321 2634 Romanos
1343 2591 1405 2634 con·
1457 2603 1458 2640 3

299 2668 491 2733 temnebant
519 2679 556 2732 ut
578 2669 754 2751 barbaros,
784 2672 841 2755 qui
864 2671 924 2732 vix
948 2669 1129 2733 mediocria
1152 2666 1244 2732 hisce
1267 2669 1302 2731 in
1326 2667 1407 2732 disci·
1457 2707 1458 2718 .

299 2766 398 2852 plinis
422 2766 529 2852 opella
553 2777 715 2832 ostentare
739 2777 901 2853 poterant.
1457 2825 1458 2838 ,

388 2867 419 2930 9.
453 2867 606 2928 Decursu
636 2865 771 2952 quidem
800 2863 1007 2930 saeculorum
1036 2864 1228 2928 commixtio
1258 2861 1405 2948 quaedam
1457 2909 1458 2934 ,

298 2960 495 3026 Latinorum
524 2972 556 3026 et
584 2961 787 3027 Graecorum
821 2963 907 3027 facta
936 2971 994 3026 est.
1040 2961 1112 3026 Imo
1141 2945 1407 3046 eliquanto'tem-
1457 2999 1458 3008 .

299 3081 394 3145 pore,
430 3059 491 3124 sub
520 3059 779 3145 Imperatoribus
809 3061 964 3145 paganis,
1001 3058 1130 3122 cultura
1156 3080 1276 3142 graeca
1299 3058 1407 3122 Romae
1457 3099 1458 3106 .

300 3159 373 3222 visa
396 3167 446 3222 est
477 3156 683 3242 praevalere,
720 3168 819 3244 atque
852 3160 938 3222 iuter
961 3156 1073 3222 fideles
1106 3159 1177 3242 ipsa
1201 3154 1315 3240 religio
1339 3154 1406 3218 chri·
1457 3201 1458 3212 .

300 3257 407 3320 stiaua
432 3256 658 3320 diversitatem
676 3254 765 3319 illam
787 3258 932 3320 maxime
949 3255 1134 3338 mitigabat,
1159 3253 1212 3318 vel
1235 3253 1279 3317 ad
1295 3261 1405 3338 gratam

300 3353 451 3418 vertebat
473 3353 689 3419 harmoniam.
737 3353 802 3418 Sed
831 3353 1045 3440 subsequenti
1070 3363 1195 3428 aetate,
1228 3351 1405 3436 praesertim
1457 3393 1458 3422 ,

300 3451 432 3536 quando
458 3451 534 3516 inde
558 3473 578 3515 a
602 3451 731 3516 saeculo
756 3453 871 3537 quinto
894 3463 1037 3516 exeunte
1062 3452 1161 3514 etiam
1176 3449 1406 3514 vicissitudines
1457 3467 1458 3522 p

299 3551 412 3614 variae
446 3552 479 3614 in
510 3549 738 3634 praedominio
763 3549 957 3615 Occidentis
991 3557 1023 3613 et
1047 3547 1195 3638 Orientis·
1218 3547 1404 3612 acciderunt.
1457 3587 1458 3616 ,

301 3646 507 3711 differentiae
532 3646 607 3711 illac
630 3646 759 3730 indolis,
784 3657 817 3711 et
835 3647 1083 3730 antagonismus
1101 3668 1143 3708 ex
1163 3647 1203 3708 iis
1224 3645 1405 3729 proveniens
1457 3677 1458 3718 q

302 3747 423 3808 iterum
448 3747 593 3830 apertius
616 3735 810 3830 apparuere.
1457 3799 1458 3810 .

392 3843 442 3908 10.
477 3842 617 3906 Accedit
647 3842 691 3906 ad
714 3842 796 3906 baec
819 3843 1004 3905 idiomatum
1028 3839 1211 3915 diuersitas,
1244 3863 1307 3926 qua
1329 3859 1403 3921 sepe·
1457 3877 1458 3912 ,

301 3943 384 4006 ratio
419 3942 504 4006 inter
528 3940 744 4006 Occidentem
778 3949 810 4005 et
834 3939 1004 4005 Orientem
1038 3939 1143 4021 magis
1168 3939 1334 4023 magisque
1363 3933 1402 3996 fir·
1457 3953 1458 4014 i

302 4039 464 4122 mabatur,
489 4040 681 4124 praesertim
707 4039 784 4102 inde
808 4061 827 4102 a
847 4036 976 4101 saeculo
999 4045 1101 4114 sexto,
1127 4057 1227 4120 quum
1245 4031 1402 4100 admodum
1457 4063 1458 4116 q

302 4139 506 4202 minueretur
530 4151 689 4202 uumerus
710 4159 839 4220 corum,
873 4141 929 4222 qui
961 4143 1135 4219 utramque
1157 4131 1302 4218 linguam
1325 4127 1401 4194 calle
1457 4137 1458 4148 ¹

301 4245 385 4300 rent.
433 4235 553 4300 Primis
581 4231 721 4298 saeculis
751 4235 938 4298 christianis
967 4231 1080 4316 lingua
1102 4253 1223 4316 graeca
1249 4229 1330 4318 apud
1353 4227 1402 4289 La·
