3002 4836
294 486 331 538 84
544 483 618 540 XIV.
636 485 677 538 De
695 483 769 540 cirili
788 485 820 540 R.
839 485 978 541 Pontificis
996 487 1159 557 principatu.

297 626 461 713 orbeitunp
492 650 553 691 oms
576 625 718 708 Keilner,
751 629 900 694 Mdnster
925 629 1020 695 1880.
1054 667 1098 677 -
1130 629 1258 695 Mbhler
1281 630 1415 719 (Gams)

296 725 437 790 Histoire
460 726 498 790 dc
522 724 651 811 i'Equsc
680 726 764 792 Tem.
788 728 831 792 II.
859 725 913 792 Ob.
939 729 981 791 ΙΙ.
1005 725 1040 814 §.
1064 731 1095 793 2.
1114 753 1152 816 p.
1178 731 1253 794 127.
1273 767 1317 776 -—
1333 729 1417 794 Her-

294 821 479 908 genrbther,
504 824 545 888 K.
572 823 611 889 G.
635 824 674 888 Β.
698 825 724 888 Ι.
748 827 815 888 493
833 823 867 912 ff
870 847 882 906 ;
913 825 952 890 B.
977 825 1037 890 III.
1062 827 1138 890 188.
1162 825 1255 890 Alios
1278 829 1416 914 scripto-

295 943 348 985 res
371 923 405 987 in
430 923 502 1008 ipse
525 921 754 987 dissertatione
778 921 964 989 citabimus.

836 1300 872 1368 1.

328 1431 398 1494 De
420 1432 587 1497 causis
609 1435 749 1508 atque
771 1427 1033 1510 eventibus,
1058 1429 1229 1510 quibus
1246 1449 1391 1512 prae-

293 1551 500 1626 paratus
533 1551 600 1610 est
637 1547 963 1628 Principatue
999 1547 1163 1612 cicilie
1209 1549 1422 1614 Romani

720 1661 993 1742 Pontificio.

143 1847 194 1889 ,m
244 1844 281 1885 ,m
386 1793 418 1856 4.
442 1792 544 1857 Haud
568 1793 736 1878 inopinate
760 1803 858 1856 etex
882 1793 1061 1878 improviso
1085 1792 1269 1858 dominium
1291 1805 1421 1880 tempo-

157 1855 266 1961 sculidm·
298 1891 366 1956 rale
390 1913 410 1955 a
432 1890 591 1955 Romanis
609 1889 828 1955 Pontificibus
851 1891 1049 1977 acquisitum
1073 1911 1154 1973 esse,
1178 1891 1237 1956 sed
1260 1891 1423 1956 diumrno

299 2001 446 2076 tempore
469 2009 529 2074 per
551 1986 756 2052 saeculorum
781 1987 957 2052 decursum
977 1988 1067 2052 hunc
1089 1991 1313 2075 principatum
1338 1991 1422 2054 civi-

299 2086 363 2152 lem
389 2085 584 2171 disponente
607 2085 817 2172 providentia
840 2085 957 2150 divine
980 2097 1211 2172 praeparatum
1234 2087 1346 2170 fuisse,
1370 2107 1423 2150 re-

300 2205 373 2248 rum
404 2183 541 2248 historiis
573 2182 756 2248 luculenter
784 2184 978 2250 ostenditur.
1025 2184 1294 2248 Fundamentum
1318 2184 1423 2271 hujus

300 2282 506 2368 principatus
545 2280 648 2345 veluti
679 2281 903 2366 praebuerunt
932 2283 1130 2366 patrimonia
1165 2281 1220 2346 illa
1259 2281 1422 2346 ecclesiae

300 2381 479 2460 Romanae,
504 2399 561 2444 seu
590 2379 767 2444 latifundia
789 2379 1007 2464 amplissima,
1032 2379 1153 2466 quibus
1176 2379 1336 2465 paruistim
1360 2401 1425 2466 per

301 2479 489 2563 principum
513 2499 553 2542 ac
576 2476 725 2542 fidelium
747 2479 904 2564 pietatem
919 2477 1021 2543 Sedes
1036 2475 1070 2541 S.
1094 2477 1183 2541 Petri
1208 2476 1312 2542 ditate
1334 2489 1426 2546 erat:

302 2585 335 2640 et
358 2575 504 2640 influxus
528 2575 562 2640 in
587 2597 638 2638 res
662 2569 777 2641 civiles
800 2597 897 2662 quem
922 2576 1061 2638 Romani
1073 2574 1262 2658 Pontifices,
1285 2585 1426 2640 urm-ex

301 2673 541 2759 Imperatorum
566 2695 606 2736 sc
629 2695 744 2757 regum
761 2675 982 2755 concessione,
1004 2682 1075 2736 tum
1099 2681 1233 2759 propter
1254 2671 1427 2739 excelsum

303 2791 396 2836 suam
420 2770 616 2856 dignitatem
649 2781 682 2834 et
713 2771 871 2858 adjuncta
894 2783 1031 2835 externa
1054 2769 1265 2835 exercebunt.
1311 2770 1427 2857 Atque

303 2867 346 2934 ad
369 2867 528 2954 adjuncta
561 2879 698 2932 externe
730 2869 818 2955 quod
852 2871 979 2952 attinet,
1012 2868 1083 2932 fieri
1107 2889 1174 2932 non
1196 2869 1314 2954 potuit,
1339 2871 1426 2955 quin

304 2966 448 3032 maxime
471 2977 633 3032 cresceret
655 2964 710 3030 ille
734 2967 881 3032 influxus
904 2965 1113 3048 Pontificum,
1137 2976 1311 3052 postquam
1335 2966 1425 3032 Lon-

303 3063 441 3150 gobardi
466 3087 622 3150 magnam
645 3075 773 3150 partem
795 3064 911 3129 ltaliae
935 3073 1196 3149 occupaverunt,
1221 3071 1254 3128 ct
1275 3063 1424 3152 reliques

305 3184 435 3249 quoque
447 3164 637 3248 provincias
654 3161 718 3227 sibi
731 3162 908 3248 subjugare
923 3161 1128 3226 studuerunt.
1152 3161 1286 3227 Etenim
1307 3172 1425 3228 contra

304 3261 547 3345 aggressionem
584 3261 714 3324 invisae
743 3259 832 3325 illius
868 3259 1085 3324 barbarorum
1117 3259 1240 3344 gentis,
1273 3259 1423 3326 Orientis

305 3358 523 3445 Imperatores
555 3358 744 3444 frequenter
774 3356 875 3421 Italos
898 3357 988 3422 haud
1018 3359 1097 3422 setis
1120 3357 1351 3440 defenderunt,
1376 3360 1423 3424 ite

305 3455 440 3542 quidem
457 3465 493 3519 ut
516 3457 550 3520 in
565 3455 633 3521 RR.
648 3455 848 3521 Pontificum
872 3454 1015 3536 auxiliis,
1031 3454 1178 3520 consiliis
1201 3465 1234 3520 et
1256 3457 1425 3520 interven-

306 3555 394 3618 tione
425 3573 502 3618 mox
535 3555 634 3618 unica
665 3575 740 3639 spes
772 3565 805 3618 et
836 3552 923 3618 salus
955 3551 1071 3618 Italiae
1104 3553 1209 3639 posite
1241 3551 1423 3618 videretur.

306 3653 395 3716 Hinc
419 3652 565 3716 influxus
588 3673 701 3717 eorum
724 3652 877 3737 politicus
901 3671 1108 3737 summopere
1132 3651 1247 3715 crevit.
1275 3650 1425 3715 Demurn

306 3761 342 3814 ut
374 3750 612 3836 Longcbardos
642 3749 799 3836 repellere
827 3771 963 3835 seseque
992 3751 1079 3814 tueri
1112 3759 1254 3835 possent,
1278 3767 1426 3812 recurre·

306 3857 384 3912 runt
405 3848 473 3914 RB.
497 3849 674 3914 Pontifices
704 3848 747 3913 ad
772 3849 975 3912 Francorum
1007 3869 1111 3933 reges,
1140 3868 1222 3933 quos
1245 3848 1345 3910 etiam
1369 3845 1426 3911 be·

308 3945 434 4010 neiiciis
457 3945 520 4010 sibi
554 3947 786 4012 devinxerunt.
834 3945 932 4011 Unde
960 3946 1085 4010 fectum
1116 3955 1173 4026 est,
1198 3953 1235 4008 ut
1258 3945 1424 4008 exstincta

307 4043 548 4129 Imperatorum
579 4044 786 4110 orientalium
817 4045 851 4107 in
883 4042 1014 4108 Italiam
1047 4042 1287 4123 dominatione,
1320 4051 1354 4106 et
1376 4065 1425 4106 re·

307 4163 419 4227 pressa
451 4143 552 4206 etiam
584 4151 743 4228 potestate
775 4140 1070 4226 Longobardorum
1111 4160 1278 4226 regnoque
1308 4161 1424 4204 eorum

308 4260 432 4320 everso,
465 4240 600 4305 tandem
634 4241 881 4305 aFruncorum
905 4237 1112 4324 principibus
1136 4237 1322 4304 dominium
1347 4249 1425 4302 tens·
