2952 4832
108 1604 468 1724 Dissertatio
508 1603 819 1748 vigesima
854 1603 1075 1748 prima.

46 1853 104 1934 Ile
131 1853 170 1937 S.
199 1851 466 1954 Gregorio
493 1852 579 1934 Vll
609 1851 840 1932 Romano
860 1850 1151 1933 Pontltioe.

125 2387 155 2449 1.
193 2370 307 2447 Altera
338 2382 460 2446 saeculi
484 2383 653 2446 undecimi
677 2393 768 2468 parte
793 2384 827 2446 in
845 2383 929 2448 Sede
945 2385 1094 2449 Romana
1111 2386 1326 2468 ex⁰¹⁵50¹²¹l¹⁰²¹⁸

42 2481 149 2546 ordine
164 2492 391 2558 successerunt
407 2480 592 2565 complures
608 2481 784 2544 Pontifices
799 2481 978 2545 admodum
996 2485 1167 2567 insignes„
1198 2456 1287 2498 ''⁶⁰¹⁰''

41 2601 174 2662 quorum
199 2581 376 2665 praecipue
392 2601 454 2665 ope
478 2601 517 2642 ac
541 2579 760 2642 sollicitudine
784 2601 836 2641 res
853 2579 1021 2643 Ecclesiae
1042 2582 1152 2643 totius-

41 2699 96 2760 que
119 2680 286 2742 societatis
310 2677 519 2758 christianae,
544 2679 701 2762 repressis
716 2676 875 2740 abusibus
892 2680 926 2740 in
951 2677 1067 2742 melius
1082 2700 1152 2741 ver-

40 2800 87 2840 sae
117 2787 205 2841 sunt.
251 2776 342 2839 Inter
369 2797 437 2847 eos,
474 2778 521 2838 uti
545 2797 658 2840 omnes
689 2785 824 2856 norunt,
857 2777 1001 2838 maxime
1032 2777 1154 2839 eminet

41 2897 61 2937 s.
84 2874 263 2960 Gregorius
286 2873 360 2938 Vll.
400 2873 450 2956 „Is
475 2876 563 2937 enim
588 2874 673 2936 sicut
697 2872 743 2936 sol
768 2872 889 2936 effulsit
912 2875 947 2936 in
964 2873 1060 2937 domo
1071 2874 1153 2937 Dei:

39 2995 107 3036 nam
140 2983 258 3058 potens
291 2991 387 3056 opere
419 2983 451 3034 et
484 2993 647 3052 sermone,
687 2969 927 3035 ecclesiasticae
960 2971 1155 3056 disciplinae

38 3067 910 3156 reparandae,fideipropagandae,libertatiEcclesiae
921 3069 1154 3143 restituendae,

37 3169 256 3255 exstirpandis
280 3166 443 3231 erroribus
467 3177 500 3230 et
523 3165 727 3251 corruptelis,
753 3178 843 3230 tanto
866 3167 974 3232 studio
992 3167 1154 3246 incubuit,

38 3278 70 3328 ut
85 3289 127 3330 ex
142 3265 376 3351 Apostolorum
400 3275 507 3329 aetate
531 3264 641 3328 nullus
654 3265 852 3328 Pontificum
877 3265 978 3328 fuisse
997 3265 1154 3346 tradatur,

35 3367 87 3450 qui
120 3366 263 3448 majores
292 3385 350 3448 pro
388 3363 536 3426 Ecclesia
569 3364 634 3427 Dei
667 3361 796 3425 labores
826 3362 1056 3447 molestiasque
1085 3384 1155 3447 per·

36 3463 154 3546 tulerit,
179 3472 237 3526 aut
261 3463 315 3547 qui
341 3483 399 3546 pro
425 3461 495 3546 ejus
519 3460 671 3524 libertate
696 3461 805 3524 acrius
829 3461 1088 3544 pugnaverit.“¹l

122 3625 153 3690 2.
188 3621 238 3686 Eo
264 3623 421 3707 majorem
446 3643 524 3686 vero
540 3621 705 3685 inflexum
731 3623 879 3684 exercuit
894 3619 1073 3704 Gregorius
1091 3621 1154 3684 Vll

35 3723 64 3785 in
90 3725 281 3786 universam
309 3719 491 3784 Ecclesiam
521 3721 778 3804 societatemque
808 3719 1031 3790 christianam,
1067 3718 1153 3802 quod

34 3821 200 3905 principia
231 3841 315 3904 quae
347 3819 417 3904 ipse
447 3819 480 3882 in
511 3817 728 3901 gubernanda
752 3816 902 3880 Ecclesia
933 3819 1156 3901 propugnavit

33 3927 62 3980 ct
78 3927 214 3980 secutus
228 3925 285 3997 cst,
311 3919 409 3979 etiam
428 3916 470 3980 ab
488 3916 558 4000 ejus
574 3915 819 3979 successoribus
836 3915 1004 3978 vindicata
1022 3915 1156 3977 fuerunt

126 4205 143 4245 '··
173 4199 295 4254 Breviar.
321 4199 395 4252 Rom.
422 4199 483 4252 leet.
508 4199 545 4254 Il.
573 4199 649 4253 Noct.
676 4198 703 4250 in
731 4197 801 4252 festo
826 4215 846 4251 s.
872 4197 996 4265 Gregorii
1022 4197 1083 4259 Vll,
1112 4197 1156 4249 oie

32 4281 72 4332 25.
92 4279 170 4334 Maii.
