2922 4832
462 519 570 586 Imperii
590 518 698 573 indoles.
1090 517 1139 568 143

115 661 163 724 43.
201 659 360 724 Debitam
384 659 638 726 submissionem
664 671 696 726 et
719 662 938 724 reverentiam
964 681 1041 742 erga
1056 659 1137 722 Pon-

44 757 145 820 tificem
176 768 209 820 et
238 757 424 822 Ecclesiam
463 758 572 844 quoad
602 760 798 846 praeputium
831 757 968 822 Carolus
1000 757 1045 822 Μ.
1077 758 1138 819 rite

43 855 237 939 agnoscebat,
271 858 318 920 uti
351 857 385 921 id
418 859 568 943 apprime
598 859 796 943 exprimitur
826 855 936 920 verbis
960 854 1139 918 notissimis

44 950 113 1014 illius
135 951 328 1038 Capitnlarii
353 955 392 1018 de
415 955 604 1020 ltoaoruuda
628 954 708 1019 Sede
733 953 938 1041 Apostolicu:
969 954 1006 1016 la
1032 973 1138 1014 atemo-

43 1050 109 1112 riom
129 1051 210 1115 beuti
233 1053 322 1116 Peos·
350 1053 534 1117 honoremus
563 1063 705 1118 eunctom
728 1055 904 1118 Roasoaum
928 1061 956 1114 et
980 1050 1139 1136 Apostoli·

41 1169 96 1208 cau
115 1146 232 1226 Sedent,
256 1160 292 1213 ut
315 1171 394 1235 quoe
417 1151 509 1215 uobis
532 1151 743 1216 sacedotalis
766 1160 866 1213 muter·
892 1160 938 1212 cet
961 1149 1138 1233 dipsitutis,

39 1244 220 1310 caedebant
241 1249 395 1332 moylatru
418 1248 645 1313 ecoleaaett'eoc
667 1250 814 1312 rotioot'e.
855 1246 959 1321 Quare
983 1245 1139 1309 seruanda

39 1352 76 1402 est
94 1365 156 1406 cam
176 1344 419 1410 muaaroetudiac
451 1347 629 1425 humilitas,
662 1358 697 1410 ut
725 1345 799 1409 licet
830 1347 885 1408 orbe
899 1344 1072 1430 fereadum
1100 1341 1139 1405 ul

39 1437 87 1500 illa
106 1451 215 1504 coacta
238 1440 319 1506 Sede
343 1445 526 1530 imponatur
541 1449 663 1534 jupam
679 1443 828 1529 feramus
851 1453 881 1504 ct
890 1443 954 1528 piu
977 1441 1139 1504 deuotione

39 1535 194 1604 toleremus.
236 1539 388 1625 Seipsum
405 1540 589 1627 Imperator
612 1539 744 1606 dicebat
758 1539 917 1604 Ecclesiae
941 1539 1140 1625 defensorum

37 1644 61 1693 ct
75 1636 319 1724 proueueemst)
367 1637 478 1718 Quum
500 1661 579 1703 vero
603 1661 654 1702 res
678 1638 843 1702 humanae
866 1636 1059 1721 plerumque
1082 1635 1140 1700 lm·

37 1732 200 1813 perfectum
227 1735 309 1822 quid
333 1734 487 1818 habeant,
512 1739 635 1823 passim
659 1735 782 1802 accidit
805 1734 950 1821 quidem,
981 1743 1017 1796 ut
1040 1735 1139 1797 etiam

39 1827 159 1896 Carolus
182 1855 289 1919 aequo
314 1835 473 1919 majorem
498 1835 662 1900 inflexum
687 1837 721 1898 in
746 1855 797 1897 res
821 1831 1060 1897 ecclesiasticas
1076 1830 1138 1894 sibi

35 1926 196 2012 tribueret3
232 1941 331 2017 atque
354 1932 532 1998 Pontifices
563 1936 752 2020 permittere
777 1931 829 1996 vel
852 1929 990 1994 tolerare
1013 1928 1139 2013 aliquid

35 2025 85 2088 ista
106 2027 138 2090 in
161 2051 198 2092 re
224 2031 286 2093 visi
311 2042 396 2096 sunt.
422 2031 645 2116 Invigilarunt
669 2043 780 2095 temen
802 2041 873 2093 tum
897 2026 1090 2092 Hadrianus
1113 2025 1139 2104 1,

33 2135 93 2186 tum
106 2125 173 2189 Leo
198 2125 260 2206 Ill,
287 2149 328 2192 ne
355 2130 518 2193 cirninum
534 2128 718 2214 Imperator
740 2126 941 2214 procederet,
966 2144 1051 2188 neve
1062 2125 1138 2209 jura

33 2224 214 2306 temporalia
246 2223 341 2290 Sedis
377 2225 587 2313 Apostolicae
619 2229 654 2290 in
690 2226 849 2292 ditionem
883 2223 1138 2288 ecclesiasticam

32 2317 177 2386 laederet.
197 2321 385 2389 -Similis
406 2325 470 2389 fuit
492 2335 598 2390 status
627 2345 737 2388 rerum
761 2321 822 2388 sub
855 2319 1068 2408 sequentibus
1098 2343 1140 2384 cx

30 2419 119 2502 stirpe
143 2417 254 2484 Caroli
279 2420 548 2507 Imperatoribus.
595 2422 801 2487 studuerunt
831 2418 967 2507 quidem
997 2419 1060 2503 ipsi
1084 2439 1139 2480 au-

32 2536 99 2596 gere
122 2517 289 2583 inflexum
314 2541 408 2585 suum
433 2523 467 2586 in
491 2543 543 2586 res
566 2519 806 2585 ecclesiasticas
829 2528 862 2581 et
885 2518 1066 2596 Romanos,
1094 2527 1140 2578 at-

35 2634 89 2696 que
104 2617 271 2681 interdum
287 2621 387 2684 etiam
409 2620 583 2684 conflictus
597 2619 703 2682 exorti
718 2627 808 2698 sunt3
831 2617 1013 2701 generatim
1029 2625 1139 2678 tamen

32 2708 161 2778 Romani
186 2715 366 2781 Pontifices
397 2720 512 2803 vigore
545 2739 603 2782 suo
636 2727 669 2780 et
692 2716 877 2780 constantia
906 2716 993 2777 inter
1019 2711 1139 2777 limites

32 2807 149 2876 debitos
184 2812 259 2878 illos
292 2817 536 2882 continuerunt.
583 2815 669 2878 Illud
705 2815 897 2899 praesertim
920 2811 1139 2897 Imperatores

29 2906 168 2975 obtinere
194 2912 402 2994 studuerunt,
426 2925 463 2978 ut
486 2913 641 2978 Pontifex
664 2935 730 2976 non
755 2909 929 2997 eligeretur
952 2908 1005 2974 vel
1029 2929 1139 2973 conse-

31 3021 170 3074 craretur
193 3013 266 3074 sine
289 3015 475 3097 praesentia
499 3011 680 3097 legatorum
704 3009 932 3095 Imperatoris3
957 3030 1022 3095 qua
1046 3009 1080 3072 in
1104 3029 1139 3072 rc

27 3101 146 3191 aliquid
171 3108 319 3194 quidem,
344 3110 436 3174 salva
460 3109 612 3174 libertate
635 3108 814 3192 electionis,
840 3107 1006 3171 interdum
1030 3105 1139 3171 Ponti-

25 3199 95 3266 fices
118 3219 364 3273 concesserunt.
410 3206 509 3273 Nulla
532 3219 642 3272 tamen
665 3206 720 3271 lex
748 3197 881 3270 omnino
896 3205 994 3289 firm
1019 3207 1080 3268 ista
1103 3207 1139 3270 in

25 3321 55 3361 re
77 3303 250 3369 invenitur
273 3305 456 3372 observata.

104 3431 160 3496 45.
212 3429 368 3497 Vidimus
395 3455 508 3518 porro,
541 3432 705 3519 quomodo
735 3452 850 3494 versus
881 3429 980 3494 finem
1015 3429 1136 3494 saeculi

24 3529 93 3591 noni
123 3527 284 3615 splendor
317 3529 487 3616 dignitatis
517 3529 696 3618 imperialis
729 3527 909 3593 admodum
943 3528 1137 3592 imminutus

23 3641 60 3685 su
81 3627 142 3691 sub
169 3625 296 3692 ultimis
321 3623 506 3715 Carolingis
529 3640 562 3693 et
585 3627 646 3693 sub
669 3623 929 3713 Imperatoribus
951 3623 1053 3690 Italis.
1082 3625 1138 3692 Ni·

23 3719 198 3790 hilominus
221 3726 320 3790 etiam
352 3728 387 3791 in
410 3725 610 3812 Berengsrio
634 3725 781 3792 Joannes
804 3723 837 3788 X
862 3721 1046 3788 subsidium
1071 3723 1136 3788 effi-

21 3841 78 3884 cax
109 3845 170 3908 pro
206 3822 308 3889 rebus
339 3823 571 3890 ecclesiasticis
602 3825 741 3889 invenit.
771 3861 814 3872 -
847 3820 1136 3904 Quemadmodum

22 3939 92 3986 vero
124 3920 235 3987 libero
268 3921 405 3988 consilio
438 3923 506 3988 Leo
537 3921 588 3988 ΙΙΙ
617 3920 823 4009 imperialem
855 3919 1051 4005 dignitatem
1076 3917 1136 3984 Oa-

21 4017 81 4083 rolo
104 4020 151 4086 M.
179 4019 379 4103 contulerat,
411 4021 458 4086 ita
490 4024 590 4086 etiam
614 4031 727 4106 postea
743 4024 801 4108 jas
824 4018 956 4084 liberum
977 4019 1137 4087 remansit

19 4113 246 4202 Pontificibus,
270 4128 307 4183 ut
331 4141 428 4206 quem
455 4119 593 4205 dignum
619 4129 790 4184 censerent
813 4119 1051 4184 constituerent
1073 4115 1135 4182 Im-

23 4233 229 4244 Ἡ

86 4280 104 4346 ¹)
124 4279 159 4337 V.
180 4277 296 4336 Diaeta
315 4277 375 4335 XV.
396 4293 422 4334 n.
442 4281 484 4336 99.

1164 670 1251 711 Carolus
1268 668 1296 710 1.

1155 733 1177 771 et
1192 741 1299 771 emenso·

1209 803 1250 834 res.
