2904 4834
300 421 354 474 424
615 419 705 476 XVII.
743 420 783 473 De
800 419 943 474 schismate
963 419 1104 474 Photiano.

301 585 444 650 eousque
475 563 591 628 merito
621 586 642 627 a
664 562 782 627 Photio
810 560 1054 644 abstinuerant,
1086 585 1188 648 quum
1212 564 1348 650 Eugenii
1375 575 1401 629 et
1437 603 1438 610 .

299 660 395 726 Pauli
418 660 600 746 legatorum
631 661 752 744 agendi
782 662 865 725 ratio
896 662 977 746 ipsis
1007 671 1160 746 suspecta
1191 684 1261 726 esse
1291 675 1401 747 posset:
1437 703 1438 708 κ

301 779 362 822 nee
385 768 532 844 apparet,
564 757 728 842 quomodo
753 757 794 821 de
818 757 977 822 fidelitate
1002 781 1068 844 qua
1090 769 1188 822 antea
1210 759 1337 844 ignatio
1358 760 1402 823 sd·
1437 751 1438 768 ¹

300 854 474 920 haeserant
498 866 530 919 et
545 855 664 918 Photio
688 857 876 920 restiterant
894 856 971 942 jure
994 855 1290 940 reprehendantur.
1321 857 1402 920 Forte
1437 879 1438 928 1

300 951 387 1018 hano
411 952 581 1038 epistolam
606 955 767 1039 suspicari
791 952 904 1018 liceret
920 955 1125 1039 suppositam
1149 976 1238 1034 esse;
1263 957 1404 1038 potuisset

300 1052 388 1114 enim
413 1052 589 1134 instigante
613 1049 840 1115 Santabareno
855 1051 1033 1115 Zacharias
1048 1051 1252 1116 Ananiensis
1275 1055 1339 1138 qui,
1361 1053 1404 1116 de·

299 1147 412 1211 functo
437 1147 614 1212 Anastasio
639 1157 675 1211 nt
699 1147 840 1230 videtur,
866 1171 903 1212 eo
928 1159 1075 1235 tempore
1098 1149 1205 1213 factus
1230 1161 1280 1214 est
1301 1149 1404 1214 Biblio-

299 1245 481 1326 thecarius‚
516 1244 570 1308 vel
600 1245 684 1310 alius
708 1246 845 1331 quidam
869 1247 1024 1328 clericus,
1059 1246 1222 1332 ejusmodi
1247 1247 1405 1311 documen·

300 1355 369 1407 tum
394 1343 566 1408 conficere.
598 1342 749 1406 Habetur
772 1353 883 1409 tamen
901 1342 1038 1430 epistola
1063 1343 1145 1408 haec
1168 1346 1203 1408 in
1221 1343 1404 1408 Collectione

299 1441 511 1526 epistolarum
536 1439 801 1504 authenticarum
824 1441 965 1506 Joannis
988 1441 1114 1527 VHI.¹)

177 1555 188 1583 ¹
264 1555 287 1582 ³·
391 1539 463 1602 115.
490 1535 574 1601 Cum
599 1539 782 1601 oratoribus
804 1538 1016 1624 Imperatoris
1035 1539 1150 1604 Basilii
1167 1540 1315 1604 loannes
1336 1537 1404 1602 l'lll

299 1657 423 1701 novum
454 1635 598 1720 legatum
629 1633 947 1720 Constantinopolim
979 1637 1101 1702 direxit
1123 1638 1248 1700 Petram
1279 1636 1359 1700 tituli
1386 1659 1405 1700 s.

300 1732 507 1818 Chrysogoni
532 1732 763 1818 presbyterum
789 1733 1017 1818 Cardinalem,
1048 1736 1104 1820 qui
1130 1734 1260 1799 duobus
1283 1734 1353 1798 aliis
1373 1733 1405 1796 Ie-

298 1835 383 1917 gatis
407 1831 510 1896 Paulo
536 1841 568 1893 et
582 1830 733 1915 Eugenio
758 1833 792 1896 in
814 1831 951 1896 Oriente
969 1833 1041 1918 jam
1067 1831 1265 1916 degentibus
1287 1831 1406 1916 adjunc-

299 1941 364 2011 tus,
400 1928 557 1994 ecelesiae
583 1927 736 1994 CPtanae
770 1939 890 1993 statum
924 1929 1107 1993 secundum
1141 1928 1299 1994 mandata
1326 1929 1406 1993 Sedis

299 2026 508 2112 Apostolieae
539 2029 573 2089 in
604 2027 851 2090 commonitorio
884 2037 1037 2092 contenta
1071 2037 1291 2112 componeret.
1338 2028 1405 2090 Pau-

298 2126 366 2190 lum
392 2136 423 2188 et
437 2125 625 2210 Eugenium
641 2125 796 2190 Pontifex
818 2125 1081 2210 reprehendebat
1103 2125 1242 2211 epistola
1270 2125 1312 2188 ad
1334 2127 1406 2209 ipsos

299 2225 386 2302 data,
411 2222 499 2308 qnod
522 2224 665 2309 primam
687 2221 885 2306 legationem
910 2245 975 2286 non
1000 2222 1117 2288 idonee
1139 2223 1341 2306 peregissent
1355 2243 1403 2285 nec

297 2320 485 2402 rediissent3
510 2329 621 2384 tamen
646 2320 838 2405 apostolicae
861 2322 1074 2384 miserationis
1099 2321 1289 2404 benignitate
1313 2333 1404 2382 utem.

299 2441 354 2482 cos
378 2419 495 2482 iterum
520 2427 556 2480 ut
578 2416 702 2502 legatos
725 2418 822 2481 Petro
846 2417 1015 2504 adjungit,
1041 2439 1192 2498 monens,
1223 2426 1259 2480 ut
1272 2413 1405 2500 fideliori

298 2516 460 2580 dovotione
485 2516 595 2578 omnia
618 2524 778 2600 peragant
794 2515 960 2580 secundom
982 2515 1173 2602 apostolicos
1195 2525 1322 2578 trasmae
1346 2537 1403 2575 aar·

300 2615 438 2678 totitatis
461 2616 567 2700 apices
591 2624 621 2676 ct
644 2612 812 2677 secundum
835 2615 1065 2676 commonitorii
1087 2613 1188 2676 nostri
1211 2623 1345 2676 terrorem
1365 2635 1403 2674 ca·

292 2711 461 2800 pitulatim
484 2709 715 2796 descriptumd)
739 2711 922 2774 —Petrus
952 2712 985 2774 in
1017 2712 1143 2795 regiam
1167 2709 1282 2774 urbem
1306 2730 1404 2796 perro-

299 2810 348 2873 nit
371 2831 483 2873 mense
507 2806 689 2872 Novembri
713 2809 792 2872 anni
818 2809 892 2888 879,
918 2807 1066 2894 duosque
1088 2807 1214 2892 legatos
1232 2807 1305 2892 jam
1328 2829 1404 2892 prae·

298 2917 405 2970 sentes
440 2905 504 2970 eibi
540 2907 688 2970 sociavit.
744 2905 904 2990 Magnum
939 2927 1018 2969 sane
1054 2904 1302 2970 incommodum
1338 2914 1403 2982 erat.

299 3005 386 3092 quod
411 3004 559 3088 linguam
583 3025 737 3086 graecam
761 3003 932 3068 Pontificis
957 3004 1048 3067 missi
1072 3024 1140 3066 non
1163 3000 1329 3067 callerent

138 3109 279 3152 rasenna-
390 3101 463 3167 116.
488 3097 627 3164 Photius
657 3101 758 3185 igitur
788 3099 958 3163 Pontificis
990 3099 1116 3164 litteras
1146 3109 1179 3163 et
1208 3101 1403 3164 commonito-

184 3171 229 3214 ω’
298 3203 400 3280 rium,
435 3200 544 3284 specie
576 3196 710 3282 quidem
742 3219 780 3260 ea
805 3198 1003 3262 documenta
1035 3199 1069 3260 in
1093 3219 1247 3281 graecam
1271 3197 1403 3283 linguam

299 3296 465 3378 vertendi,
491 3295 532 3362 ab
558 3295 676 3359 iisdem
700 3294 816 3380 legatis
840 3293 970 3376 elicuit3
1002 3294 1060 3359 sed
1083 3317 1214 3377 revera,
1239 3305 1276 3358 ut
1300 3317 1336 3359 ea
1356 3313 1402 3378 pro

298 3395 434 3460 arbitrio
459 3414 517 3458 suo
542 3403 693 3474 mutaret,
725 3402 902 3475 truncaret,
934 3402 967 3456 et
989 3391 1212 3477 interpolaret.
1260 3392 1350 3472 Quae
1370 3387 1403 3452 ab

299 3515 335 3558 eo
362 3491 468 3557 deleta
492 3500 582 3570 sunt,
607 3512 692 3576 quae
717 3489 845 3572 addita,
870 3512 955 3577 quae
979 3491 1167 3570 immutata,
1193 3490 1335 3554 ostendit
1355 3489 1402 3552 ita-

297 3591 411 3654 ronius
435 3589 477 3653 ad
501 3613 530 3653 a.
557 3589 620 3652 879
645 3611 677 3652 n.
703 3588 722 3652 6
744 3610 813 3674 sqq.
834 3611 876 3652 ex
891 3585 1137 3674 exemplaribus
1151 3589 1315 3671 genuinis,
1334 3607 1402 3672 quae

299 3691 333 3752 in
349 3688 490 3752 loannis
514 3684 597 3750 VIII
621 3687 770 3770 Regestis
794 3697 925 3750 servata
949 3697 1035 3767 sunt,
1060 3683 1187 3750 collatis
1212 3707 1287 3749 oum
1309 3683 1401 3748 Photii

298 3785 506 3850 versionibus
537 3786 571 3848 in
596 3783 730 3867 Synodo
760 3806 839 3848 mox
868 3783 983 3849 habita
1013 3784 1168 3848 recitatis.
1216 3783 1400 3868 Praecipuae

299 3883 524 3968 corrupti0nes
548 3891 624 3946 sunt
648 3883 745 3945 istae:
773 3881 808 3944 1⁰
833 3881 946 3960 Qumn
960 3881 1108 3946 loannes
1128 3879 1302 3962 Synodum
1324 3899 1401 3944 oecu-

374 4112 393 4175 ¹)
412 4112 444 4166 V.
465 4109 676 4180 Hergenrtther‚
695 4109 816 4173 Photide,
835 4109 866 4164 T.
886 4110 922 4166 ΙΙ.
942 4126 967 4178 p.
987 4110 1048 4165 389.

373 4191 396 4260 ²)
415 4192 465 4260 sp.
486 4193 553 4259 aaa
573 4191 663 4246 tatoe
681 4191 729 4244 rx.
750 4192 808 4244 ras.
