2904 4834
317 528 467 584 Concilium
487 528 684 583 oecumenicum
702 536 835 585 octavum.
1081 535 1134 590 403

40 674 117 738 decet
137 674 376 758 imperatoriam
400 681 604 757 potestatem,
629 682 686 738 aut
709 695 748 738 ea
771 675 879 738 facere
903 697 987 761 quae
1011 677 1134 742 doctm-

38 771 108 836 cnda
123 781 203 848 sunt,
227 781 285 833 aut
300 791 340 834 ea
359 769 526 834 destruere
545 793 629 856 quae
644 793 711 835 non
726 771 925 838 destruenda
941 776 1134 841 consistunt.

38 869 107 934 (um
128 889 201 954 ergo
225 889 387 932 consensu
410 878 466 932 tuo
491 868 710 954 chirographa
733 870 821 933 facta
845 870 976 952 fuerint,
1001 873 1134 938 simale

36 968 222 1047 consensisti,
254 964 364 1051 palam
387 968 624 1050 poenitentiam
648 989 709 1052 age
717 1018 725 1049 ,
760 977 792 1031 et
819 968 907 1053 quod
938 969 1043 1034 fecisti
1068 993 1134 1036 non

35 1065 120 1144 clam,
150 1063 207 1128 sed
239 1063 348 1149 palam
372 1062 512 1128 destrue.
560 1063 637 1130 Jam
668 1087 746 1129 vero
771 1066 798 1128 si
822 1065 1036 1132 benefecisti
1061 1089 1134 1132 con-

34 1161 195 1242 sentiendo,
221 1171 259 1226 ut
273 1160 351 1227 Sedi
367 1161 577 1246 Apostolicae
600 1184 659 1247 pro
683 1162 793 1228 futura
817 1163 944 1228 cautela
960 1164 1077 1230 fierent
1091 1165 1134 1232 ab

32 1262 177 1346 episcopis
200 1259 435 1344 chirographa:
464 1259 680 1345 quamobrem
704 1283 752 1342 ea,
776 1263 948 1345 poenitens
972 1262 1133 1348 debono,

31 1357 152 1440 sublata,
176 1359 244 1440 tegi
269 1357 458 1420 consentis?
485 1357 562 1422 Jam
580 1379 658 1421 vero
683 1359 709 1421 si
724 1359 846 1440 fateris,
871 1360 959 1445 quod
976 1383 1042 1427 non
1056 1371 1134 1427 voto

30 1468 74 1520 tno
89 1457 210 1520 factum
231 1455 340 1537 inerit,
365 1465 402 1518 ut
416 1455 624 1519 auferrentur
638 1455 866 1542 chirographa,
883 1460 1134 1544 respondemus:

31 1555 101 1618 Tum
131 1554 258 1640 liquido
291 1550 433 1638 patebit,
473 1561 551 1616 voto
588 1563 644 1617 tuo
675 1575 742 1618 non
772 1554 875 1619 fnisse
906 1565 1034 1622 tantum
1067 1559 1132 1644 pia·

29 1653 124 1716 culum
149 1653 371 1730 commissum,
397 1672 472 1714 cum
496 1650 556 1714 hos
580 1651 788 1736 distringens,
814 1675 895 1738 quos
919 1656 1052 1720 sicariis
1075 1678 1133 1741 pro

29 1751 163 1814 custodia
187 1749 325 1831 dedisti,
360 1771 444 1833 quae
468 1747 579 1812 ablata
603 1759 696 1831 sunt,
731 1771 785 1814 eos
808 1751 945 1816 reddere
965 1751 1041 1837 jure
1065 1763 1134 1818 coii—

28 1851 110 1931 geris.
161 1847 278 1932 Neque
311 1848 399 1910 enim
434 1846 490 1910 alii
528 1845 651 1911 debent
684 1850 855 1912 restituere
885 1849 939 1912 vol
973 1853 1134 1936 corrigere

29 1949 48 2008 si
75 1946 152 2032 qnid
182 1947 299 2009 vicarii
330 1943 562 2030 perdiderunt,
598 1945 648 2008 vel
680 1946 706 2009 si
737 1946 816 2031 quid
842 1948 965 2010 sinistri
989 1951 1133 2034 perpessi

28 2058 101 2112 sunt.
125 2045 190 2108 nisi
214 2042 272 2125 illi,
297 2044 353 2128 qui
377 2042 437 2106 hos
461 2063 536 2106 cum
561 2044 629 2106 suis
649 2043 802 2106 omnibus
823 2044 865 2107 ad
881 2044 1134 2110 custodiendum

27 2153 204 2206 reverenter
227 2150 259 2203 et
282 2138 479 2204 salvandum
511 2141 685 2224 insigniter
708 2143 919 2225 imperatoria
942 2144 1065 2229 pietate
1088 2167 1134 2208 re-

26 2244 206 2325 ceperunt.“

103 2338 172 2420 „At
196 2357 274 2400 vero
293 2336 477 2420 Imperator
504 2335 555 2399 his
579 2335 701 2400 auditis
725 2339 901 2400 accersivit
924 2339 1077 2421 vicarios,
1102 2349 1304 2403 etflatituuntur·

25 2439 64 2500 eis
85 2437 198 2501 omnia
222 2431 441 2518 chirographa
464 2433 625 2515 reddidit,
660 2435 706 2497 ita
736 2444 772 2497 ut
802 2457 863 2498 nec
890 2457 994 2500 unum
1019 2436 1134 2502 saltem

26 2534 127 2596 deesse
152 2541 333 2618 putaretur,
358 2530 489 2594 dicens:
514 2531 584 2614 Ego
610 2530 745 2616 quidem
768 2539 805 2594 ut
828 2533 1019 2616 magistram
1035 2535 1135 2598 eccle·

28 2633 226 2694 siasticorum
254 2631 461 2713 negotiorum
485 2627 604 2693 Sedem
628 2627 854 2714 Apostolicam
887 2651 945 2716 per
975 2653 1064 2696 meos
1094 2631 1135 2696 le·

24 2743 107 2812 gatos
130 2727 214 2808 adii,
246 2736 279 2790 et
301 2726 375 2791 ideo
400 2737 542 2790 vestram
566 2728 788 2810 praesentiam
811 2728 1027 2810 praestolatus
1051 2753 1134 2812 sum,

24 2838 53 2890 ut
74 2838 184 2890 vestro
207 2825 337 2890 decreto
366 2833 399 2888 et
428 2824 559 2888 solertia
582 2823 722 2888 ecclesia
746 2834 857 2888 nostra
880 2827 1027 2891 remedia
1051 2831 1134 2893 sani·

23 2928 89 2989 tatis
111 2926 284 3008 reciperet,
310 2933 342 2986 et
364 2942 424 2986 nos
447 2943 512 2986 non
533 2923 651 2985 nostris
668 2923 821 3003 motibus,
847 2925 904 2987 sed
919 2934 1047 2989 vestrae
1065 2949 1134 2990 sen-

23 3025 134 3086 tentiae
159 3041 359 3107 pareremus.
407 3019 494 3104 Ergo
520 3019 738 3104 chirographa
771 3043 855 3105 quae
887 3043 906 3084 a
937 3025 1056 3087 nostris
1087 3047 1134 3087 sa-

23 3119 206 3184 cerdotibus
236 3141 275 3182 ac
299 3119 428 3182 crunctis
452 3117 579 3181 clericis
603 3115 778 3181 salubriter
809 3121 963 3204 exegistis
987 3123 1134 3207 recipite,

22 3233 47 3280 et
62 3217 201 3303 spiritali
217 3217 302 3302 patri
325 3224 434 3279 nostro
450 3217 655 3279 sanctissimo
671 3215 782 3300 Papae
799 3228 1050 3302 repraesentate.
1083 3219 1135 3284 Ita

21 3330 52 3378 ut
73 3319 97 3379 si
124 3317 200 3402 quis
223 3335 335 3378 eorum
366 3335 425 3398 per
455 3312 596 3398 abrupta
628 3315 783 3376 vitiorum
815 3314 867 3377 vel
899 3315 998 3380 devia
1026 3319 1132 3401 pravi·

20 3425 118 3477 tatum
151 3412 246 3476 solito
280 3412 433 3476 incedere
464 3433 553 3475 more
584 3412 775 3491 tentaverit,
809 3411 860 3475 his
890 3411 1133 3498 quodammodo

21 3509 56 3572 ab
79 3515 128 3576 eis
152 3509 366 3592 refraenatur,
391 3519 423 3573 et
446 3508 566 3572 talibus
590 3507 667 3571 loris
690 3508 733 3572 ad
755 3518 882 3573 rectum
902 3509 1051 3595 justitiae
1072 3520 1134 3576 tra-

21 3611 127 3674 mitem
153 3616 336 3672 revocetur.
361 3645 404 3654 -
430 3606 503 3686 Quo
528 3605 615 3670 sacto
640 3607 756 3668 vicarii
780 3609 901 3690 gavisi,
932 3605 1060 3670 libellos
1083 3631 1133 3671 ac·

20 3715 125 3792 reptos
150 3705 247 3770 nobis
277 3715 372 3769 caute
402 3703 597 3769 deferendos
621 3703 845 3768 tradiderunt:
879 3707 935 3790 qui
968 3703 1133 3788 videlicet,

19 3819 191 3890 antequam
217 3801 386 3867 remeandi
410 3803 453 3866 ad
477 3802 618 3888 patriam
642 3802 704 3865 iter
727 3803 959 3888 arripuissent,
992 3806 1133 3887 separati

20 3925 143 3984 sumus,
169 3902 247 3988 quia
271 3923 290 3964 a
314 3900 501 3983 Dyrrachio
526 3900 661 3983 navigio
686 3901 838 3963 venimus
863 3899 1055 3985 Sipontum,
1081 3900 1134 3964 de-

20 3999 90 4063 inde
114 4013 242 4064 terreno
259 3999 376 4062 itinere
391 3997 631 4080 Beneventum,
655 3995 811 4080 posthaec
828 3997 977 4078 Romam,
1003 3997 1133 4062 eoadem

18 4095 142 4162 libellos
166 4107 344 4182 portantes.
390 4095 482 4158 Missi
507 4114 585 4158 vero
609 4093 706 4158 Sedis
729 4094 938 4180 Apostolicae
966 4118 986 4158 a
1009 4097 1131 4179 Dyrra·

20 4195 89 4258 chio
114 4195 213 4260 simili
238 4195 336 4259 modo
360 4215 481 4257 navem
504 4193 642 4276 ingressi
668 4192 841 4257 Anconam
865 4193 1031 4278 petebant.
1067 4193 1133 4259 Sed

21 4292 252 4356 sclavenorum
286 4293 409 4376 piratas
443 4291 662 4371 incurrentes,
705 4291 816 4353 omnia
848 4313 933 4376 quae
966 4291 1133 4374 possidere

973 4396 1025 4449 26*
