2922 4832
308 483 361 536 148
550 477 625 534 XIX.
657 477 863 534 Controversiae
881 483 911 534 et
928 478 1038 548 Imperii
1057 479 1169 536 indoles.

308 626 361 688 vis
376 623 479 710 aliqui
492 625 534 706 (e.
548 645 580 706 g.
597 620 741 702 Gfrbrer,
757 620 801 687 Κ.
814 619 856 686 G.
864 621 902 687 B.
913 621 975 688 111.
993 644 1025 708 p.
1044 622 1144 709 1255)
1158 624 1334 708 genuinam
1349 645 1408 688 ean

309 743 379 786 esse
396 719 586 786 defendant.
609 719 728 784 Nostro
745 727 901 806 tempore,
917 729 994 784 ante
1010 721 1074 784 tria
1097 720 1166 784 fere
1183 719 1351 798 decennis,
1373 723 1407 784 in·

310 830 430 884 ventus
445 829 494 882 est
512 820 548 882 in
561 816 722 880 archiviis
738 815 993 882 Trevirensibus
1008 840 1028 881 a
1042 817 1083 882 cl.
1107 817 1201 882 Floss
1229 817 1314 884 alins
1335 821 1409 905 isque

310 916 412 981 multo
437 915 588 980 diffusior
609 924 721 978 textus
744 913 843 1000 hujus
867 914 1077 996 documenti,
1108 917 1143 980 in
1168 916 1282 981 codice
1304 919 1357 1003 qui
1377 917 1409 980 ad

310 1013 478 1080 saeculum
502 1011 572 1076 XII
597 1012 747 1076 refertur.
793 1010 877 1076 Inde
901 1034 989 1076 nova
1004 1015 1229 1078 controversia
1251 1016 1336 1078 inter
1355 1037 1411 1078 eru·

177 1111 185 1140 ¹
205 1110 268 1140 ''¹⁰''
310 1114 395 1179 ditos
419 1121 533 1175 exorta
557 1119 615 1175 est.
661 1109 755 1173 Floss
779 1130 852 1174 eam
877 1113 1073 1174 sententiam
1095 1121 1220 1193 tuetur,
1249 1111 1339 1177 hunc
1358 1111 1411 1176 lon·

309 1213 434 1296 giorem
465 1231 535 1272 esse
567 1217 695 1272 textum
727 1205 921 1292 originalem
945 1207 1146 1294 Diplomatis
1178 1211 1332 1294 genuini,
1363 1233 1412 1274 nec

309 1305 498 1371 mirandum
532 1304 621 1390 quod
651 1305 694 1368 ad
721 1304 802 1370 talia
826 1305 1001 1391 privilegia
1026 1305 1089 1371 sibi
1114 1306 1328 1372 concedenda
1349 1307 1411 1374 Otto
1448 1333 1449 1392 3

309 1404 456 1468 Leonem
480 1403 565 1467 VIII
588 1403 782 1483 adduxerit3
806 1413 935 1468 textum
965 1402 1152 1468 breviorem
1182 1427 1253 1470 esse
1277 1427 1413 1491 compen·
1448 1481 1449 1486 γ

310 1501 402 1566 dium
427 1501 594 1586 quoddam
618 1499 856 1586 Diplomatis.¹)
895 1499 962 1565 Alii
988 1524 1066 1566 vero
1091 1525 1164 1567 eam
1188 1513 1414 1589 proposuerunt
1448 1527 1449 1586 q

310 1600 521 1681 sententiam,
552 1597 635 1662 haec
660 1620 730 1662 esse
755 1597 955 1663 documenta
978 1621 1063 1686 quae
1087 1602 1253 1685 pertinent
1278 1601 1323 1666 ad
1346 1602 1414 1666 Oen·

309 1697 481 1762 cordatum
505 1694 558 1760 vel
581 1694 729 1778 Bullam,
761 1718 860 1782 quam
885 1695 1034 1762 obtinere
1057 1697 1200 1762 voluerit
1223 1697 1303 1764 Otto
1326 1722 1345 1764 a
1365 1699 1413 1764 Le
1448 1729 1449 1782 ,

308 1815 371 1858 one
394 1793 489 1858 VIII.
534 1792 705 1878 Rescripto
729 1793 851 1858 fusiore
874 1815 944 1858 rem
968 1795 1105 1881 ejusque
1127 1808 1325 1879 argumenta
1347 1797 1415 1861 Pon·

308 1892 389 1956 tifici
415 1893 553 1977 exponi,
588 1889 825 1955 altercantem
858 1902 952 1957 textu
975 1891 1121 1957 breviori
1148 1893 1292 1958 formam
1315 1893 1414 1958 Bullae
1448 1959 1449 1964 ,

308 1989 480 2070 contineri,
504 1989 553 2052 uti
578 1988 693 2053 eadem
719 1988 759 2052 ab
784 1987 988 2074 Imperatore
1013 1991 1273 2057 desiderabatur.
1300 1991 1415 2058 Utrum·

307 2108 372 2173 que
397 2084 553 2150 videlicet
571 2086 806 2150 documentum
830 2088 865 2150 in
882 2085 1089 2152 Cancellaria
1112 2087 1244 2154 Ottonis
1269 2113 1341 2154 esse
1355 2112 1415 2154 con·
1448 2165 1449 2178 ,

306 2185 448 2266 fectum,
487 2193 522 2260 ut
559 2183 713 2248 Pontifici
751 2196 998 2270 proponeretur.
1057 2184 1230 2251 Caeterum
1265 2187 1415 2252 destitisse
1448 2235 1449 2240 η

308 2282 464 2349 Ottonem
495 2305 515 2345 a
548 2279 684 2346 consilio
709 2303 786 2364 suo,
820 2305 923 2366 quum
955 2285 1145 2367 agnovisset
1175 2284 1255 2350 talia
1288 2285 1415 2350 obtineri

309 2403 376 2446 non
399 2401 503 2465 posse,
529 2381 594 2445 imo
620 2379 782 2465 ejusmodi
797 2379 970 2465 postulatis
994 2380 1174 2467 periclitari
1189 2405 1228 2446 ea
1251 2406 1339 2470 quae
1357 2384 1416 2469 jan

307 2479 504 2544 obtinuerat.
538 2477 628 2542 Hinc
652 2479 819 2542 suffecisse
843 2479 873 2542 ei
883 2479 1110 2563 juramentum
1135 2497 1416 2546 commemoratum

308 2600 328 2642 a
351 2577 509 2641 Romanis
532 2577 727 2661 praestitum
751 2575 792 2638 de
815 2576 977 2641 Pontifice
1000 2598 1067 2640 non
1091 2577 1242 2662 eligendo
1268 2581 1341 2643 sine
1366 2577 1417 2642 lm·

308 2675 468 2760 peratoris
496 2672 700 2758 consensu.²)
747 2673 840 2738 Haec
871 2675 1051 2760 suppositio
1082 2673 1173 2739 haud
1201 2675 1417 2761 improbabilis

308 2772 445 2860 quidem
468 2772 614 2851 videtur,
649 2782 747 2858 atque
778 2773 825 2836 ita
858 2794 900 2836 ex
931 2771 1129 2837 documento
1153 2773 1216 2839 boc
1240 2773 1352 2859 colligi
1373 2795 1417 2858 po·
1448 2729 1449 2809 l

308 2878 381 2948 test,
407 2868 513 2954 qualis
536 2869 636 2933 fuerit
652 2868 784 2934 Ottonis
807 2869 853 2933 M.
878 2869 987 2955 quoad
1011 2870 1216 2955 imperialem
1231 2870 1416 2956 dignitatern

309 2967 488 3047 sententia,
521 2977 552 3030 et
585 2989 669 3052 quae
700 2968 770 3052 ipse
801 2965 988 3030 intenderit.
1037 2967 1116 3031 Veri
1149 2966 1291 3033 similius
1319 2981 1417 3032 tamen

311 3086 495 3146 censerem,
529 3063 764 3129 documentum
794 3063 877 3127 illud
910 3065 1088 3128 confictum
1121 3065 1223 3130 fuisse
1256 3089 1323 3152 quo
1352 3079 1418 3129 tem·

309 3183 389 3248 pore
418 3160 460 3225 lis
492 3161 533 3226 de
561 3161 771 3226 Investituris
803 3160 951 3227 ardebat.
999 3160 1119 3227 Sedulo
1149 3166 1237 3228 enim
1262 3163 1373 3230 labore
1393 3178 1417 3224 et
1448 3181 1449 3192 ¹

309 3259 514 3346 amplissima
538 3261 633 3346 copia
658 3263 691 3324 in
715 3258 778 3324 boc
803 3261 923 3344 scripto
948 3281 990 3323 ex
1013 3257 1199 3345 Scriptura,
1225 3261 1372 3345 synodis,
1393 3271 1418 3322 et

310 3356 447 3421 historia
472 3359 656 3444 conquisita
680 3367 843 3443 apparent
872 3359 983 3422 omnia
1013 3368 1208 3442 argumenta
1232 3369 1265 3422 et
1288 3361 1417 3423 testimo·

309 3457 383 3538 nia,
417 3455 604 3540 exquibus
636 3456 897 3542 praeeminentia
930 3455 1093 3541 quaedam
1126 3459 1298 3542 potestatis
1323 3455 1417 3520 civilis

309 3575 389 3639 prae
413 3551 635 3617 ecclesiastica
655 3552 848 3618 deducatur.
895 3552 963 3617 Ista
993 3555 1103 3639 potius
1135 3555 1279 3619 innuunt
1312 3555 1416 3618 disser-

310 3653 468 3716 tationem
493 3652 556 3714 viri
581 3651 711 3732 eruditi,
737 3652 793 3737 qui
817 3673 859 3714 ex
881 3649 1031 3736 partibus
1048 3651 1288 3737 Imperatorum
1313 3651 1417 3717 stabat

310 3771 455 3835 suaeque
488 3748 729 3813 elucubrationi
767 3748 836 3813 ficti
872 3747 1070 3833 Diplomatis
1107 3751 1250 3834 speciem
1292 3749 1416 3814 dederit

310 3868 411 3932 quam
445 3847 680 3912 documentum
709 3868 824 3933 reapse
857 3848 891 3911 in
926 3843 1131 3910 Cancellaria
1163 3845 1294 3912 Ottonis
1323 3859 1416 3910 aetate

311 3946 540 4031 compositum.
587 3945 696 4030 Aegre
719 3965 850 4032 quoque
882 3945 1024 4029 supponi
1055 3953 1170 4030 potest,
1202 3967 1240 4008 ea
1272 3967 1357 4031 qnae
1384 3943 1416 4005 de

386 4178 406 4248 ¹)
425 4178 459 4234 V.
477 4177 562 4244 Floss,
581 4177 632 4232 Die
650 4174 807 4245 Pspstwahl
825 4181 907 4230 unter
925 4175 977 4231 den
989 4175 1109 4230 Ottonen
1128 4182 1179 4232 etc.
1204 4176 1338 4245 Freiburg
1351 4173 1414 4230 leod

385 4256 410 4328 ²)
428 4257 484 4312 Otr.
503 4257 598 4313 Heiele
617 4257 646 4312 C.
665 4257 707 4324 G,
726 4257 758 4313 B.
777 4256 825 4312 IV.
845 4257 869 4327 ξ.
888 4257 950 4312 522.
