3002 4836
416 503 456 558 De
473 503 563 559 indole
581 503 670 559 cultus
688 503 845 574 imaginum.
1155 515 1189 569 65

84 647 180 711 cultus
201 647 380 712 distinctus
402 669 422 710 a
446 647 537 711 eultu
555 669 613 712 seu
628 647 750 714 honore
775 649 878 732 civili,
902 651 1060 719 videlieet
1082 656 1188 723 cultus

83 743 242 833 (αἱρήσω.
282 783 326 792 -
364 745 482 810 Merito
516 743 641 809 cultum
668 745 857 831 religiosum
888 748 1121 836 distinguimus
1154 757 1188 821 in

82 843 194 906 cultum
216 865 399 929 supremum
431 844 489 928 qui
513 842 572 906 soli
597 843 669 907 Deo
698 844 826 909 infinito
851 857 883 910 et
906 851 1053 915 omnium
1078 875 1187 919 rerum

82 941 213 1006 Domino
227 941 398 1022 tribuitur,
423 951 456 1005 et
478 938 604 1005 cultum
618 941 803 1028 inferiorem
826 945 882 1030 qui
907 945 1085 1014 exhibetur
1098 973 1188 1016 sanc-

79 1042 114 1102 tis
136 1039 195 1103 Dei
219 1039 358 1120 amicis3
382 1039 473 1123 prior
487 1037 608 1102 dicitur
623 1038 731 1103 cultus
747 1039 873 1125 Ζαινίαε,
898 1049 1057 1129 posterior
1080 1049 1188 1115 cultus

79 1137 185 1202 duliae.
215 1175 261 1186 —
295 1137 472 1202 Praeterea
504 1135 610 1201 oudtus
634 1135 794 1202 absolutas
818 1149 881 1222 est,
905 1143 932 1205 si
955 1143 1113 1228 perfectio
1137 1168 1187 1211 su·

78 1234 298 1321 pernatnralis,
323 1243 459 1321 propter
481 1256 578 1319 quam
597 1257 656 1300 ens
673 1233 807 1322 aliquod
831 1236 958 1322 colitur,
983 1243 1045 1327 ipsi
1069 1253 1118 1308 est
1141 1246 1186 1310 in-

78 1337 148 1416 sits3
169 1332 327 1398 rolotiom
351 1353 442 1414 vero,
465 1334 492 1395 si
516 1353 568 1398 res
592 1355 676 1419 quae
700 1333 819 1399 colitur
841 1359 907 1401 non
931 1337 1032 1404 habet
1055 1340 1117 1405 sibi
1140 1343 1186 1407 in·

77 1434 161 1496 aum
193 1429 363 1517 ejusmodi
396 1432 647 1516 praestantiam,
682 1432 739 1497 sed
773 1437 995 1501 venerationis
1019 1437 1185 1525 objectum

76 1547 117 1594 est
138 1531 236 1596 unice
260 1539 398 1615 propter
421 1539 615 1614 respectum,
641 1551 738 1615 quem
767 1530 850 1595 dicit
872 1532 915 1596 ad
938 1555 1111 1619 personam
1136 1561 1186 1604 oo·

75 1628 196 1692 leudam
220 1627 267 1692 ob
293 1629 427 1691 insitam
453 1628 514 1712 ipsi
539 1627 779 1694 excellentiam.
826 1627 942 1695 Cultus
962 1633 1026 1697 Dei
1051 1637 1186 1701 manile·

75 1737 116 1790 ste
137 1739 184 1790 est
206 1725 393 1806 absolutus,
420 1725 601 1789 sedetiam
625 1724 732 1790 cultus
748 1725 944 1792 Sanctorum
969 1753 1065 1797 sensu
1089 1755 1186 1820 expo-

74 1827 127 1888 sito
148 1823 325 1888 absolutus
349 1833 407 1904 est,
432 1844 533 1908 quum
550 1825 751 1909 praestantia
772 1835 805 1888 et
828 1824 972 1912 dignitas
995 1841 1186 1915 supernatu-

76 1922 143 1986 ralis
172 1923 222 1986 eis
253 1943 374 1985 revera
405 1921 505 1985 insita
528 1922 584 2006 sit,
615 1923 768 2007 quamvis
797 1925 995 2011 participata
1024 1949 1044 1990 a
1067 1927 1185 2016 Deo¹).

74 2017 179 2084 Cultus
213 2041 388 2084 sacrarum
419 2020 602 2103 imaginum
639 2029 688 2083 est
724 2023 857 2085 omnino
890 2021 1051 2090 relativus.
1103 2025 1187 2092 Tota

74 2116 220 2184 videlicet
250 2120 339 2182 ratio
367 2119 590 2182 venerationis
621 2129 653 2181 et
675 2118 784 2182 cultus
813 2143 978 2185 sacrarum
1004 2123 1187 2207 imaginum

73 2229 114 2279 est
134 2217 398 2302 repraesentatio
429 2215 563 2280 alterius
594 2217 628 2279 in
659 2239 693 2280 se
717 2216 857 2298 colendi,
891 2219 993 2282 etsie
1017 2223 1185 2286 veneratio

73 2315 272 2398 imaginibus
295 2316 445 2400 impensa
468 2313 607 2377 retertur
637 2313 680 2377 ad
703 2314 870 2400 objectum
893 2329 1184 2400 repraesentatum.

153 2413 206 2477 76.
232 2411 339 2476 Hisce
368 2412 500 2498 positis,
531 2411 863 2477 animadvertendum
894 2425 957 2496 est,
986 2415 1108 2501 triplici
1138 2435 1283 2488 ra-rausx
1298 2434 1355 2478 atio

72 2511 149 2575 tione
187 2514 246 2596 agi
288 2531 382 2595 posse
423 2509 464 2574 de
501 2509 591 2573 licito
626 2511 810 2594 imaginum
843 2511 944 2577 cultu.
1000 2513 1063 2577 Vel
1096 2517 1185 2580 enim
1234 2497 1314 2540 Μ’*

74 2611 104 2669 1·
120 2611 231 2694 imago
257 2607 364 2671 solum
388 2628 447 2672 nos
471 2617 582 2671 monet
605 2619 638 2671 et
661 2609 695 2671 in
719 2610 940 2693 cognitionem
966 2611 1058 2676 ducit
1076 2613 1186 2678 arohe-

72 2709 145 2792 typi,
178 2718 213 2772 et
246 2707 321 2792 ejus
353 2707 526 2769 occasione
549 2727 588 2769 ac
612 2727 722 2769 coram
747 2729 787 2770 ea
815 2729 1014 2772 veneramur
1036 2708 1185 2793 archety-

72 2825 154 2887 pum.
200 2804 257 2868 Ita
289 2805 421 2890 proprie
454 2802 544 2868 nulla
576 2805 764 2886 veneratio,
793 2826 835 2868 ne
867 2805 1006 2870 relativa
1039 2807 1184 2892 quidem,

72 2903 213 2988 imagini,
241 2901 301 2967 sed
325 2911 453 2967 tantum
478 2901 629 2967 absoluta
656 2901 839 2989 archetypo
864 2903 1076 2990 impenditur.
1122 2904 1184 2968 Vel

71 2999 105 3060 2⁶
136 3011 250 3066 mente
281 2999 528 3065 consideramus
559 3000 683 3064 directe
715 3000 935 3087 archetypum
968 3002 1002 3066 in
1040 3003 1185 3087 imagine

72 3099 165 3163 veluti
190 3099 409 3180 relucentem,
433 3099 524 3162 etin
547 3099 692 3162 externis
716 3099 1013 3183 significationibus
1035 3121 1184 3164 reveren·

72 3197 127 3259 tiae
150 3197 386 3262 substituimus
405 3197 583 3282 imaginem
602 3206 902 3282 repraesentantem
917 3199 980 3283 ipsi
1003 3196 1184 3284 archetypo

72 3305 322 3379 repraesentato,
347 3297 394 3358 uti
418 3295 456 3358 fit
489 3296 524 3358 in
547 3293 698 3358 Ecclesia
728 3295 762 3357 in
785 3297 1083 3379 repraesentatione
1107 3287 1184 3381 quo·

72 3393 216 3458 rumdam
243 3394 494 3476 mysteriorum,
519 3414 547 3456 e.
571 3415 603 3476 g.
628 3393 662 3455 in
693 3391 884 3455 adoratione
908 3391 1024 3457 Crucis
1048 3393 1102 3458 die
1126 3393 1185 3457 Pa·

73 3513 227 3556 rssceves.
275 3490 326 3554 Ita
350 3489 469 3554 colitur
492 3489 616 3554 directe
635 3497 668 3553 et
688 3489 778 3553 cultu
801 3489 950 3554 absoluto
975 3490 1183 3576 archetypus,

72 3587 249 3675 eodemque
282 3600 359 3654 actu
390 3587 546 3670 relative,
581 3587 638 3652 sed
667 3608 728 3672 per
759 3585 930 3670 accidens,
965 3586 1083 3652 colitur
1114 3589 1185 3673 ipsa

73 3687 172 3771 imago
198 3686 292 3750 velut
322 3685 488 3752 moraliter
518 3686 695 3772 conjuncta
727 3706 803 3750 oum
831 3683 1027 3771 archetypo,
1053 3696 1089 3750 ut
1111 3707 1184 3771 pur-

73 3805 146 3866 pura
170 3807 249 3850 cnm
271 3807 360 3869 rege.
385 3823 428 3832 -—
449 3785 603 3870 Denique
626 3784 666 3848 3⁰
692 3792 799 3869 potest
821 3783 945 3847 directe
969 3785 1088 3869 respici
1113 3785 1185 3868 ipsa

75 3956 277 3966 --—--.--—

138 4051 161 4120 ¹)
179 4051 300 4106 Advorte
318 4055 418 4113 tamen¹
439 4051 574 4106 interdum
583 4050 638 4105 diei
657 4049 758 4103 cultum
776 4049 934 4103 Sanctorum
953 4048 1102 4114 relatiuam,
1121 4063 1186 4117 qus·

74 4139 145 4185 term
162 4147 209 4186 eus
226 4132 338 4188 oobmns
355 4137 467 4201 propter
494 4131 564 4186 dona
590 4131 630 4186 eis
648 4145 665 4184 s
683 4129 739 4184 Deo
763 4129 912 4184 collatam
930 4141 1022 4183 servos
1040 4131 1069 4183 et
1087 4127 1185 4183 amieos

76 4207 124 4264 Dei
151 4211 269 4280 admone
297 4213 387 4267 culum
414 4227 507 4268 eornm
534 4210 682 4266 nltinatim
711 4209 740 4264 in
760 4209 846 4263 Deum
873 4209 998 4264 rotamur.
1035 4207 1086 4263 Sed
1104 4221 1185 4264 mrsu

74 4291 161 4346 stricto
179 4307 270 4348 eorum
288 4291 378 4347 cultus
396 4297 439 4348 est
457 4292 604 4347 absolutus.

116 4401 241 4454 tuam
256 4405 432 4446 Dinertsttonss.
463 4403 521 4445 Ten.
538 4403 573 4445 tn.
1060 4379 1078 4432 5
