2926 4840
307 467 360 518 ‘248
462 463 535 552 xyt.
573 463 677 517 Causae
697 461 813 518 celebres
832 469 860 514 et
879 461 1033 516 Decretales
1054 460 1276 516 Pseudolsidori.

308 629 451 673 menam.
499 606 564 672 Sed
595 605 637 670 ab
663 607 844 670 Hincmaro
876 613 908 668 et
932 606 1139 688 congregatis
1169 627 1244 668 curn
1270 606 1339 690 ipso
1362 609 1415 689 epi-

308 705 415 789 scopis
440 704 541 768 veluti
573 713 753 768 contumax
776 703 945 790 depositus
977 704 1066 766 etin
1092 703 1328 765 monasterium
1352 702 1415 766 rele-

306 812 403 887 gatus
417 804 488 866 fuit.
526 801 729 866 Hincmarus
749 811 816 865 tam
831 803 921 885 regio
938 821 1037 886 quam
1055 821 1113 863 suo
1129 801 1262 863 nomine
1277 799 1414 864 Odoneru

306 901 576 966 Bellovacensem
601 900 793 986 episcopum
817 899 956 963 Romam
981 900 1085 976 misit,
1111 899 1167 983 qui
1192 897 1311 982 synodi
1336 896 1415 963 Sues-

309 1000 470 1063 sionensis
494 1007 527 1062 et
550 999 765 1086 depositionis
780 996 946 1078 Rothadii,
971 997 1065 1082 quasi
1090 1019 1110 1059 a
1128 991 1301 1081 judicibus
1325 995 1365 1058 ab
1385 1017 1415 1057 eo

307 1097 419 1160 electis
450 1097 574 1180 factae,
609 1095 892 1159 confirmationem
916 1117 936 1156 a
959 1093 1045 1158 Sede
1069 1087 1261 1178 Apostolica
1293 1101 1413 1177 peteret.

306 1193 372 1259 Sed
392 1195 463 1281 jam
487 1204 563 1258 ante
587 1193 768 1258 adventum
792 1189 920 1257 Odonis
943 1191 986 1256 ad
1002 1190 1177 1256 Nicolaum
1201 1188 1330 1254 delatae
1354 1205 1418 1253 suut
1447 1227 1448 1230 =

306 1292 463 1356 Rothadii
493 1292 535 1355 de
565 1290 663 1355 rebus
693 1291 794 1374 gestia
824 1289 977 1375 querelae
1014 1299 1046 1353 et
1075 1288 1253 1375 appellatio
1285 1288 1354 1374 ejus
1381 1287 1415 1350 ad

307 1391 427 1456 Sedem
442 1389 677 1475 Apostolicam.
716 1388 832 1452 Plures
855 1389 957 1472 igitur
980 1388 1015 1450 in
1039 1387 1102 1451 hoc
1127 1387 1258 1472 negotio
1273 1387 1415 1451 Pontifex

306 1489 397 1552 dedit
428 1487 552 1552 litteras
575 1488 687 1570 magni
712 1487 869 1550 momenti
922 1495 992 1549 tum
1016 1484 1060 1549 ad
1083 1485 1325 1561 Hincmarum‚
1356 1495 1414 1548 tum
1447 1479 1448 1482 '

305 1587 348 1650 ad
383 1586 463 1650 alios
497 1587 667 1670 episcopos
701 1583 771 1667 ejus
805 1584 911 1646 socios
946 1592 978 1646 et
1008 1582 1053 1646 ad
1086 1581 1242 1646 Carolum
1277 1581 1415 1646 Calvum.
1447 1581 1448 1626 ἶ

305 1683 454 1747 Reccidit
476 1683 632 1747 Pontifex
654 1680 741 1744 Acta
765 1680 885 1764 synodi
910 1680 1172 1759 suessionensis,
1207 1681 1297 1767 quod
1321 1679 1415 1744 Sardi·
1447 1731 1448 1736 ,

307 1803 420 1845 censes
437 1803 580 1845 canones
602 1779 643 1844 de
657 1777 934 1864 appellationibus
953 1780 1184 1864 episcoporum
1198 1787 1415 1844 accusatorum
1447 1759 1448 1776 ¹

305 1877 419 1942 violati
453 1888 579 1959 essent3
613 1887 646 1940 et
678 1876 867 1958 mandavit,
902 1875 1104 1940 Rothadium
1138 1876 1180 1940 ab
1204 1876 1305 1940 exilio
1337 1896 1415 1939 revo-
1447 1885 1448 1912 ἒ

306 1986 437 2056 carent,
472 1986 504 2040 et
535 1976 579 2039 ad
603 1973 722 2040 Sedem
752 1973 979 2060 Apostolicam
1012 1974 1177 2058 proficisci
1202 1975 1416 2058 permitterent

306 2095 381 2136 cum
406 2073 537 2136 illorum
558 2073 685 2158 legatis,
709 2083 746 2137 ut
761 2073 884 2136 Rornae
904 2071 1070 2157 judicium
1086 2070 1169 2136 illud
1184 2081 1414 2136 retractaretur.
1447 2151 1448 2156 ἵ

305 2171 392 2234 Tum
410 2171 592 2236 Hincmaro
611 2181 681 2235 turn
699 2171 773 2234 aliis
791 2171 954 2255 episcopis
972 2189 1096 2254 poenas
1114 2171 1292 2234 canonicas
1308 2191 1415 2252 magna
1447 2159 1448 2238 J

305 2291 381 2333 cum
415 2271 609 2334 auctoritate
641 2271 786 2332 minatus
811 2277 875 2350 est,
909 2269 973 2331 nisi
1002 2267 1284 2352 obtemperarent,
1316 2289 1414 2352 regem
1447 2289 1448 2324 t

304 2389 384 2431 vero
418 2370 547 2432 monuit
555 2419 563 2450 ,
597 2376 634 2430 ut
657 2365 859 2430 Rothadium
892 2387 950 2430 suo
975 2365 1126 2451 adjutum
1151 2365 1265 2430 solatio
1289 2365 1413 2428 Roman

305 2465 479 2550 dirigeret,
518 2465 679 2550 Sedisque
712 2463 923 2548 Apostolicae
956 2462 1133 2548 privilegia
1167 2465 1202 2527 in
1235 2485 1294 2527 suo
1327 2483 1414 2546 regno

306 2563 460 2627 firmaret.

395 2659 449 2724 35.
483 2658 683 2739 Rothadiua,
708 2667 846 2742 accepta
868 2679 888 2720 a
911 2679 988 2742 rege
1010 2658 1180 2741 libertate,
1212 2682 1242 2723 a.
1267 2659 1331 2723 864
1352 2667 1414 2742 post

306 2760 400 2821 varia
425 2765 579 2842 superata
603 2756 840 2841 impedimenta
864 2757 1003 2820 Romam
1027 2759 1196 2841 pervenit,
1228 2779 1267 2821 ac
1292 2756 1414 2820 Nicolao

306 2855 447 2920 libellum
464 2855 731 2941 proclamationis
754 2852 891 2935 obtulit,
916 2876 981 2940 quo
1003 2855 1158 2918 Pontifici
1181 2856 1282 2919 totius
1304 2854 1413 2938 negotii

305 2955 422 3017 seriem
456 2951 649 3038 exposuit.¹)
705 2952 822 3036 Legati
855 2954 1084 3038 cpiscoporum
1123 2961 1155 3016 et
1188 2951 1297 3018 Caroli
1331 2952 1412 3016 Calvi

304 3051 347 3114 ab
363 3051 566 3135 Imperatore
579 3049 751 3114 Ludovico
766 3050 798 3112 ll
814 3051 964 3134 impediti
981 3051 1082 3132 fuere,
1099 3054 1276 3137 quominus
1288 3053 1412 3116 Romam

305 3150 367 3213 iter
399 3157 692 3234 prosequerentur,
726 3157 759 3212 et
782 3150 845 3212 ista
878 3148 978 3212 dere
1012 3149 1139 3212 occulte
1163 3149 1336 3214 Nicolaum
1359 3171 1412 3212 cer-

304 3247 421 3310 tiorem
446 3245 673 3312 reddiderunt.
710 3246 868 3311 Pontifex
892 3255 1003 3314 tamen
1026 3249 1136 3332 potius
1159 3250 1345 3333 suspicatus
1365 3258 1411 3326 est,

305 3367 360 3408 eos
384 3345 504 3427 effugio
529 3344 674 3429 quodam
700 3347 764 3426 uti,
797 3354 829 3408 et
852 3367 953 3430 quum
977 3367 1037 3431 per
1060 3367 1120 3410 sex
1143 3367 1273 3410 menses
1296 3367 1412 3410 accurar-

304 3453 391 3506 tores
422 3443 492 3506 sive
528 3442 788 3527 expostulatores
819 3453 933 3506 contra
962 3442 1164 3508 Rothadium
1195 3451 1411 3529 exspect-asset,

304 3542 338 3603 in
369 3538 545 3624 pervigilio
576 3541 770 3604 Natiuitatis
794 3540 930 3604 Domini
961 3543 1040 3606 anni
1066 3541 1131 3608 864
1161 3543 1197 3606 iu
1227 3541 1360 3608 basilica
1379 3539 1410 3602 B.

304 3638 431 3701 Mariae
455 3637 602 3722 Virginis
626 3638 669 3701 ad
692 3639 855 3724 Praeaepe
880 3660 991 3702 coram
1014 3640 1194 3724 episcopis,
1226 3638 1411 3726 presbyteris

304 3744 336 3797 et
361 3733 525 3817 diaconia,
550 3757 684 3800 causam
708 3735 867 3800 Rothadii
891 3735 1100 3802 Allocutione
1123 3735 1240 3802 habita
1264 3737 1409 3824 exposuit,

304 3843 336 3895 et
367 3831 407 3895 de
439 3833 586 3897 omnium
613 3833 742 3919 judicio
775 3835 981 3898 vestimentis
1006 3835 1250 3920 episcopalibus
1280 3857 1350 3900 eum
1371 3855 1409 3896 or-

304 3931 375 3993 nari
395 3930 505 4014 jussit.
551 3930 616 3994 Die
641 3953 718 3995 vero
736 3931 778 3995 22
797 3931 945 4016 januarii
969 3955 999 3998 a.
1016 3933 1080 3998 865
1105 3935 1140 3998 in
1164 3933 1291 4020 synodo
1306 3931 1408 3998 Rotha-

304 4027 396 4091 dium
430 4029 464 4092 in
488 4029 664 4114 pristinum
688 4027 829 4112 gradum
861 4031 1020 4112 restituit,
1056 4041 1089 4094 et
1120 4031 1299 4096 adsedem
1330 4048 1406 4095 suam

307 4163 515 4172 n—...n—

378 4229 398 4299 ¹)
418 4229 451 4284 V.
470 4229 561 4284 Labbe
579 4230 610 4285 Τ.
628 4231 706 4285 VIII.
726 4232 774 4287 col.
796 4233 854 4287 785.
