3002 4836
287 425 322 482 18
641 427 681 481 Da
699 424 805 482 haeresi
824 427 1061 484 ieonoclastarum.

287 570 370 634 siam
394 568 501 633 redux
524 567 635 634 sedem
659 591 753 636 suam
777 571 851 637 fixit
865 571 1049 658 UltraJecti.
1096 571 1253 638 Attamen
1277 575 1410 638 nonnisi

290 675 363 752 post
377 666 529 732 Radbodi
555 676 694 738 mortem
707 667 801 756 (718)
824 691 883 756 per
906 679 1009 734 totam
1030 669 1172 737 Frisium
1196 668 1310 756 religio
1326 671 1408 736 chri·

291 766 398 830 stiaua
420 775 603 852 propagata
626 776 692 848 est,
717 767 752 831 in
775 789 841 854 quo
869 788 967 854 opere
990 768 1091 834 etiam
1114 788 1249 854 operam
1272 767 1412 834 contulit

290 885 384 928 suam
408 862 441 928 S.
465 862 669 930 Woliramus
702 866 878 951 episcopus
902 863 1101 932 Senoneusis
1136 867 1171 930 in
1195 864 1321 948 Gallia,
1353 867 1411 952 qui

291 961 324 1026 S.
355 959 562 1026 Willibrcrdi
592 961 681 1026 fama
712 963 876 1028 excitatns
908 962 978 1027 sedi
1013 985 1092 1028 suae
1123 967 1343 1050 renuntiavit,
1367 963 1412 1028 ad

291 1059 446 1123 Frisones
469 1058 691 1144 Evangelium
721 1060 973 1146 praedicaturus
1005 1062 1166 1146 perrexit,
1195 1083 1235 1126 ac
1258 1061 1412 1128 Radbodi

292 1155 397 1220 filium
427 1156 612 1243 multosque
643 1157 725 1222 alios
755 1160 919 1226 convertit
942 1168 975 1222 et
998 1157 1192 1243 baptizavit.
1218 1196 1261 1206 -
1285 1159 1414 1224 Eodem

293 1254 422 1318 saeculo
447 1255 481 1320 in
505 1256 648 1321 Bavaria
671 1256 785 1342 religio
810 1256 991 1322 christiana
1024 1255 1155 1322 firmata
1177 1265 1211 1322 et
1232 1267 1415 1345 propagata

293 1363 343 1416 est
370 1375 390 1416 a
424 1351 456 1417 S.
488 1354 675 1418 mauroso
709 1355 863 1440 episcopo
893 1353 1114 1432 Pictaviensi,
1147 1355 1204 1440 qui
1235 1354 1306 1418 sedi
1334 1377 1415 1420 suae

293 1452 486 1514 renuntians
510 1452 632 1516 Avaris
655 1461 690 1515 et
712 1451 847 1516 Hunuis
877 1449 978 1516 fidem
1002 1451 1254 1536 praedicaturus
1277 1451 1416 1518 abierat.

294 1545 360 1611 Sed
394 1549 494 1612 variis
524 1547 703 1614 obstaculis
737 1548 887 1617 detentus
911 1547 1111 1615 Ratisbonae
1141 1548 1288 1622 substitit
1311 1550 1406 1638 (640)

294 1655 327 1710 et
349 1645 413 1710 illis
435 1647 478 1724 ‚in
508 1647 699 1732 regionibus
729 1645 933 1718 idololatriae
966 1646 1094 1733 reliqua
1116 1648 1259 1732 vestigia
1282 1647 1417 1714 delevit.

295 1781 338 1790 -
362 1742 394 1807 S.
426 1745 587 1830 Repertus
615 1747 791 1832 episcopus
816 1745 1071 1810 Wormatiensis
1101 1747 1225 1831 pariter
1255 1747 1290 1811 in
1314 1748 1418 1812 variis

295 1840 485 1926 regionibus
508 1842 690 1924 Bavariae,
723 1852 822 1933 atque
855 1841 964 1908 Slavis
997 1845 1032 1908 in
1064 1841 1176 1928 styria
1206 1843 1420 1928 evangelium

296 1939 512 2026 praedicavit.
559 1939 709 2005 Tandem
741 1943 932 2011 meritorum
962 1939 1079 2028 plenus
1112 1941 1279 2006 Juvaviae
1309 1939 1419 2025 (Salis-

296 2035 408 2124 burgi)
448 2038 559 2104 sedem
599 2059 694 2103 suam
727 2040 911 2120 coustituit,
944 2037 1056 2125 ibique
1091 2061 1178 2104 anuo
1222 2041 1285 2108 718
1325 2038 1419 2106 obiit.

295 2134 379 2221 Ejus
401 2134 530 2202 labores
561 2137 595 2200 in
619 2135 763 2202 Bavaria
796 2138 979 2204 continuati
1003 2146 1080 2202 sunt
1108 2161 1128 2201 a
1152 2135 1184 2200 S.
1215 2136 1419 2217 cortiniaco,

297 2234 353 2319 qui
368 2233 542 2318 Frisingae
562 2235 736 2324 episcopus
756 2233 881 2303 ibidem
902 2257 931 2298 a
957 2233 1021 2300 730
1040 2234 1085 2298 ad
1106 2233 1232 2298 eoelum
1252 2237 1420 2320 migravit

128 2343 288 2389 suumne,
387 2332 440 2396 20.
463 2331 588 2396 Notum
620 2353 698 2396 vcro
723 2341 772 2398 est
783 2383 792 2418 ,
816 2355 895 2418 prae
919 2333 1057 2398 caeteris
1082 2331 1287 2400 Winfridum
1311 2355 1421 2400 mona·

203 2498 204 2504 ¹
299 2429 398 2492 chum
422 2427 586 2516 Anglum,
619 2432 676 2516 qui
706 2439 820 2516 postea
844 2429 953 2496 dictus
981 2439 1030 2494 est
1054 2429 1086 2495 S.
1110 2429 1317 2516 Bosa'fotias,
1342 2429 1422 2496 Ger-

299 2528 429 2592 maniae
468 2527 652 2612 apostolum
689 2529 806 2594 merito
844 2527 1014 2614 appellari.
1071 2527 1105 2592 Is
1140 2530 1229 2594 enim
1266 2527 1344 2594 inde
1378 2527 1421 2593 ab

299 2647 385 2692 anno
412 2626 475 2690 719
499 2647 602 2712 usque
626 2626 668 2692 ad
692 2648 817 2691 annum
832 2625 894 2692 755
911 2627 945 2690 in
969 2625 1072 2690 variis
1096 2624 1295 2692 Germaniae
1317 2629 1421 2711 regio·

300 2723 399 2789 nibus
422 2746 462 2787 ac
475 2724 630 2808 gentibus
644 2723 865 2810 Evangelium
882 2725 1095 2811 propagavit,
1120 2747 1160 2791 ac
1180 2726 1422 2810 sapientissime

301 2821 489 2888 dioecesum
527 2823 695 2888 variarum
735 2823 940 2888 institutione
978 2821 1171 2906 religionem
1207 2821 1423 2890 christianam

302 2918 349 2984 ibi
373 2920 528 2986 firmavit.
575 2919 651 3002 Qua
674 2921 709 2984 in
732 2941 767 2985 re
790 2920 915 3006 insigni
944 2918 1041 2983 modo
1065 2919 1290 2984 Romanorum
1313 2919 1423 2986 Ponti-

302 3017 402 3082 ficum
427 3039 555 3104 semper
596 3016 697 3084 coluit
728 3019 977 3102 auctoritatem,
1009 3016 1144 3082 studens
1168 3015 1285 3080 iisdem
1308 3027 1425 3102 gentes

303 3138 343 3180 ac
370 3117 521 3200 regiones
545 3137 722 3182 conversas
745 3137 846 3202 quam
869 3117 984 3182 intime
1008 3114 1189 3180 devincire.
1236 3113 1329 3200 Opus
1355 3117 1427 3202 ejus

303 3211 435 3279 labente
459 3213 589 3280 saectdo
614 3224 731 3278 octavo
766 3223 799 3278 et
823 3214 957 3278 ineunte
981 3235 1067 3278 nono
1092 3214 1196 3299 ipsius
1221 3215 1306 3277 varii
1329 3213 1425 3281 disci·

304 3310 374 3398 puli
398 3311 657 3397 compleverunt.

395 3409 447 3474 21.
472 3409 610 3482 Saeculo
624 3409 690 3474 VH
705 3419 865 3490 sumente,
878 3411 1071 3496 praesertim
1082 3409 1124 3475 ab
1137 3429 1224 3474 anno
1238 3408 1313 3488 640,
1327 3410 1430 3474 etiam

307 3529 429 3592 magna
451 3530 528 3593 pars
542 3507 717 3576 Slavorum
741 3505 784 3572 ad
808 3505 1088 3572 christianismum
1112 3528 1273 3572 conversa
1296 3515 1345 3570 cst
1371 3529 1432 3591 per

308 3605 531 3670 missionarios
555 3604 715 3670 ecclesiae
740 3603 918 3670 Romanae.
964 3604 1112 3670 Joannes
1135 3603 1184 3668 IV
1208 3613 1241 3666 et
1263 3603 1430 3674 Martinus

306 3701 410 3766 Ibac
445 3704 480 3768 in
512 3725 547 3768 re
572 3701 711 3768 multum
734 3703 937 3768 laborarunt.
984 3701 1034 3768 Ita
1059 3704 1094 3768 in
1117 3702 1269 3784 latriam,
1293 3701 1431 3766 Dalma-

308 3802 409 3884 tiam,
436 3799 619 3883 Croatiaru,
642 3799 846 3884 Oarniolam,
872 3799 1093 3882 Carinthiam‚
1107 3799 1253 3884 styriam
1277 3798 1433 3883 adjacen-

309 3907 424 3986 tesque
439 3899 633 3984 Hungariae
661 3910 785 3986 partes,
810 3897 931 3985 quibus
957 3899 991 3963 in
1016 3897 1207 3982 regionibus
1230 3897 1343 3961 variae
1364 3896 1433 3962 sla-

310 4017 427 4060 vorum
442 3999 593 4062 nationes
607 3997 811 4078 residebant,
835 3995 949 4081 religio
965 3995 1146 4060 christiana
1162 4003 1342 4080 propagata
1357 3993 1433 4058 fuit.

400 4094 503 4160 Vides
539 4097 647 4180 igitur,
672 4094 883 4181 providentia
908 4093 1023 4160 divina
1053 4093 1179 4158 factum
1212 4113 1299 4172 esse,
1334 4102 1371 4156 ut
1395 4113 1434 4156 eo

310 4203 459 4280 tempore
488 4217 552 4281 quo
577 4195 610 4257 in
635 4191 785 4278 pluribus
809 4192 992 4278 provinciis
1011 4189 1158 4256 Orientis
1181 4213 1240 4276 per
1262 4188 1435 4257 Muhame·
