2904 4834
289 426 343 479 440
608 423 694 476 XVII.
732 423 771 477 De
790 397 1093 478 schismate⁸Photiano

290 568 409 632 elesiae
432 567 646 646 relaxaretur,
671 564 760 629 haud
782 567 828 628 ita
844 563 976 628 facilem
1000 587 1069 629 sese
1086 566 1267 651 ostendit¹l.
1299 568 1390 633 Simrd

290 687 367 730 vero
404 667 492 730 misit
528 662 847 748 Constantinopolim
882 663 1121 748 Landulphum
1157 677 1189 728 et
1223 665 1391 730 Romanum

289 765 470 850 episcopos,
495 763 552 849 qui
577 783 652 825 cum
669 760 818 845 Styllano
835 758 975 846 aliisque
991 762 1198 845 praesulibus
1214 764 1390 842 conferrent,

289 871 322 924 et
356 884 407 925 res
442 860 682 924 ecclesiasticas
718 856 1003 944 Constantinopoli
1040 860 1195 924 ordinare
1229 861 1392 926 studerent.

291 959 384 1038 Quae
408 958 558 1043 elegatis
584 955 647 1021 illis
660 955 946 1041 Constantinopoli
962 957 1108 1042 perfecta
1125 959 1200 1040 sint,
1226 957 1312 1022 haud
1326 961 1392 1022 satis

289 1067 494 1143 compertum
528 1065 593 1136 est,
628 1075 730 1141 quum
758 1054 959 1118 documenta
992 1053 1033 1118 de
1066 1077 1180 1120 eorum
1212 1059 1309 1141 gestis
1339 1077 1391 1119 non

289 1165 428 1219 exstent.
444 1151 691 1238 -Stephanus
708 1151 896 1238 patriarcha
914 1151 1067 1217 OPtanus
1093 1153 1204 1218 adhuc
1220 1154 1392 1218 adolescens

289 1251 372 1316 obiit
396 1251 449 1316 die
475 1252 529 1314 17ο
553 1251 633 1314 Maii
658 1253 737 1315 anni
762 1251 844 1332 8933
880 1252 963 1315 forte
995 1259 1074 1315 tunc
1098 1251 1209 1316 adhuc
1233 1252 1278 1317 illi
1308 1252 1392 1338 legati

289 1347 573 1433 Constantinopoli
603 1349 750 1413 aderant.
798 1347 894 1413 Certo
926 1371 992 1414 non
1025 1359 1168 1427 constat,
1201 1360 1308 1414 utrum
1336 1352 1392 1435 ipse

289 1469 458 1532 expresse,
492 1447 738 1533 dispensatione
768 1447 856 1511 facta
887 1447 997 1533 quoad
1030 1446 1169 1512 violatos
1201 1469 1353 1528 canones,
1378 1469 1393 1508 a

290 1543 375 1610 Sede
399 1544 591 1630 Apostolica
622 1555 658 1609 ut
688 1543 876 1631 patriarcha
907 1548 1040 1630 agnitus
1063 1546 1204 1626 fueriti)
1250 1547 1392 1630 Agnitum

183 1710 196 1738 u
221 1725 227 1738 ⁸
291 1665 366 1706 eum
390 1642 491 1706 finisse
520 1645 689 1708 existimat
711 1641 921 1728 Baronius,³)
946 1653 978 1706 et
1001 1644 1225 1730 Assemani‚⁴)
1249 1653 1341 1730 atque
1367 1644 1392 1705 in

290 1740 441 1804 Ecclesia
464 1762 583 1824 graeca
614 1743 683 1825 ipse
714 1743 800 1804 inter
830 1750 960 1805 sanctos
984 1740 1143 1827 colitur.⁶)
1190 1742 1232 1807 Ei
1255 1743 1393 1806 successit

290 1840 449 1904 Antonius
467 1837 613 1916 Cauleas,
637 1860 738 1902 senex
763 1839 986 1924 dignissimus,
1012 1841 1067 1925 qni
1092 1838 1203 1903 adhuc
1227 1839 1392 1923 ahlgnatio

290 1937 461 2000 ordinatus
485 1948 568 2018 erat3
594 1945 692 2022 atque
708 1957 745 1999 eo
761 1935 873 2000 sedem
889 1944 1032 2018 tenente,
1048 1936 1164 2000 hahita
1180 1936 1314 2021 synodo,
1330 1936 1391 1998 unio

290 2034 388 2120 plane
412 2034 563 2098 restituta
586 2043 644 2098 est.
692 2034 870 2098 Formosus
894 2035 1044 2120 quidem,
1077 2037 1124 2098 uti
1150 2037 1332 2105 innuimus,
1358 2054 1392 2094 se·

289 2134 418 2195 veriora
452 2133 655 2216 praescripta
688 2131 824 2195 dederat
857 2132 966 2219 quoad
1001 2134 1172 2217 episcopos
1206 2141 1238 2196 et
1271 2131 1392 2216 reliquos

289 2230 425 2293 elericos
449 2252 468 2293 a
493 2229 610 2293 Photio
635 2229 814 2312 ordinatos,
839 2252 921 2315 quos
935 2240 1063 2294 tanturn
1086 2229 1128 2294 ad
1146 2233 1390 2295 communionem

288 2327 448 2392 laicorum
481 2327 611 2390 admitti
644 2326 792 2409 volebat3
826 2327 884 2393 sed
915 2331 1009 2392 varia
1038 2328 1100 2392 hac
1135 2329 1168 2392 in
1200 2351 1234 2391 re
1265 2329 1392 2410 mitigata

289 2425 389 2488 fuisse
413 2425 579 2489 videntur.
605 2463 646 2472 -
676 2425 821 2489 Antonio
848 2426 919 2511 jam
948 2448 1036 2490 anno
1065 2425 1132 2490 395
1162 2425 1316 2490 defuncto
1344 2423 1392 2486 sul·

289 2522 394 2586 fectus
422 2523 486 2586 fuit
511 2523 668 2587 Nicotaus
691 2525 844 2610 Mysticus
869 2523 1073 2610 patriarcha,
1108 2523 1163 2586 vir
1185 2523 1319 2608 dignus,
1349 2521 1391 2606 qui

289 2619 450 2684 ecclesiae
468 2620 621 2685 OPtanee
646 2621 785 2684 vulnera
809 2643 926 2685 sanare
951 2620 1096 2700 studuit;
1119 2629 1265 2684 attamen
1289 2620 1390 2684 dissen-

290 2721 398 2783 siones
414 2717 475 2782 sub
492 2720 562 2804 ipso
578 2718 620 2783 ob
636 2719 758 2783 Leonis
772 2719 986 2804 Imperatoris
1010 2707 1240 2805 tetragamiam
1265 2739 1334 2781 cum
1354 2737 1392 2777 ec·

289 2816 389 2880 clesia
413 2817 563 2880 Romana
587 2827 720 2880 exortae
754 2826 845 2897 sunt,
878 2818 1031 2902 quamvis
1063 2816 1106 2880 ad
1139 2818 1325 2880 scissionem
1353 2833 1392 2874 res

289 2937 356 2979 non
387 2917 609 2999 pervenerint.
657 2912 722 2978 Sed
756 2913 950 2999 perduravit
982 2915 1076 2994 unio,
1110 2914 1215 2978 donee
1248 2911 1390 2977 medianto

289 3011 419 3076 saeculo
453 3013 582 3076 decimo
616 3034 675 3097 per
707 3011 903 3076 llichaelem
929 3010 1157 3076 Caerularium
1192 3010 1329 3075 schisma
1356 3009 1390 3070 in·

290 3119 473 3174 stauratum
497 3120 557 3175 est.

381 3235 454 3298 134.
487 3234 538 3298 Ad
570 3234 725 3297 Photium
759 3231 847 3319 quod
883 3242 1023 3316 spectat,
1058 3232 1141 3297 nihil
1182 3235 1262 3297 certi
1299 3231 1334 3295 de
1361 3248 1388 3288 eo

290 3353 331 3394 ex
356 3340 502 3417 tempore
527 3331 692 3396 secundae
726 3329 796 3415 ejus
825 3329 1040 3415 depositionis
1070 3330 1209 3394 refertur
1239 3330 1280 3395 ab
1303 3336 1389 3392 aucto·
1436 3367 1437 3424 p

311 3467 505 3474 ----
1436 3429 1437 3480 l

363 3537 385 3604 ¹)
404 3536 573 3605 Fragmenta
591 3539 701 3588 tantum
720 3534 850 3601 epistolae
869 3539 1028 3602 supersunt;
1048 3549 1074 3590 r.
1093 3533 1184 3588 Lahbe
1203 3535 1250 3588 IX.
1268 3534 1322 3587 428*

362 3623 382 3684 ⁹)
401 3625 554 3692 Stephanus
574 3621 725 3690 legitimam
737 3627 856 3677 aetatem
875 3638 928 3676 non
940 3621 1065 3686 habebnt,
1085 3637 1165 3689 quum
1178 3623 1282 3677 ordines
1299 3635 1326 3673 ac
1339 3615 1386 3669 dein

289 3705 472 3772 episcopatum
491 3703 653 3770 susciperem
672 3703 786 3758 sedecim
806 3702 877 3756 enim
897 3709 956 3756 eret
975 3717 1112 3764 annorum,
1132 3703 1238 3769 quando
1256 3695 1384 3770 patriarcis

290 3786 378 3838 tactus
398 3791 448 3840 est.
485 3785 631 3838 Praeterea
650 3784 678 3838 in
698 3783 838 3837 diaconum
856 3782 997 3837 ordinatus
1017 3787 1076 3836 erat
1095 3799 1111 3836 a
1130 3782 1241 3846 Photio,
1265 3783 1290 3835 in
1307 3777 1383 3845 episc

289 3878 352 3932 pum
378 3879 441 3917 vero
466 3879 482 3918 a
507 3863 668 3932 Theophane
693 3862 891 3930 archiepiscopo
918 3862 1104 3926 Csesareensi,
1133 3863 1179 3930 qui
1204 3871 1282 3916 antee
1304 3854 1383 3913 cPto
1436 3889 1437 3932 1

290 3943 374 3997 tiaris
392 3943 492 3998 fuerat.

363 4032 384 4096 ³)
403 4032 446 4086 Ad
464 4047 488 4086 a.
507 4031 560 4085 886
579 4048 607 4088 n.
626 4033 669 4086 38.

363 4113 384 4178 ⁴)
404 4111 474 4166 Bibl.
491 4111 560 4178 juris
580 4111 729 4166 orientalis.

364 4193 385 4256 ¹¹)
405 4192 428 4246 l'
458 4190 580 4246 Bolland.
600 4193 670 4246 Acta
688 4191 847 4246 Sanctorum
867 4199 887 4243 t.
907 4188 953 4244 IV.
974 4189 1039 4244 llaii
1058 4205 1083 4257 p.
1102 4191 1137 4242 36
1155 4205 1203 4256 sqq
