2926 4840
311 499 365 550 270
466 498 540 554 XVI.
578 499 681 553 Causae
698 498 815 554 celebres
834 507 863 554 et
882 499 1036 554 Decretales
1055 499 1276 554 Pseudo-isidori.

142 657 213 700 uoto
227 661 298 707 esre
402 641 456 707 59.
481 642 503 707 J
505 663 559 706 am
576 642 792 725 advertimus,
811 641 989 728 approbari
1003 645 1197 731 neutiquam
1213 665 1321 730 posse,
1348 645 1434 729 quod

184 719 261 762 ω
313 749 428 803 auctor
449 738 823 805 Pseudo-Decretalium
851 763 891 804 ea
913 763 1013 826 quam
1037 741 1185 808 diximus
1208 744 1338 806 ratione
1366 765 1434 828 spu·

313 839 378 901 rias
411 836 484 902 illas
516 837 717 902 Pontificum
746 837 971 903 Romanorum
1004 838 1158 925 epistolas
1191 839 1377 903 confecerit
1407 852 1436 902 et

312 937 489 1000 consuerit.
540 935 698 1001 Attamen
734 957 776 1000 ex
811 936 911 1000 dictis
944 935 1127 1021 colligitur,
1162 935 1334 1001 falsarium
1374 959 1435 1000 non

312 1035 419 1118 egisse
448 1055 492 1097 ex
514 1031 581 1098 fine
604 1031 715 1120 aliquo
739 1055 912 1119 perverso3
945 1055 1117 1120 quousque
1140 1043 1251 1098 autem
1275 1034 1343 1098 sibi
1370 1057 1436 1121 per·

312 1130 451 1195 suadere
480 1132 643 1216 potuerit,
676 1130 806 1195 licitum
836 1153 907 1195 esse
936 1130 1030 1195 illum
1057 1131 1179 1216 agendi
1209 1131 1350 1197 modum
1383 1155 1435 1196 seu

312 1230 480 1293 fictionem
513 1227 725 1310 litterariam,
758 1229 895 1294 difficile
926 1239 975 1293 est
1004 1227 1199 1316 dijudicare.
1246 1229 1437 1296 Occurrunt

313 1328 347 1390 in
371 1325 576 1391 sacordorum
601 1325 742 1390 decursu
771 1327 932 1413 ejusmodi
956 1327 1163 1413 problemata
1186 1327 1435 1413 psychologica.

313 1433 475 1510 quatenus
500 1423 655 1508 operibus
679 1424 857 1510 praeclaris
879 1425 1047 1490 fictionem
1062 1425 1230 1510 quandam
1245 1427 1439 1490 invenimus

313 1523 491 1603 intextam,
526 1543 610 1606 quae
644 1544 720 1587 cum
743 1524 841 1586 rectis
874 1544 1002 1586 morum
1031 1522 1153 1608 regulis
1185 1522 1362 1588 conciliari
1387 1547 1438 1587 ne-

312 1620 394 1706 quit.
441 1618 642 1704 Exemplum
675 1619 810 1706 aliquod
833 1620 1228 1686 Pseudo-Decretalibus
1256 1621 1437 1706 analogum

312 1715 456 1782 habetur
488 1718 522 1780 in
547 1715 712 1802 Operibus
745 1716 810 1781 illis
833 1716 1029 1803 praeclaris,
1062 1717 1105 1782 ad
1133 1717 1335 1804 theologiam
1365 1719 1437 1802 dog·

313 1816 470 1879 maticam
498 1825 531 1878 et
554 1816 728 1898 mysticam
753 1813 1012 1900 pertinentibus,
1044 1837 1129 1900 quae
1152 1837 1273 1882 nomen
1298 1838 1440 1901 praese

312 1914 423 1977 ferunt
437 1913 594 1997 Dionysii
611 1912 842 1999 Areopagitae,
867 1914 1036 1999 variisque
1059 1913 1140 1977 locis
1161 1913 1252 1980 hunc
1265 1923 1438 1978 auctorem

314 2011 376 2074 sibi
401 2009 616 2096 vindicant.¹)
661 2011 818 2074 Attamen
843 2013 1048 2075 conveniunt
1070 2021 1181 2076 nostro
1204 2021 1356 2098 tempore
1382 2015 1439 2075 cri·

313 2109 387 2179 tici,
412 2129 512 2193 opera
535 2109 691 2192 Dionysii
714 2108 936 2194 Areopagitae
960 2131 1030 2174 esse
1054 2110 1232 2194 supposita.
1279 2109 1317 2175 Si
1339 2131 1439 2195 quae

312 2208 373 2286 ris,
408 2227 504 2292 quem
538 2206 638 2270 finem
671 2208 815 2292 potuerit
847 2217 962 2270 auctor
993 2205 1115 2271 habere
1148 2207 1228 2271 dum
1260 2229 1439 2292 personam

312 2305 468 2387 Dionysii
493 2305 725 2383 ementiretur,
758 2325 878 2388 magns
902 2325 978 2368 cum
1002 2303 1235 2390 probabilitate
1258 2305 1441 2390 respondet

275 2411 277 2417 '
312 2401 483 2486 nourry‘),
507 2401 541 2465 id
567 2423 642 2466 eum
666 2401 783 2466 fecisse
808 2413 844 2465 ut
867 2403 983 2488 majori
1009 2424 1084 2466 cum
1109 2404 1305 2467 auctoritate
1329 2401 1438 2465 ortho-

314 2499 435 2562 doxam
459 2498 643 2564 doctrinam
668 2509 782 2564 contra
803 2500 1017 2564 Nestorianos
1041 2511 1073 2564 et
1088 2499 1340 2585 Monophysitas
1369 2501 1438 2562 vin·

313 2596 449 2662 dicaret.
495 2597 606 2661 Potuit
630 2599 731 2682 igitur
754 2601 816 2679 vir,
841 2619 940 2686 quem
964 2599 1057 2684 pium
1081 2608 1113 2662 et
1136 2600 1318 2685 sapientem
1335 2619 1437 2682 opera

313 2753 525 2760 ——o—

311 2819 373 2874 rimi
401 2819 582 2887 episcoporum
606 2818 635 2871 vi
659 2818 775 2887 propriis
800 2834 817 2872 s
841 2818 948 2873 sedibus
972 2819 1078 2887 expulsi
1105 2825 1155 2872 ant
1179 2819 1274 2874 timore
1296 2818 1441 2873 derelictis

312 2898 442 2969 gregibus
467 2899 582 2953 diversis
607 2898 636 2952 in
663 2897 787 2966 partibus
805 2897 970 2954 exulautur.‘
1006 2897 1036 2953 C.
1055 2899 1086 2952 3:
1115 2898 1212 2966 „liniti
1237 2898 1354 2965 denique
1374 2897 1439 2952 hinc

312 2985 437 3048 potentes
455 2979 557 3048 expulsi
570 2984 635 3032 sunt
652 2993 669 3032 s
686 2978 791 3046 patria;
809 2978 926 3046 episcopi
939 2993 1044 3045 quoqne
1056 2978 1139 3034 aliive
1150 2978 1202 3033 Dei
1214 2978 1334 3034 ministri
1346 2986 1438 3032 custo

311 3062 370 3116 dias
389 3067 417 3143 et
435 3059 518 3114 exilia
535 3059 632 3127 psssi.“

387 3152 405 3212 ¹)
425 3149 554 3217 Quamvis
585 3147 668 3203 etiam
699 3153 792 3201 nostro
824 3153 943 3215 tempore
972 3146 1066 3216 magui
1093 3147 1271 3202 aestimentur
1295 3147 1344 3201 illa
1369 3147 1439 3200 Dio-

312 3232 383 3299 nysii
402 3243 491 3298 opera,
513 3227 680 3282 conveniunt
698 3233 789 3282 umen
808 3228 885 3282 modo
903 3227 1055 3296 generatim
1074 3225 1183 3290 eruditi,
1202 3243 1284 3296 opera
1302 3226 1436 3294 ejusmi

313 3311 452 3380 mpposite
476 3324 534 3364 osae
558 3314 587 3363 et
610 3307 710 3362 saeculi
739 3307 828 3388 quinti
853 3307 964 3362 foetum
1002 3305 1206 3362 Genuinitatem
1237 3322 1301 3361 vcro
1326 3307 1438 3360 illorum

313 3405 422 3459 operum
446 3395 529 3443 anna
553 3387 632 3442 multi
657 3386 838 3443 defendsmnt
855 3387 999 3450 acerrime,
1027 3393 1056 3440 et
1079 3387 1109 3440 in
1128 3387 1256 3456 ejusmodi
1275 3386 1439 3453 qumnone

312 3471 428 3526 mammo
450 3470 492 3524 nsi
523 3475 588 3524 sunt
613 3483 643 3523 eo
669 3473 845 3536 argumento,
877 3483 937 3522 cum
963 3465 1081 3521 auctoris
1109 3467 1213 3535 pietate
1241 3483 1274 3520 sc
1297 3465 1438 3534 sapientia

313 3551 458 3607 manifeste
482 3555 511 3603 et
529 3548 629 3603 eximia
647 3547 755 3602 omnino
774 3561 911 3616 pugnare,
942 3545 1011 3614 quod
1034 3546 1093 3614 ipse
1111 3545 1196 3600 fuerit
1220 3545 1360 3608 falsarius,
1389 3545 1437 3610 qni

314 3633 408 3688 frande
426 3648 457 3686 ac
474 3629 612 3686 mendacio
630 3627 753 3695 Dionysii
772 3627 956 3696 Areopagitae
974 3627 1095 3682 induerit
1112 3641 1261 3695 personam.
1297 3625 1344 3680 Ita
1360 3639 1387 3679 e.
1408 3643 1436 3691 g.

312 3714 341 3766 in
366 3711 480 3781 epistole
505 3711 539 3763 ad
563 3709 713 3764 Lasselinm
739 3708 782 3762 die
808 3709 842 3762 25
861 3707 963 3776 Aprilis
988 3708 1054 3762 armi
1078 3709 1148 3761 1615
1172 3706 1288 3774 scripta,
1315 3704 1438 3758 Lessius

313 3793 478 3848 clarissimus
496 3807 562 3845 saue
580 3789 729 3858 theologus,
749 3789 799 3842 hoc
814 3795 974 3857 argumento
992 3787 1193 3857 genuinitetem
1204 3785 1311 3840 illorum
1323 3797 1437 3852 opernm

312 3874 412 3928 acriter
435 3877 597 3941 propugnat.
635 3869 680 3938 (V.
707 3867 908 3924 Praefatiouem
935 3868 1062 3923 editionis
1087 3867 1204 3936 Operum
1230 3864 1351 3932 Dionysii
1384 3879 1438 3932 per

313 3953 462 4007 Lassclinm
487 3966 528 4019 ap.
555 3951 664 4004 Binium
689 3948 759 4002 Bibl.
785 3948 899 4002 Petrum
924 3953 944 4002 t.
969 3949 991 4001 I.
1017 3964 1043 4016 p.
1070 3949 1140 4008 105).
1177 3947 1229 4002 Sed
1255 3945 1317 4000 inde
1339 3947 1437 4012 potius

313 4033 436 4103 colliges,
464 4047 517 4087 uon
542 4045 645 4100 semper
663 4031 794 4098 pietatem
819 4034 848 4083 et
865 4027 952 4083 aslum
977 4043 1035 4082 esse
1053 4026 1198 4081 secundum
1223 4025 1376 4084 scientiam.
1405 4035 1435 4076 et

313 4129 425 4168 enonas
443 4127 520 4181 posse
538 4112 566 4166 in
585 4109 686 4164 talibus
705 4125 763 4164 esse
778 4108 891 4176 judicia.

385 4195 406 4256 ²)
425 4195 537 4248 Dissert.
563 4193 596 4247 dc
620 4191 743 4258 operibus
768 4205 789 4244 s.
809 4188 933 4256 Dionysii
960 4187 990 4241 in
1015 4191 1150 4256 apparatu
1177 4183 1212 4239 ad
1236 4183 1433 4240 Bibliothecam

313 4290 381 4329 max,
401 4274 523 4338 Petrum
541 4287 567 4339 p.
587 4271 648 4326 603.
737 4287 739 4294 ⁴
