3002 4836
282 456 317 510 te
637 455 676 507 lle
695 453 799 508 haeresi
819 455 1051 510 iconoclastarum,

282 610 311 662 et
334 599 471 662 omnium
494 596 680 662 tiaratorum
702 619 886 662 veneramur
907 599 1068 684 imapines.
1086 635 1127 646 —-
1145 599 1275 664 Deinde
1296 600 1404 664 multa

283 695 405 781 profert
419 694 462 760 ad
477 694 603 760 cultum
627 717 795 759 sacrarum
819 697 1001 780 imaginum
1026 718 1068 760 ex
1083 697 1253 783 Scriptura
1277 709 1309 762 et
1322 699 1404 762 Tra·

283 794 408 860 ditione
432 793 683 858 vindicandum.
730 793 829 857 Porro
865 796 964 858 enixe
987 815 1042 860 eos
1066 805 1191 876 mouet,
1215 805 1252 859 ut
1276 795 1404 859 cultram

283 913 451 956 sacrarum
467 893 651 976 imaginum
663 892 838 956 restituant
854 889 1140 978 Constantinopoli
1151 903 1183 956 et
1197 894 1231 956 in
1242 893 1405 979 Imperi03

283 989 402 1054 annuit
431 1009 509 1054 vcro
535 987 684 1054 Cone-ilio
715 988 932 1068 celebrando,
965 992 993 1054 si
1011 1001 1149 1077 propter
1178 991 1407 1054 Maelianum

283 1088 445 1151 vesaniam
465 1109 518 1150 res
541 1085 636 1150 aliter
659 1085 815 1172 compleri
838 1097 991 1172 nequeat.
1031 1087 1128 1152 Unde
1152 1087 1325 1152 manifeste
1349 1109 1408 1172 pa-

284 1193 340 1264 tet,
365 1183 573 1248 Hadrianum
605 1183 792 1248 nullatenus
822 1183 1006 1248 doctrinam
1039 1185 1264 1250 consideratae
1287 1196 1323 1249 ut
1347 1186 1408 1250 du-

285 1283 386 1362 biam,
411 1298 495 1367 qnae
520 1283 553 1345 in
579 1281 727 1347 Concilio
752 1284 964 1346 accuntcnico
990 1283 1100 1346 dirimi
1126 1282 1253 1356 debeat,
1279 1284 1334 1347 sed
1363 1283 1408 1346 ab

285 1381 428 1444 rationes
461 1390 630 1460 externas,
665 1390 700 1443 ut
730 1379 970 1444 haereticorum
1000 1391 1086 1444 artes
1118 1379 1335 1464 eliderentur,
1374 1392 1409 1444 et

286 1478 401 1564 majori
435 1499 511 1541 cum
536 1478 649 1560 vigore
674 1477 793 1560 dogma
824 1477 1022 1541 catholicum
1057 1477 1292 1560 vindicaretur,
1325 1478 1409 1544 cele-

287 1575 471 1639 brationem
496 1573 635 1638 Consilii
661 1575 743 1638 forte
767 1585 984 1660 opportunam
1009 1575 1087 1654 fore,
1113 1579 1297 1660 agnovisse.

133 1700 270 1743 cenetense
375 1675 429 1738 52.
453 1673 572 1736 Varias
602 1683 713 1736 autem
746 1673 899 1757 praefinit
929 1671 1154 1756 conditiones,
1186 1685 1222 1738 ut
1253 1676 1413 1760 Synodus

156 1761 243 1812 simii·
288 1773 390 1857 possit
414 1793 490 1833 cum
515 1771 621 1834 fructu
647 1768 760 1833 haberi
778 1772 873 1856 cique
896 1769 994 1854 legati
1020 1773 1123 1857 ipsius
1147 1782 1215 1836 tuto
1241 1776 1412 1855 interesse,

289 1872 388 1934 etiam
412 1870 440 1932 si
471 1892 547 1954 pars
577 1868 718 1932 adversa
741 1869 980 1933 restitutionem
997 1871 1194 1954 >imaginum
1222 1871 1413 1956 impediret.

293 1966 405 2032 Coram
427 1967 495 2030 Deo
515 1989 612 2053 posce
637 1977 666 2029 et
690 1967 815 2053 adjura,
839 1967 954 2030 scribit
968 1965 1132 2048 Pontifex,
1156 1979 1191 2030 ut
1213 1969 1336 2032 easdem
1360 1993 1414 2032 sa-

290 2066 486 2130 cratissimas
508 2067 662 2150 imapines
684 2065 719 2126 in
742 2065 816 2150 ipsa
840 2087 861 2126 a
876 2065 943 2127 Deo
967 2076 1151 2128 conseruata
1172 2069 1259 2154 re9ia
1282 2068 1357 2130 rerba
1383 2080 1417 2130 et

291 2164 422 2227 caeteris
448 2163 602 2227 Graeciae
621 2161 786 2248 partibus,
809 2163 844 2223 in
861 2162 1036 2248 pristinum
1060 2172 1174 2226 stateem
1196 2166 1358 2228 restituere
1384 2177 1416 2228 et

292 2261 473 2344 confirmare
489 2259 642 2348 jubeatis,
658 2259 856 2323 observantes
871 2259 1074 2322 traditionem
1087 2261 1178 2349 bujus
1193 2273 1415 2326 sacrosanctae

292 2369 418 2422 nostrae
443 2359 605 2421 Romanae
638 2357 800 2435 ecclesiae,
826 2357 1007 2446 adjectantes
1037 2368 1066 2419 et
1087 2369 1267 2442 respuentes
1289 2360 1416 2446 iniquo·

292 2479 360 2518 rum
377 2465 467 2540 atque
481 2456 704 2518 baereticorum
719 2453 925 2534 calliditates,
944 2463 978 2516 nt
990 2456 1024 2517 in
1038 2456 1128 2543 bajus
1143 2465 1269 2518 noemae
1284 2469 1416 2520 sanctae

293 2551 462 2616 catholicae
495 2565 525 2616 et
548 2551 740 2639 apostolicae
771 2563 801 2615 et
822 2551 1107 2638 irreprehensibilis
1130 2555 1292 2616 Romanae
1320 2553 1416 2616 ercle-

294 2653 360 2716 siae
384 2651 469 2715 ulnis
492 2651 720 2736 suscipiamini.
768 2649 805 2713 Si
827 2672 897 2713 nero
915 2649 1105 2736 impossibiie
1130 2661 1175 2713 est
1188 2652 1418 2714 haereticoram

294 2750 440 2812 tresaniae
458 2772 522 2835 pro
546 2748 766 2812 incredulitate
781 2749 936 2833 ipsorum,
958 2748 1048 2834 ipsas
1071 2770 1180 2811 sacras
1204 2772 1241 2811 aa
1263 2771 1417 2812 ueneran-

294 2847 354 2910 das
376 2849 529 2933 imagines
551 2848 619 2908 sine
638 2845 761 2930 Syriam
784 2844 905 2909 arnone
924 2847 960 2908 in
977 2847 1117 2930 pristino
1142 2847 1258 2932 eripere
1282 2871 1319 2910 ac
1343 2871 1418 2912 eore-

290 2945 418 3030 firmare
441 2954 540 3023 statu,
574 2956 604 3008 et
626 2955 751 3008 nostres
780 2944 959 3007 sacerdotes
979 2965 1039 3028 pro
1063 2943 1241 3034 hujusmodi
1257 2945 1320 3030 pia
1343 2967 1418 3032 ope-

294 3043 419 3106 ratione
444 3053 547 3105 oestra
571 3043 658 3128 cupit
673 3041 872 3104 serenissima
886 3040 1062 3128 imperialis
1081 3045 1229 3128 potetetia
1251 3045 1417 3122 amarsire,

295 3141 376 3204 sicut
407 3143 443 3204 ia
472 3141 584 3205 vestris
605 3139 716 3224 fertur
748 3137 968 3224 imperialibus
990 3139 1203 3227 jurationibus,
1235 3141 1270 3203 in
1297 3143 1419 3226 primis

290 3236 567 3324 pseudosyllopum
596 3235 693 3314 illud,
726 3235 810 3321 qued
842 3237 909 3299 sine
942 3236 1118 3321 apostoliea
1142 3235 1221 3300 Sede
1249 3239 1420 3300 enormiter

297 3347 326 3400 et
348 3335 615 3399 irrationabiliter
636 3335 835 3418 nequiterque
858 3343 968 3398 cenna
992 3343 1169 3398 sanctornm
1190 3333 1419 3399 uenerabilium

291 3445 423 3521 patrum
447 3432 651 3496 traditionem
674 3433 712 3495 de
742 3433 844 3496 seems
871 3431 1062 3516 imapinibus
1085 3443 1187 3496 aetam
1209 3443 1265 3511 est,
1291 3434 1419 3497 anate

297 3533 461 3594 metiretur
469 3531 693 3616 praesentibus
715 3531 820 3594 missis
842 3531 975 3612 nestris3
1000 3537 1030 3592 et
1054 3541 1125 3594 tune
1148 3533 1229 3594 sicem
1242 3533 1420 3617 muipmms

297 3651 363 3692 mos
386 3630 517 3709 mstint,
534 3627 749 3716 jurejurando
781 3639 887 3692 aesna
912 3628 1063 3713 piissima
1095 3640 1125 3692 et
1153 3627 1418 3715 tranquillissima

293 3737 439 3813 potestas
467 3747 533 3790 una
562 3749 630 3789 enm
657 3727 798 3789 Domirm
825 3726 969 3810 Aupusta
995 3727 1139 3812 piissimi
1167 3727 1294 3812 imperii
1323 3728 1422 3792 verbi

298 3825 463 3908 penituiee,
498 3847 552 3888 seu
584 3824 722 3912 ejusdem
753 3826 857 3908 repiae
890 3823 978 3887 urbis
1006 3826 1208 3909 patriarcba,
1240 3847 1363 3889 necnon
1391 3837 1422 3889 et

299 3933 407 3985 cuncto
422 3931 547 4000 senam,
571 3923 736 4008 corporale
760 3921 929 3986 nibuentes
941 3933 1178 4001 sacramentam,
1202 3923 1326 3986 uerbum
1341 3946 1420 3986 ccm-

299 4021 499 4083 monitorinm
522 4021 602 4082 siud
626 4022 809 4106 antiquina,
829 4022 892 4106 pia
915 4019 1017 4084 Sacra
1039 4021 1129 4082 nobis
1152 4021 1289 4107 diripere
1312 4021 1422 4106 dipese-

301 4128 352 4181 tur
374 4117 551 4204 imperialis
569 4129 728 4203 potestas:
754 4119 828 4202 qnia
851 4141 915 4182 non
938 4129 984 4182 est
1007 4118 1095 4204 apud
1117 4140 1171 4182 eos
1188 4117 1298 4203 partis
1319 4121 1422 4207 atejus·

283 4215 377 4280 tite
391 4217 492 4302 favor
515 4227 571 4280 aut
603 4216 755 4302 defensio,
789 4217 844 4280 sed
867 4215 1090 4302 aequalitatem
1112 4217 1250 4301 utrisque
1270 4213 1423 4300 partibus
