2904 4834
308 475 362 529 420
627 470 716 524 XVII.
753 469 794 524 De
812 469 956 526 schismate
973 469 1115 526 Photiano.

310 619 343 680 in
365 617 435 680 istis
458 637 567 680 rerum
586 614 755 701 adjunctis
769 613 878 678 facere
894 614 1095 696 conveniret,
1120 615 1286 698 synodum
1300 614 1417 697 habuit,

310 715 361 778 cui
397 713 652 800 septemdeceim
675 713 822 797 episcopi
846 709 1040 794 adfuerunt,
1075 714 1160 778 inter
1192 735 1275 798 quos
1306 716 1418 799 primas

309 823 418 898 partes
441 813 547 896 ‘gessit
575 809 752 875 Zacharias
782 809 993 874 Amaniensis.
1040 807 1267 876 Obtinuerunt
1294 811 1416 876 tandem

308 911 408 994 legati
432 907 542 972 Photii
572 908 660 993 quod
683 906 911 993 postulabant,
947 917 1046 993 atque
1071 908 1125 972 dIe
1155 907 1209 972 16ο
1233 909 1370 992 Augusti
1390 931 1417 972 a.

310 1009 374 1074 879
397 1007 545 1072 Ioannes
569 1005 653 1070 VIII
677 1005 769 1070 dedit
792 1005 835 1069 ad
849 1005 1011 1070 Basiliam
1030 1005 1267 1091 Imperatorem
1292 1007 1417 1092 ejusque

309 1104 394 1169 filios
416 1104 550 1184 litteras,
575 1103 695 1188 quibus
719 1105 767 1168 eis
790 1102 966 1188 significat,
990 1125 1025 1168 se
1048 1113 1182 1189 propter
1203 1105 1296 1189 pacis
1312 1113 1343 1166 et
1356 1105 1416 1167 uni-

309 1204 385 1266 tatis
409 1201 650 1266 ecclesiasticae
675 1200 808 1282 bonum,
834 1200 875 1264 de
899 1200 1107 1266 decessorum
1131 1211 1164 1266 et
1185 1199 1312 1286 Synodi
1335 1223 1442 1268 oecu·,

309 1301 458 1364 monicae
492 1299 632 1364 decretis
655 1298 857 1384 dispensare,
892 1307 924 1362 et
946 1298 1103 1364 Photium
1138 1309 1174 1362 ut
1206 1299 1416 1385 patriarcham

310 1400 344 1462 iu
364 1399 630 1461 communionem
653 1398 809 1482 recipere,
834 1417 873 1459 ea
896 1395 977 1480 lege,
1002 1405 1039 1459 ut
1063 1397 1089 1460 is
1113 1398 1147 1461 in
1170 1397 1295 1480 synodo
1318 1419 1416 1462 coram

310 1492 406 1559 Sedis
439 1493 651 1581 Apostolioae
689 1492 807 1579 legatis
846 1493 1045 1558 celebrande
1081 1496 1204 1560 veniam
1238 1494 1442 1580 postularet

313 1593 430 1676 „Nunc
454 1593 574 1678 itaque,
599 1591 723 1672 scribit,
748 1591 821 1656 aliis
845 1590 1060 1677 patriarchis,
1084 1590 1314 1657 Alexandrino
1340 1591 1416 1656 vide·

234 1670 285 1699 ω’
309 1689 397 1772 licet,
434 1699 466 1752 et
500 1689 708 1753 Antiocheno
745 1700 777 1752 et
810 1687 1102 1774 Jerosolymitano,
1138 1699 1239 1775 etque
1274 1689 1420 1754 omnibus

310 1788 575 1873 archiepiscopis,
587 1785 812 1872 metropolitis,
825 1789 989 1873 episcopis
1002 1797 1034 1849 et
1046 1787 1283 1869 sacerdotibus,
1296 1798 1417 1852 cuncto·
1441 1819 1442 1874 3

309 1909 373 1974 que
397 1885 482 1950 clero
508 1883 657 1970 Optanae
681 1884 856 1968 ecclesiae,
889 1887 945 1971 qui
970 1885 1011 1950 de
1034 1885 1242 1950 ordinatione
1272 1884 1304 1950 b.
1330 1875 1442 1962 meml

308 1983 469 2048 Methodii
498 1992 531 2046 et
553 1981 676 2066 Ignatii
699 1983 1049 2048 reverendissimorum
1073 1983 1338 2069 patriarcharum
1360 1985 1417 2048 exi·

309 2092 407 2166 stunt,
432 2104 499 2145 una
522 2079 691 2144 voluntate
714 2083 851 2168 parique
875 2091 952 2146 voto
967 2079 1259 2164 consentientibus,
1284 2081 1417 2146 eundem

308 2179 464 2244 Photium
487 2169 715 2266 sots'ffacieado
739 2181 987 2244 misericordiam
1005 2201 1111 2244 coram
1125 2180 1245 2266 synodo
1260 2179 1419 2244 secuudum

308 2277 560 2343 consectadioem
579 2274 810 2362 postulantem,
845 2279 879 2341 in
904 2299 983 2342 vera
1006 2277 1183 2342 dilectIone
1205 2275 1358 2357 fratrem,
1388 2279 1417 2340 in

309 2373 489 2461 pontificali
505 2373 614 2438 officio
630 2376 902 2457 comministrum,
923 2376 957 2438 in
974 2375 1130 2460 pastorali
1146 2377 1336 2459 magisterio
1353 2395 1418 2439 con·

308 2471 510 2536 sacerdotem
543 2493 601 2556 pro
634 2471 803 2536 Ecclesiae
828 2472 892 2535 Dei
928 2495 1009 2558 pace
1045 2484 1077 2538 et
1100 2472 1258 2554 utilitate,
1295 2471 1416 2538 amodo.

310 2568 440 2634 Christo
464 2569 607 2650 fauente,
631 2570 809 2655 recipimus
833 2580 866 2634 et
888 2568 1114 2657 habemus.“¹)
1153 2571 1237 2634 Idam
1257 2581 1418 2656 praeterae

309 2665 531 2730 conditionem
545 2668 743 2732 restitutioni
753 2665 864 2730 Photii
879 2667 1011 2753 adjecit,
1028 2679 1065 2731 ut
1077 2667 1265 2754 Bulqomam
1279 2669 1417 2733 eodemne

307 2766 471 2828 Romanae
494 2766 678 2828 restitueret.
710 2765 869 2830 Decrevit
893 2764 1046 2851 denique,
1071 2775 1108 2829 ut
1121 2775 1195 2851 post
1210 2766 1282 2852 ejus
1298 2765 1418 2830 obitum

307 2860 397 2925 haud
426 2883 443 2924 e
465 2859 559 2925 laicis
583 2871 616 2924 et
639 2862 832 2943 curialibus,
866 2863 924 2928 scd
955 2885 996 2927 ex
1021 2862 1106 2928 clero
1132 2861 1266 2928 CPtano
1290 2867 1417 2950 patrier-

307 2957 369 3022 eha
393 2958 581 3044 eligeretur.

398 3075 470 3140 112.
496 3074 593 3138 Hanc
615 3073 755 3138 Ioannis
784 3075 905 3159 agendi
937 3077 1097 3140 rationem
1127 3076 1220 3141 multi
1251 3079 1418 3162 scriptores

307 3171 461 3236 catholici
495 3181 594 3257 atque
627 3173 773 3256 insignes
805 3172 1020 3238 vehementer
1051 3175 1299 3259 perstringunt,
1341 3177 1419 3239 inter

306 3291 388 3355 quos
401 3268 607 3355 Baroniusl),
631 3268 759 3334 Natalis
773 3270 975 3352 Alexander,
999 3271 1128 3353 Binius,
1151 3273 1263 3356 Jager,
1286 3293 1414 3358 quorum

306 3367 363 3432 alii
380 3366 580 3452 culpabilem
604 3367 773 3450 ignaviam
785 3368 941 3434 Pontifici
956 3367 1167 3453 exprobrant,
1191 3370 1246 3434 elii
1271 3393 1292 3434 a
1306 3369 1417 3435 Photio

306 3485 382 3528 eum
407 3464 581 3550 deceptum
605 3487 675 3530 esse
698 3465 887 3531 advertunt.
917 3465 1032 3530 Plures
1055 3475 1166 3532 tamen
1191 3479 1350 3548 auctores,
1375 3467 1414 3528 uti

306 3561 380 3627 Em.
409 3561 672 3648 Hergenrtither‚
707 3563 900 3646 observent,
936 3566 1150 3650 gravissimas
1173 3585 1291 3630 revera
1324 3565 1417 3629 faisse

305 3660 429 3725 Ioanni
453 3659 537 3724 VIII
559 3663 717 3742 ratIones,
750 3671 787 3725 ut
810 3662 1033 3726 moderatione
1057 3683 1179 3746 magne
1202 3672 1234 3726 et
1257 3662 1413 3748 dispensa·

305 3759 395 3822 tione
419 3767 574 3840 uteretur,
600 3781 742 3845 eumque
764 3759 959 3845 praevidere
983 3759 1073 3825 haud
1097 3761 1242 3846 potuisse
1266 3783 1315 3844 ea,
1339 3781 1414 3846 quac

307 3856 384 3921 dein
408 3865 605 3938 evenerunt,
630 3879 691 3920 neo
715 3867 840 3922 tantam
863 3857 974 3922 Photii
998 3859 1206 3943 iniquitatem
1230 3879 1414 3943 supponere.

379 4084 397 4145 ¹>
415 4083 465 4152 Ep,
485 4084 552 4150 1993
570 4083 661 4140 Labbe
679 4085 728 4141 IX.
752 4088 812 4140 130.

378 4163 399 4232 ²)
418 4163 461 4216 Ad
480 4179 505 4219 a.
524 4163 575 4218 879
594 4180 620 4218 n.
640 4167 664 4220 5.
685 4196 720 4206 -
740 4165 873 4235 Opinctur
885 4166 1026 4232 Batonius,
1045 4183 1078 4222 ex
1096 4167 1210 4224 Ioannis
1224 4165 1292 4220 VIII
1310 4161 1414 4234 moesis

305 4242 355 4297 hac
373 4243 400 4297 in
420 4257 449 4296 re
467 4241 587 4298 fabulam
604 4245 735 4312 prodiisse
753 4245 787 4301 de
804 4246 913 4302 Joennc
930 4247 1047 4317 papissa.
