2922 4832
344 475 385 529 De
404 477 465 546 lege
482 475 630 530 coelibatus
649 476 760 530 violata
1083 475 1138 532 175

36 631 171 706 tanquam
195 620 364 705 mancipia
387 621 458 684 sive
482 622 580 685 servi.
627 619 680 684 Illi
704 621 805 704 igitur
821 619 933 683 clerici
957 619 1137 684 studebant

35 716 134 781 liberas
156 718 312 782 mulieres
336 720 371 782 in
394 739 514 781 uxores
538 717 669 797 ducere,
698 716 858 802 neglectis
882 715 1011 781 ancillis
1034 717 1136 782 eccle·

34 815 102 896 siae,
129 818 149 882 i.
173 839 202 884 e.
226 817 360 881 feminis
383 837 468 902 quae
492 815 535 880 ad
559 817 781 901 possessiones
810 823 842 878 et
864 815 1061 880 famulatum
1086 838 1136 880 ec·

35 912 132 979 clasiae
155 915 376 1002 pertinebant.
424 915 475 978 Ea
507 915 634 978 ratione
667 913 778 978 clerici
810 915 873 999 ipsi
898 935 936 978 eo
965 916 1137 999 pervenie-

33 1009 105 1092 bant,
128 1023 164 1076 ut
195 1011 284 1078 bona
315 1036 334 1078 a
367 1011 504 1076 muliere
535 1011 641 1077 libera
671 1011 790 1094 allata,
825 1033 921 1097 agros
952 1022 985 1076 et
1007 1013 1135 1098 vineas,

32 1111 228 1192 possiderent.
274 1111 353 1176 Filii
376 1121 498 1193 autem,
528 1132 611 1197 quos
635 1133 711 1174 cum
734 1109 839 1174 libera
862 1120 1054 1196 genuerant,
1080 1112 1136 1175 ab·

31 1229 80 1270 usu
111 1211 254 1296 quodam
293 1209 518 1275 conditionem
554 1210 669 1273 matris
705 1207 928 1294 sequebantur
964 1231 1004 1273 ac
1038 1208 1135 1273 liberi

31 1319 122 1389 erant,
156 1309 288 1395 illisque
320 1331 363 1372 ex
397 1307 494 1372 bonis
530 1307 689 1371 ecclesiae
720 1306 958 1372 haereditatem
982 1329 1135 1393 procura-

30 1401 96 1468 bant
116 1419 236 1492 patres.
276 1406 389 1493 Atque
425 1407 473 1470 sio
497 1405 586 1470 bona
611 1405 668 1469 illa
698 1403 857 1468 ecelesiae
882 1405 1135 1490 diripiebantur,

29 1510 53 1562 et
73 1505 103 1567 in
125 1507 360 1592 proprietatem
384 1503 570 1568 transibant
601 1503 814 1567 familiarum.
859 1503 1033 1568 Praeterea
1056 1525 1136 1568 vero

30 1599 77 1663 filii
100 1603 150 1666 isti
177 1602 372 1668 clericorum
396 1603 587 1688 frequenter
610 1623 679 1664 sese
703 1599 905 1666 addicebant
929 1603 1062 1666 servitio
1080 1601 1135 1665 ali-

29 1701 108 1782 cujus
131 1703 295 1787 principis
319 1700 373 1765 vel
396 1702 558 1787 proceris,
593 1699 739 1786 dumque
771 1720 848 1762 cum
876 1697 972 1763 honis
996 1698 1059 1763 sibi
1083 1721 1136 1762 ac·

25 1799 138 1880 quiritis
166 1800 286 1864 milites
316 1821 374 1864 seu
404 1799 581 1863 feudatarii
614 1799 718 1882 ipsius
751 1796 891 1879 fiebant,
924 1799 1071 1882 potentia
1104 1807 1137 1862 et

26 1901 234 1977 possessiones
257 1898 420 1963 baronum
444 1906 544 1984 atque
570 1898 727 1960 comitum
752 1895 968 1979 augebantur.
1000 1895 1137 1960 Nobiles

23 2003 121 2060 autem
130 1997 173 2061 ad
189 1996 476 2060 hocvehementer
487 1993 672 2078 inhiabant,
688 1993 837 2079 adeoque
855 1997 979 2079 nuptiis
996 1994 1074 2058 cleri
1090 1994 1137 2057 fa·

24 2089 149 2176 vehant,
186 2105 259 2158 tum
292 2103 328 2158 ut
359 2095 445 2158 filias
475 2115 551 2158 suas
586 2094 620 2157 in
654 2093 901 2156 matrimonium
927 2092 1135 2176 collocarent,

22 2199 81 2254 tum
105 2201 141 2254 ut
165 2191 381 2257 ecclesiarum
413 2192 636 2278 possessiones
666 2213 745 2254 suae
774 2191 892 2254 ditioni
916 2193 1135 2276 acquirerent.

98 2309 151 2373 25.
201 2310 432 2394 Direptionem
466 2306 557 2371 illam
589 2305 752 2371 bonorum
777 2306 951 2388 ecclesiae,
984 2327 1068 2391 quae
1092 2328 1135 2370 ex

19 2409 133 2489 nuptiis
158 2406 354 2471 clericorum
378 2405 605 2492 proveniebat,
631 2406 776 2469 maxime
804 2404 1004 2470 condemnat
1030 2405 1134 2469 Bene·
1160 2398 1296 2512 fflffiffl

20 2499 116 2568 dictus
142 2505 228 2569 VIII
260 2507 294 2569 in
319 2503 459 2570 concilio
484 2505 594 2568 Ticini
618 2525 705 2567 anno
732 2502 817 2567 1018
842 2502 970 2582 habito,
1009 2503 1133 2587 inquo
1249 2497 1257 2513 '

19 2605 101 2665 varia
127 2613 243 2668 contra
268 2603 462 2668 clericorum
493 2603 768 2666 incontinentiam
793 2609 915 2666 statuta
939 2609 1024 2681 sunt,
1049 2599 1132 2663 inhi-

19 2695 193 2787 bitumque,
218 2703 396 2787 quominus
418 2701 478 2765 filii
502 2701 697 2765 clericorum
720 2700 853 2762 servitio
878 2697 1036 2762 ecclesiae
1060 2699 1133 2762 sub-

17 2799 229 2866 traherentur.
276 2800 333 2865 Ait
356 2799 528 2864 Pontifex:
569 2797 694 2882 „Reges
723 2799 836 2882 utique
861 2807 893 2860 et
915 2796 1135 2881 Imperatores

19 2893 180 2963 Christum
206 2901 309 2962 secuti
334 2908 367 2962 et
389 2896 531 2984 populus
556 2895 738 2960 catholicus
766 2896 867 2958 armis
891 2893 968 2958 fidei
993 2895 1133 2980 acquisi-

15 3003 79 3076 tus,
126 2997 344 3083 amplissimis
382 2997 590 3082 patrimoniis
633 2993 807 3058 ecclesiam
847 2993 1056 3071 ditaverunt,
1102 3003 1136 3057 et

16 3095 279 3178 exquisitissimis
312 3117 384 3159 eam
423 3092 684 3179 possessionibus
720 3091 762 3156 ad
801 3113 891 3155 mare
928 3113 1032 3177 usque
1067 3114 1134 3155 am-

13 3190 211 3272 pliaverunt.
273 3193 339 3260 Sed
375 3192 461 3257 bene
500 3201 635 3277 parata,
681 3189 765 3254 male
807 3200 884 3254 sunt
927 3199 1135 3254 conservata.

14 3286 133 3356 Omnes
172 3294 262 3356 enim
300 3314 372 3357 eam
406 3299 673 3376 pertranseuntes
706 3289 885 3374 diripiunt3
926 3296 958 3352 et
996 3287 1031 3352 hi
1069 3310 1134 3352 ma·

12 3390 113 3470 xime,
150 3391 209 3476 qui
245 3389 404 3454 videntur
437 3411 508 3453 esse
542 3399 700 3469 rectores,
739 3386 845 3452 modis
878 3385 1032 3450 omnibus
1065 3388 1135 3472 qui-

13 3481 69 3550 bus
92 3497 235 3574 possunt
258 3487 455 3553 conculcant
487 3497 519 3551 et
548 3496 757 3572 paupertant.
803 3483 945 3548 Praedia
980 3485 1069 3548 enim
1102 3494 1135 3548 et

11 3588 232 3667 possessiones
255 3597 313 3650 aut
335 3585 464 3668 tollunt,
489 3595 547 3648 ant
570 3585 734 3663 minuunt,
759 3591 816 3646 aut
837 3581 1035 3669 quibusdam
1059 3583 1134 3646 titu-

10 3681 46 3746 lis
69 3695 101 3748 et
126 3687 262 3771 scriptis
287 3683 429 3750 colludio
453 3683 640 3766 fabricatis,
674 3705 694 3746 a
724 3681 857 3746 nomine
891 3689 923 3744 et
946 3703 965 3744 a
984 3679 1060 3765 jure
1085 3703 1135 3744 ec·

11 3782 128 3847 clasiae
154 3782 318 3865 alienant3
352 3804 464 3848 servos
493 3782 651 3846 libertarit
683 3780 761 3844 licet
788 3801 855 3842 non
879 3780 1022 3864 possint3
1056 3777 1137 3842 filiis

10 3901 230 3966 congerrones
254 3881 423 3946 infrontati
441 3882 552 3944 omnia
569 3887 762 3963 congerunt.
784 3877 853 3961 Ipsi
879 3897 1010 3963 quoque
1022 3874 1133 3940 clerici

9 3982 62 4063 qui
87 3988 169 4044 sunt
193 3979 233 4043 de
257 3979 383 4043 lamilia
414 3977 587 4060 ecclesiae,
623 3979 650 4041 si
675 3985 751 4040 sunt
784 3975 917 4039 dicendi
942 3974 1053 4038 clerici
1078 3975 1135 4060 qui

9 4079 130 4144 vivunt
156 4087 193 4142 ut
216 4078 359 4160 ethnici,
394 4100 469 4142 cum
494 4077 560 4140 sint
583 4075 625 4166 ab
650 4076 741 4139 omni
765 4072 902 4137 muliere
927 4070 1056 4155 legibus
1081 4095 1137 4135 ex·

9 4176 88 4242 clusi
115 4199 161 4240 ex
189 4175 302 4242 liberis
326 4175 521 4241 mulieribus
545 4174 629 4239 filios
652 4183 841 4259 procreant,
873 4169 1010 4235 ancillas
1034 4169 1135 4234 ecele-

7 4277 72 4340 siae
102 4275 171 4340 hao
204 4275 274 4340 sola
302 4275 419 4340 fraude
455 4275 640 4358 fugientes,
674 4282 711 4335 ut
740 4279 877 4334 matrem
910 4267 1049 4332 liberam
1073 4267 1137 4332 filii
