2952 4832
288 515 327 567 De
347 510 598 567 Prsedecsssoribus
616 511 641 566 S.
663 513 789 580 Gregorii
809 513 871 567 VII.
1103 517 1155 570 239

52 661 99 744 qui
125 659 287 722 maximas
318 667 427 740 partes
459 654 605 718 habebat
636 657 670 718 in
702 655 986 720 administratione
1009 657 1155 743 Imperii,
1173 661 1318 704 ΜΝ

55 759 80 820 in
105 755 213 842 aliquo
249 763 415 818 conventu
445 751 635 838 praesulum
659 751 859 818 Germaniae
882 753 1010 818 Nicolai
1035 733 1188 822 statuta¹¹¹
1208 732 1329 774 GM*

51 857 137 920 inisse
165 853 324 918 audaetsr
355 852 493 937 rojecta,
526 849 691 934 colligitur
721 873 762 914 ex
794 854 896 916 variis
930 853 1155 938 scriptoribus,
1181 880 1182 884 ¹

49 954 192 1038 quamvis
220 949 379 1034 adjuncta
417 971 526 1014 rerum
560 951 619 1014 vix
655 948 821 1014 enucleari
861 952 995 1034 possint
1042 953 1156 1038 Magni

49 1051 194 1114 momenti
218 1047 282 1112 hac
313 1051 346 1112 in
380 1070 415 1112 re
439 1057 515 1112 sunt
545 1046 649 1110 verbo
679 1069 705 1110 s.
729 1047 818 1112 Petri
843 1048 1000 1114 Damiani
1024 1051 1059 1114 in
1081 1052 1156 1116 Dis·

47 1149 211 1233 ceptatione
235 1145 388 1231 synodica
412 1146 498 1208 inter
521 1145 608 1228 togis
631 1144 831 1208 advocatum
856 1155 889 1207 et
914 1146 1083 1213 Romanae
1107 1172 1156 1213 cc·

46 1245 154 1308 clasiae
180 1243 432 1324 defensorem¹)‚
456 1263 557 1327 quam
581 1243 713 1326 scripsit
735 1263 821 1307 anno
838 1243 932 1326 1062,
956 1267 1057 1329 quum
1082 1246 1156 1310 Alo·

46 1343 163 1406 xandro
189 1341 223 1406 ll
255 1340 422 1405 (ladalous
444 1341 603 1424 antipapa
633 1342 802 1425 oppositus
827 1354 920 1405 essct.
968 1343 1067 1428 Regis
1101 1345 1157 1409 ad.

45 1453 173 1504 vocatus
198 1441 284 1504 inter
302 1438 367 1502 alia
392 1446 552 1522 provocat
586 1437 629 1501 ad
660 1436 789 1501 Nicolai
822 1438 990 1504 decretum
1022 1442 1156 1506 dicens:

46 1539 107 1602 Hoc
130 1537 253 1601 accedit
275 1536 359 1622 qaod
376 1537 599 1622 praestantius
622 1546 676 1613 est,
707 1537 783 1621 qaia
807 1537 963 1602 Nicolans
987 1563 1081 1625 papa
1103 1541 1157 1604 ltoc

41 1637 160 1698 domino
193 1657 258 1698 meo
297 1635 364 1718 rapi
395 1633 614 1718 privilepinm,
652 1633 736 1719 qaod
766 1655 806 1696 aa
829 1645 968 1719 paterno
994 1641 1066 1725 jam
1081 1642 1157 1725 jare

41 1743 225 1820 attemperat,
245 1731 409 1818 praebuit,
434 1742 464 1793 ot
474 1753 535 1818 per
551 1729 715 1816 synodalis
729 1733 861 1816 insopor
876 1732 993 1796 decreti
1002 1737 1158 1820 popinam

41 1833 238 1915 confimnaoit.
275 1865 312 1878 -
345 1829 550 1908 Damianos,
589 1849 655 1913 qua
686 1827 855 1892 Ecclesiae
888 1829 1055 1914 defensor,
1091 1855 1156 1898 non

40 1932 167 2009 asserit,
211 1927 292 1992 illud
326 1927 494 1991 decretum
535 1949 555 1989 a
585 1926 722 1990 Nicolao
754 1926 932 2012 aliquando
965 1939 1155 1995 revocatum

38 2027 144 2108 foisse,
171 2027 229 2090 scd
253 2027 363 2090 varias
387 2026 483 2088 affort
505 2026 664 2106 rationes,
699 2047 801 2110 quare
825 2027 859 2089 in
883 2025 1049 2110 adjunctis
1072 2029 1155 2092 diffi-

39 2124 167 2188 cillimis
191 2124 308 2188 electio
326 2121 509 2186 Alexandri
533 2121 623 2186 haud
648 2121 796 2188 invalida
810 2123 909 2187 fuerit
932 2125 973 2188 ob
991 2125 1156 2190 defectum

37 2223 295 2286 confirmationis
325 2223 449 2304 regias,
491 2230 590 2306 atquo
613 2222 700 2284 inter
716 2219 781 2283 alia
814 2223 914 2285 ctiam
947 2223 1027 2287 haec
1057 2225 1156 2289 dicit:

37 2321 109 2383 Ecce
133 2319 300 2406 compellis
330 2341 377 2381 me
401 2319 528 2403 oalpmo
552 2341 690 2382 emmone
715 2319 904 2404 depromere,
935 2322 1019 2406 qaod
1042 2323 1079 2386 ob
1102 2325 1157 2386 im·

28 2418 167 2501 periclis
193 2418 317 2504 palatii
346 2417 553 2480 rsoaeatiam
583 2417 780 2480 decreveram
817 2415 943 2481 silentio
970 2424 1157 2504 praeterire,

33 2516 84 2578 sed
106 2521 212 2604 juncta
238 2527 360 2579 cestrae
390 2515 508 2578 scilicet
543 2516 720 2578 eaeacnonis
748 2516 936 2579 instantiam
957 2520 1030 2603 jam
1048 2518 1156 2602 profe·

31 2624 123 2676 rntar
165 2616 202 2676 in
225 2613 362 2676 mediam
384 2633 463 2697 opas
498 2615 652 2698 eprepinm
675 2623 818 2692 vestram,
852 2612 986 2677 saeculis
1015 2615 1157 2678 omnibns

32 2711 224 2774 incarditam.
273 2712 420 2774 Hectores
443 2712 524 2774 enim
548 2711 641 2774 aulae
665 2713 780 2795 rspice,
804 2735 872 2774 cans
894 2709 1057 2774 nonnullis
1082 2715 1159 2777 Ten.

31 2810 129 2871 tonici
161 2809 253 2892 repsi
284 2810 413 2888 sanctis,
447 2819 483 2871 at
511 2810 558 2871 ito
592 2809 712 2895 loquar,
747 2810 911 2894 episcopis,
942 2812 1159 2895 corispirantes

29 2918 144 2970 contra
171 2908 348 2969 Ronmnam
372 2905 543 2983 ecclesiam,
567 2905 733 2970 conciliem
756 2905 934 2991 collepistis‚
958 2929 1016 2991 qao
1035 2932 1160 2996 papam

27 3005 123 3088 orroei
141 3025 208 3089 per
230 3002 414 3089 synodalem
438 3005 623 3067 sententiam
646 3005 885 3082 condemnastis,
911 3016 940 3067 et
956 3007 1062 3069 omnia
1079 3031 1159 3093 qaae

27 3101 67 3164 ol
96 3121 134 3164 eo
163 3101 302 3186 strarant
325 3111 455 3180 stolata,
489 3125 614 3165 cassare
638 3101 820 3166 incredibili
850 3125 984 3188 prorsas
1020 3106 1158 3170 andacia

20 3200 311 3284 prrneeampsistim
334 3202 368 3262 in
384 3222 443 3284 qno
466 3201 615 3263 niminom
637 3223 701 3264 non
724 3201 829 3263 dicam
844 3201 970 3289 jndicio
994 3203 1050 3266 sed
1064 3227 1158 3288 prae·

15 3297 169 3384 judicia,
199 3297 237 3358 id
263 3298 368 3383 ipsam
391 3319 510 3382 quoqne
537 3296 751 3384 privilepiam,
783 3299 866 3384 qaod
888 3303 955 3384 rapi
973 3303 1159 3385 praedictae

25 3397 122 3481 Papa
149 3393 337 3473 contulerat,
362 3394 598 3474 sidicerelicet,
623 3398 769 3460 vocastis.
803 3397 890 3460 Nam
909 3398 982 3460 dorm
1005 3400 1160 3485 quidquid

22 3493 78 3557 ille
105 3495 286 3570 constitnit,
319 3505 425 3558 oestro
448 3495 602 3558 sententia
636 3496 816 3558 decantante
840 3495 1022 3574 destmitar,
1056 3519 1158 3562 conse·

21 3604 165 3675 potenter
179 3592 325 3654 etiamid
341 3592 425 3676 qnod
448 3591 487 3655 ab
512 3615 546 3655 eo
569 3595 637 3677 rapi
655 3595 849 3678 praestitam
864 3592 981 3677 fnerat
1005 3593 1158 3660 adoletur.

20 3690 228 3754 sedatiora
239 3689 330 3752 nodis
346 3700 382 3752 nt
388 3701 526 3776 propter
539 3690 706 3779 cujuslibet
721 3690 854 3753 dominis
876 3690 1078 3754 insolentiam
1100 3715 1159 3756 reae

19 3793 77 3874 ‹pni
103 3793 263 3852 innocens
286 3799 371 3870 erat,
405 3800 556 3873 quantam
580 3790 625 3852 ad
644 3812 716 3867 nos,
751 3811 816 3851 reon
839 3789 889 3852 sni
911 3790 1000 3876 jorio
1023 3791 1157 3854 amittat.

18 3885 192 3954 Pluribus
215 3884 326 3950 adhuc
349 3885 478 3950 illorum
510 3885 698 3972 praesulum
722 3896 755 3950 et
777 3886 959 3950 aulicorum
982 3886 1159 3956 audaciam

18 3983 254 4070 persequitur.

19 4173 251 4184 .-—-———·—·-—·

103 4290 124 4353 Γ)
149 4283 202 4350 Ap.
224 4283 383 4338 Watterich.
407 4285 428 4340 1.
448 4287 508 4340 245.
