2922 4832
292 457 347 512 188
521 454 581 509 XX.
600 455 641 510 De
659 458 736 508 stetu
754 451 826 508 Ecol.
845 451 932 506 medio
951 465 1021 506 saec.
1040 451 1181 506 undecimo

292 601 419 666 attinet.
452 601 507 664 Ex
530 598 670 663 decimis
694 606 727 661 et
749 597 905 682 primitiis
927 617 1110 681 permagna
1132 603 1242 680 potest
1265 617 1306 660 ox
1320 612 1398 682 parte

290 699 400 763 clerus
430 697 473 762 ali
504 706 537 761 et
566 697 671 762 foveri
704 694 838 761 latinus.
885 693 1010 758 Earum
1044 715 1086 756 ne
1114 693 1258 778 vestigia
1281 693 1398 780 quidem

290 805 454 882 apparent
478 797 512 859 iu
537 793 676 858 ecclesia
699 815 819 878 graeca
842 793 919 858 aevi
942 790 1042 877 hujus
1066 793 1269 877 posterioris.
1299 793 1398 880 Itaque

289 895 350 959 alii
383 894 429 959 ibi
461 893 568 958 fontes
599 890 770 979 aperiendi
802 891 893 954 fuere
926 890 970 955 ad
1005 889 1143 954 clericos
1180 892 1399 976 procurandos

291 992 429 1056 Fundos
453 992 622 1074 ingentes,
658 999 691 1053 et
717 975 939 1053 haereditates
970 987 1122 1053 obtinent
1146 988 1305 1053 ecclesiae
1327 989 1400 1054 Lati·

292 1111 426 1155 norum:
451 1086 614 1175 ejusmodi
639 1109 717 1173 opes
740 1088 868 1171 graecis
891 1085 1112 1165 antistitibus,
1147 1096 1205 1148 aut
1237 1085 1290 1150 bis
1319 1087 1402 1152 finiti·

293 1211 374 1270 mas,
400 1189 662 1252 communicatas
693 1185 795 1250 fuisse
828 1184 1023 1249 diffidimus.
1071 1185 1115 1249 Et
1139 1206 1239 1270 quam
1270 1207 1335 1250 non
1364 1189 1401 1250 in-

284 1288 388 1374 juria,
412 1285 553 1372 liquebit
584 1306 627 1348 ex
651 1282 914 1364 Constitutione,
949 1305 1015 1370 qua
1048 1304 1135 1347 anno
1172 1283 1259 1348 1057
1282 1283 1402 1350 Isaacns

294 1383 484 1450 Comnenus
506 1383 691 1469 Imperator
713 1383 867 1468 antiquos
892 1382 1104 1446 confirmavit
1127 1403 1272 1447 canones
1296 1385 1401 1447 exacti·

290 1505 394 1548 onum
418 1480 674 1567 episcopalium,
699 1490 769 1544 tum
794 1502 837 1544 ex
860 1479 1136 1562 ordinationibus,
1160 1489 1232 1544 tum
1257 1502 1300 1545 ex
1321 1503 1402 1546 cano·

293 1581 368 1645 nico
393 1603 453 1666 per
475 1579 565 1642 focos
596 1587 629 1643 et
653 1576 768 1642 domos
797 1576 1026 1663 persolvendo.
1074 1577 1231 1667 Majestas
1253 1603 1322 1643 mea
1342 1601 1403 1644 sua·

290 1680 352 1758 ait,
376 1689 411 1742 at
435 1679 557 1741 tamin
580 1675 781 1740 ordinatione
805 1675 1001 1740 sacerdotum
1022 1698 1116 1760 qaam
1138 1677 1173 1738 in
1196 1679 1345 1741 canonico
1358 1701 1403 1740 ari-

292 1778 382 1862 tiqua
404 1776 526 1839 sanctio
555 1774 692 1858 ciperem
723 1773 872 1837 obtineat.
922 1774 1009 1838 Neue
1038 1773 1115 1858 quid
1144 1773 1283 1860 amplius
1311 1776 1343 1838 in
1364 1798 1403 1838 or-

291 1873 457 1938 dinationc
481 1874 591 1958 capiat
617 1873 802 1958 episcopua,
833 1873 888 1957 qai
916 1871 1110 1936 sacerdotem
1131 1872 1265 1936 ordinat
1286 1885 1404 1960 praeter

293 1983 408 2058 septem
443 1993 584 2036 nummos
623 1992 736 2034 aureos
767 1971 1019 2056 praestantioris
1055 1980 1196 2034 monetae
1235 1973 1404 2060 Mejestatir

292 2093 398 2151 meae,·
420 2065 567 2133 videlicet
589 2090 686 2131 unum
708 2067 835 2153 qnando
860 2092 929 2132 eum
951 2067 1124 2155 simplicem
1141 2091 1268 2156 papam
1290 2069 1338 2134 ael
1356 2067 1402 2132 lec-

291 2177 390 2232 torem
405 2168 504 2254 facit,
531 2178 593 2230 tres
616 2166 743 2252 quando
769 2165 946 2246 diaconum,
971 2178 1001 2230 et
1025 2167 1109 2231 alios
1132 2178 1196 2231 tres
1217 2169 1343 2254 mundo
1365 2191 1404 2232 so·

292 2267 458 2331 cerdotcm.
471 2303 514 2312 -
527 2265 549 2330 J
552 2286 606 2329 am
624 2264 666 2328 de
682 2266 842 2328 canonico
859 2266 895 2330 in
909 2265 1052 2329 fumaria
1076 2273 1109 2328 et
1125 2262 1241 2330 domos
1257 2269 1404 2331 vicorum.

294 2363 449 2428 Similiter
470 2365 595 2427 nomine
623 2364 769 2426 canonici
792 2387 813 2426 a
844 2365 911 2427 vico
940 2363 1070 2428 habente
1104 2364 1237 2448 triginta
1258 2365 1404 2450 samaria,

291 2462 408 2526 similia
429 2485 512 2526 anuo
535 2483 650 2525 aureas
674 2463 837 2548 eaeipatur,
871 2463 995 2548 arpenti
1018 2461 1096 2540 duo,
1127 2464 1213 2526 aries
1236 2487 1326 2542 anas,
1348 2463 1404 2525 bor·

292 2559 347 2624 dei
377 2559 476 2624 modii
506 2583 576 2638 sea,
614 2560 748 2644 tripinta
779 2559 932 2645 pollinae.
979 2559 1029 2624 Ab
1061 2581 1095 2624 eo
1119 2560 1174 2646 qai
1199 2561 1350 2646 samaria
1370 2561 1404 2622 ri·
1450 2583 1451 2624 l

289 2660 374 2743 piati
395 2657 487 2722 babet
511 2668 566 2722 etc.
614 2657 728 2721 Facile
752 2660 977 2745 suspicamur,
1015 2679 1082 2722 uon
1112 2679 1218 2744 aequo
1243 2679 1403 2745 passurum

291 2756 393 2822 fuisse
417 2760 527 2822 animo
551 2756 807 2842 Imperatorem,
839 2758 941 2838 vicos,
971 2757 1189 2842 vicorumque
1214 2757 1328 2822 domos
1349 2779 1404 2821 om·

291 2876 351 2919 nes
374 2853 555 2939 vectigales
579 2854 743 2940 episcopis
767 2863 799 2917 et
823 2853 951 2918 clericis
974 2853 1057 2936 fieri,
1083 2855 1110 2918 si
1135 2876 1201 2940 qua
1224 2854 1291 2920 alia
1314 2855 1403 2919 sacris
1450 2877 1451 2912 2

293 2955 453 3017 ministris
483 2950 675 3016 tolerandae
705 2953 796 3015 vitae
819 2950 987 3037 praesidia
1010 2953 1192 3016 affuissent.
1239 2951 1404 3018 Allicba·

290 3051 342 3116 ‘ole
366 3062 398 3115 et
421 3050 560 3115 Nicolao
585 3049 784 3135 patriarchis
816 3059 956 3114 testatur
981 3049 1144 3114 Blastares
1175 3050 1356 3115 monachus
1376 3047 1403 3111 id

291 3148 439 3234 diploma
472 3148 702 3213 confirmatum
739 3148 851 3213 fuisse.
898 3147 1084 3213 Retulimus
1117 3149 1218 3213 etiam
1252 3172 1348 3235 supra
1369 3169 1403 3210 ex

292 3245 509 3334 Curopalate,
543 3245 586 3310 ab
620 3245 683 3310 boc
718 3247 834 3311 eodem
858 3246 1061 3333 Imperatore
1091 3247 1264 3332 complura
1291 3267 1402 3311 monss-

291 3348 376 3410 teria
398 3346 545 3432 praediis
570 3347 637 3408 suis
663 3354 764 3408 exuta
787 3345 904 3428 fuisse3
941 3367 1005 3432 quo
1037 3345 1112 3431 plus
1145 3347 1224 3410 satis
1257 3345 1403 3432 proditur,

292 3466 358 3530 quo
383 3444 437 3509 ille
461 3445 564 3509 animi
589 3453 682 3508 aestu
706 3444 846 3526 arderet,
878 3443 921 3508 ad
946 3443 1211 3508 exhauriendum
1235 3443 1401 3508 Ecclesiae.

292 3541 564 3628 exaggerandum
587 3541 724 3627 Imperii
748 3542 923 3606 aerarium.
970 3541 1018 3607 Ut
1040 3541 1120 3605 binc
1144 3544 1261 3606 merito
1286 3542 1318 3606 id
1340 3561 1403 3602 can·

291 3639 464 3722 cludatur,
496 3637 539 3704 ab
564 3639 680 3704 eodem
705 3638 768 3703 hoc
799 3641 869 3724 ipso
894 3641 1045 3726 principe
1068 3661 1134 3704 non
1162 3641 1309 3725 potuisse
1331 3637 1401 3723 epis-

182 3804 190 3819 ,
291 3741 384 3824 copis
406 3739 552 3825 permitti
577 3736 651 3802 illas
675 3739 710 3800 in
733 3737 836 3802 laicos
860 3738 1061 3821 exactiones,
1084 3738 1149 3802 nisi
1168 3737 1232 3802 hoc
1256 3749 1400 3802 unctum

292 3838 438 3901 maxime
462 3835 566 3901 fundo
591 3836 697 3901 clerus
730 3835 899 3900 orientalis
923 3845 1170 3901 sustentaretur.
1217 3835 1272 3900 Ex
1294 3845 1399 3922 quaet

291 3933 374 3999 illud
399 3935 555 4014 nascitur,
581 3946 617 3999 ut
631 3934 843 4020 aequioribus
858 3934 994 4000 auribus
1019 3935 1205 4020 animisque
1229 3934 1399 3998 audiamus.

289 4054 427 4118 graecos
452 4034 625 4119 episcopos
649 4035 826 4120 permissos
850 4055 930 4116 esse,
955 4043 1061 4098 certas
1084 4034 1247 4119 pecuniae
1269 4049 1398 4096 summas

292 4130 335 4194 ab
360 4129 554 4195 ordinandis
577 4132 740 4217 accipere.
754 4131 835 4196 .an
859 4130 966 4195 videri
991 4132 1118 4216 possint
1138 4128 1322 4194 laudabiles
1337 4147 1398 4191 cou-

291 4228 485 4293 suetudincs
509 4229 671 4312 Orientis,
708 4230 794 4293 sicut
817 4239 849 4293 et
873 4231 907 4293 in
931 4227 1193 4292 occidentalibus
1216 4224 1396 4313 quibusdan
