2926 4840
337 479 378 532 De
396 493 477 532 cause
494 477 634 532 Hiucmari
651 477 847 534 Laudunensis.
1102 479 1155 532 253

65 620 231 706 camdem
261 621 492 706 quinquaqinta
524 618 719 707 Capitum¹)‚
754 643 819 706 quo
851 619 1155 685 subordinationem

62 719 263 803 episcoporum
298 716 359 782 sub
391 719 598 803 metropolita
622 719 781 784 vindicat
827 717 938 782 Etiam
971 719 1042 804 ipse
1066 741 1156 804 prac-

61 818 152 878 sertim
185 837 255 902 csp.
279 815 346 880 XV
370 816 561 881 Decretales
596 817 706 902 plures
733 816 1015 882 Pseudo-Isidori
1050 817 1155 882 affert.

60 915 200 998 §opponit
235 935 315 976 vero
353 934 461 978 errore
500 914 664 999 quodam,
706 915 739 978 in
776 912 975 978 Collectione
1011 915 1157 998 genuina

59 1009 155 1074 Isidori
170 1010 379 1096 Hispalensis
403 1033 458 1076 eas
473 1010 598 1076 haberi.
639 1011 776 1097 Nepotis
799 1020 910 1076 autem
930 1010 1156 1076 collectionem

59 1129 111 1172 non
131 1109 204 1172 indo
227 1109 412 1194 impugnat,
438 1109 526 1195 quod
551 1109 749 1174 documenta
765 1111 935 1195 supposita
949 1109 1073 1190 afferat,
1099 1109 1157 1174 sed

59 1204 182 1270 valorem
205 1229 371 1270 canonum
401 1230 441 1272 ac
464 1207 574 1292 legum
610 1206 674 1272 illis
698 1207 904 1272 documentis
928 1206 1085 1291 denegat,
1118 1229 1155 1270 eo

57 1304 128 1388 quod
143 1326 207 1369 non
222 1307 440 1370 convenirent
456 1327 533 1370 cum
552 1305 693 1370 decretis
712 1327 908 1389 magnorum
922 1302 1156 1369 Conciliorum.

127 1401 178 1466 to.
216 1401 257 1467 In
297 1402 422 1486 synodo
456 1402 678 1467 Attiniacensi
710 1403 912 1468 Hincmarus
938 1403 1054 1487 junior
1087 1404 1156 1487 regi

57 1499 230 1564 fidelitatem
264 1510 297 1563 et
319 1500 503 1565 Hincmaro
536 1500 716 1566 Rhemensi
749 1499 974 1585 metropolitae
1005 1500 1157 1566 obedien-

58 1597 119 1660 tiarn
142 1597 324 1662 secundum
349 1619 458 1662 sacros
482 1621 625 1664 canones
648 1597 815 1684 promisit3
840 1600 959 1662 iterum
983 1609 1093 1662 autern
1114 1599 1158 1662 ad

57 1695 157 1758 sedem
190 1694 418 1781 Apostolicam
454 1696 645 1783 appellavit.
697 1696 850 1760 Licentia
884 1696 1024 1760 Romam
1062 1696 1157 1780 profi·

57 1793 183 1858 ciscendi
216 1817 236 1858 a
270 1792 387 1858 Carolo
421 1792 525 1858 Calvo
564 1794 655 1858 haud
688 1816 844 1859 concessa
877 1803 926 1858 est
958 1794 1156 1874 Hincmar03

57 1903 203 1956 caeterum
240 1892 294 1956 hic
326 1894 361 1955 in
393 1892 545 1978 pluribus
577 1903 614 1956 ut
645 1894 755 1956 virum
788 1892 892 1956 animi
924 1892 1093 1976 irrequieti
1127 1903 1159 1956 et

56 1987 169 2054 levioris
199 2012 270 2054 sese
305 1988 459 2055 ostendit.
505 1990 604 2054 Anno
635 1991 697 2056 871
737 1991 772 2054 in
807 1989 933 2074 synodo
968 1988 1058 2074 apud
1090 1989 1158 2054 Du-

55 2089 166 2152 ziacum
190 2087 305 2152 habita
328 2096 400 2152 tum
424 2110 484 2152 rex
506 2100 577 2152 tum
593 2089 796 2153 Hincmarus
819 2087 1015 2152 Rhemensis
1040 2089 1156 2151 iterum

56 2184 157 2250 nultos
186 2187 221 2251 in
245 2185 465 2250 Hincmarum
491 2187 659 2272 juniorem
683 2187 910 2250 accusationes
940 2185 1155 2270 protulerunt,

54 2303 84 2344 ac
118 2283 266 2366 demum,
303 2286 456 2370 quamvis
489 2285 692 2350 Hincmerus
731 2283 927 2348 Pontificem
966 2282 1276 2368 appellaresffinemsp
1292 2289 1327 2334 ἆο-

56 2382 182 2467 episcopi
206 2383 403 2448 sententiam
426 2385 532 2468 rogati
555 2382 648 2448 illum
673 2381 878 2467 depositione
902 2380 1040 2466 dignum
1068 2380 1158 2444 dixe·
1205 2353 1290 2404 pist*

54 2490 132 2560 runt,
156 2478 244 2545 salac
264 2502 325 2566 par
348 2481 455 2544 omnia
478 2479 681 2568 Apostolicoa
704 2478 797 2544 Sedis
813 2479 948 2569 judicic.
996 2479 1092 2544 Tunc
1114 2479 1157 2544 ab

55 2575 218 2642 Hincmaro
242 2577 420 2642 Rhemensi
456 2578 670 2665 depositionis
702 2577 865 2643 sententia
895 2576 962 2656 lata
985 2587 1050 2660 est,
1084 2587 1116 2641 et
1138 2601 1158 2641 a

55 2676 266 2756 praesentibus
290 2677 454 2762 episcopis
478 2679 617 2762 signata.
655 2677 709 2740 De
732 2698 767 2740 rc
790 2685 881 2759 gesta
905 2674 1042 2761 epistola
1063 2697 1158 2759 syno-

55 2771 114 2835 dica
127 2773 266 2838 Romam
287 2774 351 2838 fuit
370 2776 470 2838 missa
490 2774 532 2838 ab
550 2774 732 2839 Hiucmaro
746 2773 924 2838 Rhemensi
945 2778 994 2856 (ut
1012 2773 1157 2854 videtur)

55 2871 196 2936 conlecta.
234 2871 289 2936 Ex
312 2871 428 2936 eadem
453 2871 627 2957 colligitur,
653 2874 806 2958 quamvis
819 2871 977 2936 Nicolaus
1001 2872 1035 2934 in
1058 2893 1158 2935 causa

56 2965 191 3034 Rothadii
207 2969 280 3056 jam
300 2969 400 3034 aliam
419 2969 540 3055 agendi
557 2971 718 3034 rationem
739 2991 816 3034 cum
839 2970 1033 3034 auctoritate
1049 2967 1157 3034 vindi·

56 3077 156 3148 cesset,
177 3067 399 3132 Hincmarum
420 3067 566 3154 aliosque
587 3068 758 3153 episcopos
776 3066 887 3132 adhuc
912 3088 988 3130 cum
1012 3066 1156 3153 quadam

55 3165 220 3243 pertinacia
239 3166 421 3232 inhaesisse
443 3165 576 3250 regulis,
601 3188 682 3252 quas
698 3189 740 3230 ex
757 3164 939 3230 canonibus
956 3163 1156 3230 Sardicensi·

55 3255 104 3324 bus
122 3263 339 3330 deducebant
382 3263 540 3330 Scribant
558 3262 716 3330 videlicet
736 3264 780 3328 ad
795 3263 1004 3328 Hadrianum
1021 3263 1054 3328 Il
1072 3261 1156 3328 Pon·

56 3358 169 3444 ilicem,
185 3362 316 3426 Nicolsi
331 3384 566 3427 successorem:
590 3363 725 3426 Jadicia
740 3363 984 3440 terminavimus,
998 3373 1156 3426 reservato

52 3477 100 3537 per
117 3463 218 3525 omnia
233 3461 323 3550 floris
339 3460 509 3546 pricileqio
525 3459 727 3546 Apostolicac
744 3457 837 3524 Sedis
853 3484 890 3524 uc
902 3469 1004 3522 oestro
1020 3457 1155 3547 judicio,

57 3554 120 3618 aaut
141 3560 224 3622 sacri
246 3555 452 3622 Sardiceoseo
473 3580 609 3622 canones
636 3568 666 3621 et
689 3558 815 3624 diaeta
838 3556 930 3622 Sedis
953 3556 1156 3643 Apostolicae

59 3650 230 3738 Pouaflcara
254 3656 439 3737 innocentii,
463 3655 635 3743 Bonifatii,
660 3666 690 3720 ct
711 3656 834 3735 aaa,
859 3677 899 3720 aa
921 3655 1035 3720 iisdem
1056 3657 1156 3718 sacas

58 3751 208 3818 conatibus
224 3753 440 3840 promalqatc,
464 3754 643 3819 decernant.
660 3803 667 3818 .
685 3803 718 3818 ..
748 3753 836 3820 Unde
859 3753 975 3818 obuiae
989 3775 1157 3839 precamur

59 3859 172 3914 vanum
203 3853 434 3933 awannam,
469 3861 505 3916 ut
528 3876 549 3916 a
573 3862 659 3916 tanto
690 3853 781 3942 lajas
802 3851 1030 3938 incorriqibilis
1052 3853 1156 3938 postis

60 3944 146 4008 aaa
173 3951 348 4014 mistiam
370 3971 427 4014 sao
449 3951 576 4040 jitdmio
684 3948 810 4014 liberet:
841 3949 1008 4015 secundum
1031 3950 1155 4014 aerata

61 4037 199 4128 Bottiy'otii
230 4057 260 4112 et
293 4045 427 4127 Leonis,
462 4071 500 4112 ca
532 4071 611 4134 quae
635 4049 736 4137 jocata
767 4047 1011 4112 aeclesiasticam
1041 4069 1155 4112 morem

62 4169 248 4190 ᾖ--·--ι-

120 4245 138 4312 ¹)
154 4245 252 4304 ibidem
270 4266 295 4320 p.
315 4251 377 4306 377.
