3002 4836
146 2976 231 3018 ludoles
247 2979 290 3019 cul·

160 3040 196 3079 tus
209 3039 284 3088 inegi-

192 3111 248 3144 num·

307 447 342 504 64
663 449 703 504 De
721 447 825 506 hmresi
844 449 1078 506 iconoclastarum.

308 594 406 657 bitom
435 595 622 678 seruitutem,
647 593 792 680 efficitur,
825 593 888 658 soli
910 595 1211 684 supersubstantiali
1234 611 1264 664 et
1284 599 1418 684 vivificae

312 691 466 756 Trinitaa'
489 693 603 756 amitto.
635 729 678 738 ——
710 689 887 778 Quamque
912 691 1015 758 verba
1036 717 1158 780 macca
1180 695 1295 785 lanula
1318 707 1351 762 et
1371 696 1419 760 la·

307 785 437 873 τρεύειν,
461 790 646 875 pariterue
669 787 883 876 προσκύνησις
907 801 939 855 et
961 800 1162 878 προσκυνεῖν,
1186 822 1253 866 uua
1277 820 1359 864 voce
1379 795 1419 862 la·

309 889 378 951 tina
402 889 548 952 adorram
574 901 605 951 et
629 887 765 952 adorare
779 877 948 953 ¹translata
966 901 1083 975 essent,
1108 893 1171 960 hoc
1195 895 1335 962 verbum
1358 917 1419 960 am·

308 985 446 1071 biguum
471 987 619 1066 adorare,
644 986 732 1072 quod
756 996 825 1050 tum
851 1009 1043 1072 supremum
1064 989 1181 1058 latriae
1205 994 1332 1060 cultum
1354 1005 1420 1058 tum

309 1084 496 1149 inferiorem
528 1083 716 1168 siguificare
738 1095 855 1169 potest,
888 1086 1033 1172 episcopi
1059 1087 1145 1154 Galli
1170 1114 1301 1178 semper
1323 1091 1419 1178 priori

308 1203 405 1245 sensu
430 1182 536 1247 cultus
559 1179 674 1246 latriae
698 1182 902 1268 interpretati
928 1196 1014 1250 sunt.
1060 1186 1131 1252 Imo
1156 1211 1257 1278 quum
1282 1191 1356 1276 quis
1373 1189 1420 1275 ju-

308 1277 421 1344 dicare
444 1279 547 1345 soleat
568 1282 616 1345 uti
641 1279 778 1344 affectus
802 1290 866 1362 est,
892 1277 980 1346 Galli
1009 1304 1087 1348 vero
1112 1285 1147 1350 in
1170 1285 1357 1352 Orientales
1379 1309 1421 1350 es-

308 1389 381 1441 sent
405 1377 489 1443 male
512 1377 632 1460 affecti,
657 1400 723 1442 non
747 1401 854 1464 pauca
878 1381 913 1444 in
939 1377 1086 1446 Concilio
1110 1383 1257 1450 Nicacno
1282 1384 1372 1450 dicta
1393 1395 1423 1447 et

307 1487 400 1560 gesta
423 1477 486 1564 ipsi
512 1479 544 1540 in
570 1499 702 1542 sensum
725 1486 974 1562 praeposterum
999 1478 1214 1546 detorserunt
1245 1482 1357 1567 Atque
1381 1483 1422 1546 ita

308 1576 491 1639 universim
515 1575 668 1639 Patribus
691 1574 848 1640 Nicaenis
877 1596 950 1640 eam
975 1589 1219 1664 supposuerunt
1242 1578 1421 1646 doctrinam

308 1671 351 1736 ab
375 1671 426 1736 his
449 1671 547 1760 plane
571 1670 724 1751 alienam,
747 1673 907 1756 imagines
922 1695 1074 1759 supremo
1097 1675 1214 1742 latriae
1237 1677 1329 1742 cultu
1352 1677 1422 1742 adc-

308 1769 429 1836 randas
453 1793 539 1852 esse,
570 1781 603 1834 et
626 1793 667 1833 ex
690 1769 753 1834 hoc
777 1771 884 1855 capite
908 1792 963 1834 eos
987 1771 1276 1840 vehementissime
1300 1776 1423 1860 impug-

309 1881 439 1936 narunt.
488 1867 552 1932 Sed
584 1868 677 1931 varia
707 1870 806 1933 etiam
839 1867 879 1932 de
918 1868 1008 1934 cultu
1040 1893 1208 1938 sacrarum
1242 1874 1421 1960 imaginum

309 1969 454 2054 episcopi
488 1976 520 2029 et
550 1967 612 2030 viri
638 1964 757 2030 eruditi
789 1963 918 2030 Galliae
948 1981 1168 2053 asseruerunt,
1193 1969 1315 2058 quibus
1338 1970 1423 2035 huuc

309 2064 433 2129 (irritum
464 2065 605 2128 nimium
639 2063 822 2150 deprimere
855 2061 1020 2147 videntur,
1045 2069 1166 2152 partim
1190 2066 1278 2154 quod
1302 2069 1422 2132 animo-

309 2163 404 2226 sitate
434 2172 548 2226 contra
572 2161 757 2226 Orientales
789 2184 826 2227 eo
851 2161 984 2228 deducti
1009 2166 1085 2246 sint,
1115 2167 1236 2252 partim
1260 2165 1350 2250 quod
1374 2188 1422 2230 no·

309 2263 430 2326 tionem
449 2283 514 2324 non
539 2260 616 2326 satis
641 2260 830 2325 distinctam
855 2259 896 2324 de
913 2284 973 2325 usu
998 2273 1030 2326 et
1053 2264 1143 2328 cultu
1167 2284 1336 2328 sacrarum
1350 2263 1422 2328 ime·

308 2361 424 2444 giuum
451 2358 621 2424 haberent.
666 2356 753 2422 illud
786 2359 874 2422 enim
898 2360 1233 2426 animadvertendum
1256 2371 1324 2427 est:
1349 2361 1422 2424 dum

310 2455 459 2522 subtilior
478 2455 624 2542 analysis
642 2455 683 2520 de
702 2455 793 2521 cultu
810 2458 993 2542 imaginum
1010 2459 1206 2542 instituitur,
1236 2459 1307 2524 fieri
1332 2458 1424 2524 facilc

309 2577 414 2642 posse,
439 2553 718 2642 quemadmodum
750 2555 849 2618 etiam
874 2555 909 2619 iu
933 2553 1007 2620 aliis
1038 2555 1138 2622 rebus
1162 2578 1246 2643 quae
1269 2559 1424 2644 pietatem

316 2652 530 2718 christianam
561 2661 713 2738 spectant
741 2651 873 2734 accidit,
909 2663 946 2715 ut
974 2652 1108 2739 aliquod
1139 2653 1339 2720 elementum
1364 2675 1424 2718 non

310 2753 388 2816 satis
412 2776 431 2816 a
455 2750 702 2837 disputantibus
726 2748 937 2834 intelligatur,
963 2761 995 2816 et
1007 2750 1228 2816 dissensiones
1251 2750 1293 2816 de
1318 2750 1425 2816 indole

310 2874 388 2916 usus
410 2861 444 2914 et
466 2849 573 2914 cultus
597 2870 764 2913 sacrarum
787 2849 972 2934 imaginum
995 2850 1152 2915 oriantur.

400 2951 453 3016 73.
477 2949 523 3014 Ut
546 2969 624 3012 vero
643 2947 810 3034 judicium
850 2947 890 3010 de
928 2949 1091 3012 sententia
1128 2946 1303 3014 Gallorum
1337 2947 1424 3012 effor-

311 3070 399 3112 mare
422 3048 602 3133 possimus,
630 3043 766 3132 juvabit
787 3043 851 3108 hoc
885 3042 955 3108 loco
986 3044 1129 3110 recolere
1167 3067 1276 3132 pauca
1310 3045 1351 3110 de
1383 3045 1425 3108 iu·

310 3145 380 3212 dole
412 3143 512 3209 cultra
543 3167 706 3209 samaram
736 3144 917 3228 imaginum.
967 3141 1082 3208 Cultus
1111 3145 1295 3228 generatim
1327 3143 1425 3206 cansi-

310 3248 365 3310 stit
389 3245 423 3307 in
447 3245 615 3328 agnitione
640 3253 671 3306 et
695 3241 925 3306 testificatione
941 3241 1165 3324 excellentiae,
1190 3261 1290 3328 quam
1315 3241 1352 3304 in
1374 3237 1424 3302 ali·

310 3365 374 3430 quo
401 3343 621 3426 agnoscimus.
668 3339 708 3404 In
732 3337 847 3404 ordine
869 3337 1053 3424 ontologioo
1078 3340 1222 3424 dignitas
1246 3349 1278 3402 ct
1301 3357 1425 3423 praero-

310 3443 443 3526 gativae
477 3439 597 3504 dantur
629 3439 793 3524 imprimis
817 3436 992 3516 naturales,
1017 3459 1044 3502 e.
1068 3460 1100 3520 g.
1126 3437 1217 3500 dotes
1240 3433 1424 3522 praeclarae

310 3541 413 3605 animi
445 3548 477 3603 et
507 3538 667 3624 corporis,
693 3557 831 3600 munera
864 3536 897 3598 in
921 3534 1139 3619 gubernanda
1167 3533 1341 3620 republica
1365 3553 1424 3596 sas·

311 3647 415 3724 cepta,
439 3637 556 3722 hisque
580 3633 756 3722 respondet
768 3632 874 3696 cultus
890 3631 953 3714 ille,
979 3634 1035 3720 qui
1059 3629 1163 3698 honor
1187 3632 1290 3696 ciuilis
1314 3629 1424 3696 meritc

310 3735 503 3822 appellatur.
551 3735 657 3798 Datur
681 3733 803 3820 pariter
827 3732 861 3794 iu
886 3731 1000 3796 ordine
1025 3729 1208 3814 ontologioo
1234 3726 1425 3794 excellentia

310 3845 342 3897 et
366 3834 509 3918 dignitas
533 3829 797 3920 supernaturalis,
814 3829 920 3915 qualis
936 3841 985 3892 est
1004 3830 1182 3916 praecipue
1206 3828 1277 3914 ipsa
1301 3825 1425 3890 infinita

311 3934 468 4019 perfectio
492 3931 566 4014 Dei,
592 3930 669 3995 dein
694 3951 771 3994 vero
795 3927 991 3992 excellentia
1015 3937 1047 3992 ct
1071 3926 1215 4009 dignitas
1238 3931 1424 4009 supernatu-

311 4032 389 4096 ralis
408 4032 565 4096 creaturis
581 4030 788 4116 participata,
813 4029 958 4092 maxime
978 4027 1135 4090 sanctitas
1150 4035 1183 4088 et
1195 4022 1319 4109 gloriae
1332 4020 1423 4095 dana,

311 4129 431 4218 quibus
445 4130 539 4194 Beati
556 4129 628 4194 Dec
643 4129 759 4191 intime
783 4136 819 4189 ut
842 4127 942 4190 amici
967 4125 1039 4211 ejus
1054 4121 1310 4208 conjunguntur.
1340 4117 1422 4182 Huic

312 4231 413 4316 igitur
435 4227 656 4314 praestantiae
680 4227 714 4289 iu
730 4223 845 4288 ordine
863 4220 1104 4308 supernaturali
1131 4220 1229 4284 etiarn
1254 4213 1423 4302 respondet
