3002 4836
434 487 561 556 Gregorii
578 489 616 542 Π.
635 489 668 542 Β.
686 489 717 542 P.
736 495 824 556 geste.
1153 487 1189 542 33

82 627 146 692 mtto
166 629 361 694 rorationibus
384 641 414 694 et
431 632 566 719 jejuuit'a
582 643 613 696 et
627 631 778 696 luetauiis
794 632 896 696 Deum
918 633 1056 717 quotidie
1080 633 1187 718 dopre-

81 725 209 790 cobctur.
256 728 299 790 Et
321 749 377 814 spe
400 729 449 790 itu
472 728 617 792 meabat
639 752 759 816 semper
773 729 884 816 jiultue
903 730 1072 818 plusquam
1094 731 1188 794 bomi-

80 847 157 904 num,
187 827 312 911 quatias
344 836 449 890 tomeu
485 826 642 890 voluntati
667 828 785 914 popuii
815 828 956 915 referees
978 849 1042 914 pro
1076 829 1189 894 ruetis

74 925 245 1007 preponito,
276 921 394 988 blundo
425 946 530 988 omrteo
557 946 714 1004 somnone,
741 937 776 990 ut
805 926 895 992 bouis
922 926 959 992 iu
986 926 1089 990 Deum
1112 947 1187 1011 pro-

74 1017 190 1099 ficerent
213 1021 337 1086 caumes
359 1032 389 1084 et
410 1022 446 1084 iu
458 1022 529 1105 fide
546 1026 768 1108 persisterent,
799 1023 941 1112 repebat
988 1022 1053 1088 Sed
1075 1048 1113 1088 ue
1137 1024 1188 1086 de-

76 1117 211 1182 sisterent
235 1118 275 1182 ao
300 1140 404 1182 amore
427 1119 476 1182 vel
490 1119 558 1204 fida
582 1122 721 1186 Romuui
741 1123 873 1208 imperii
896 1121 1092 1186 oduooucbot.
1136 1121 1189 1186 Sic

76 1225 245 1280 coactorum
268 1215 366 1283 corda
388 1215 549 1280 molliebat
572 1229 602 1282 ct
625 1218 750 1285 dolores
772 1221 936 1286 coutiuuoe
957 1220 1131 1308 mitiqubut.

155 1313 207 1376 36.
234 1313 356 1378 Narrat
378 1313 456 1378 dein
479 1313 691 1394 Anastasius,
715 1316 879 1403 quomodo
903 1316 1018 1384 eodem
1042 1327 1188 1404 tempore

76 1411 244 1476 Indictione
267 1411 433 1476 audemaro
454 1412 668 1498 Longobardi
688 1414 834 1480 Sutrium
859 1417 1105 1501 occupaverint,
1131 1415 1188 1480 sed

75 1522 140 1592 post
160 1509 289 1595 aliquot
312 1530 440 1574 menses
453 1510 601 1575 Romano
622 1512 776 1577 Pontifici
799 1512 1006 1578 reddiderint
1029 1514 1042 1600 (
1066 1562 1073 1579 .
1099 1511 1187 1600 728),

74 1617 102 1668 et
131 1629 196 1693 qua
228 1608 372 1688 ratione,
406 1629 508 1694 quum
532 1609 760 1695 Luitprandus
782 1633 842 1677 rex
869 1622 902 1674 et
923 1610 1112 1695 Eutychiae
1135 1633 1188 1676 ex-

74 1705 165 1770 archa
188 1705 331 1770 Romam
356 1708 537 1789 venissent,
561 1718 631 1772 tum
655 1708 882 1794 Luitprandus
909 1719 979 1774 tum
1002 1708 1189 1794 Eutychius

73 1801 112 1867 od
126 1806 222 1890 pacis
246 1803 447 1868 concordiam
469 1807 612 1892 suscepti
637 1808 711 1870 sint
758 1806 882 1872 Romae
910 1817 1062 1872 versante
1086 1806 1188 1890 Euty·

74 1899 140 1964 chio
172 1900 389 1966 rebellionem
421 1902 499 1967 fecit
521 1904 556 1968 in
587 1904 737 1989 partibus
761 1905 902 1970 Tusciae
929 1904 1065 1991 quidam
1090 1903 1185 1968 Tibe·

72 2001 133 2064 rius
154 2001 317 2066 Petasius.
365 2001 542 2080 Euarchus,
576 2001 691 2068 scribit
713 2003 922 2084 Anastasius,
955 2003 1029 2066 bueo
1052 2003 1186 2066 audieus

72 2097 209 2162 mrbuuo
233 2108 289 2180 aot,
314 2122 402 2183 quum
424 2101 639 2164 sanctissimus
662 2101 754 2186 Pupu
781 2102 980 2188 coufortuua,
1005 2111 1125 2164 etcum
1152 2123 1186 2164 eo

67 2219 210 2280 proceres
233 2195 395 2260 adauae
417 2198 541 2262 mitem
564 2207 656 2282 utque
671 2200 834 2282 accercitus,
853 2199 993 2286 profecti
1015 2208 1097 2262 aunt.
1126 2195 1190 2272 Qui

73 2299 223 2360 coeuntes
245 2296 280 2358 t'n
304 2296 542 2360 tuauoan'ena
564 2296 703 2376 castello,
726 2297 841 2362 ibidem
853 2297 999 2363 Pctust'us
1022 2299 1187 2384 iuteremp-

72 2405 116 2458 uo
137 2405 194 2457 ert
247 2391 343 2482 Cujou
376 2392 546 2458 obrussam
579 2403 673 2479 caput
691 2392 1004 2482 ‚Constantinopolim
1034 2395 1078 2460 od
1094 2395 1187 2482 priu-

70 2494 164 2577 uipera
187 2493 315 2556 missum
338 2502 398 2568 eat,
431 2501 459 2552 et
491 2513 546 2555 uec
569 2493 615 2554 cic
637 2493 793 2558 Rorauuia
809 2491 942 2578 pieriam
963 2495 1101 2577 pretium
1124 2490 1187 2556 lar-

69 2592 145 2675 yios
179 2599 226 2652 eat
249 2591 436 2675 Imperator.
470 2627 513 2636 -
545 2587 603 2653 Isti
636 2599 775 2655 eventus
797 2592 964 2675 pertinent
993 2591 1036 2655 ad
1059 2611 1185 2654 annum

72 2689 130 2752 828
163 2686 252 2773 (Iud
277 2685 343 2772 XI)
379 2697 411 2750 et
433 2709 463 2752 a.
488 2687 552 2752 829
575 2686 692 2752 saltem
716 2689 894 2754 ineuntem.
942 2685 1185 2753 Commemorat

71 2787 154 2850 enim
188 2784 313 2849 ibidem
338 2783 545 2866 Anastasius,
576 2805 614 2850 eo
645 2793 806 2871 tempore,
830 2785 1017 2850 Indictione
1050 2784 1118 2848 XII
1142 2783 1187 2871 (a.

73 2883 144 2970 829)
177 2905 289 2947 mense
321 2882 482 2948 ianuario
516 2891 676 2948 cometem
708 2885 888 2969 aparuisse.
945 2884 1042 2948 Patet
1077 2884 1187 2968 igitur,

72 3003 106 3044 eo
127 2992 276 3066 tempore
299 2980 414 3044 saltem
432 2978 629 3065 Gregorium
646 2979 833 3052 nullatenus
848 2981 949 3046 Italos
967 2980 1009 3045 ab
1034 2979 1187 3044 obedien-

73 3081 113 3142 tia
124 3079 336 3165 Imperatoris
361 3077 509 3143 solvisse.
525 3117 567 3126 —
584 3077 707 3144 Scribit
729 3078 865 3164 quidem
885 3078 1090 3161 Anastasius,
1114 3089 1188 3162 post

73 3176 149 3242 haec
179 3178 394 3262 Imperatoris
426 3175 586 3241 malitiam
619 3185 651 3240 et
683 3177 857 3240 saevitiam
889 3175 999 3240 adhuc
1033 3177 1185 3240 crevisse.

75 3275 141 3338 Post
167 3277 257 3353 isaeo,
282 3277 343 3355 ait,
366 3275 483 3340 clarecit
505 3275 712 3361 Imperatoria
745 3273 886 3352 molitio,
903 3297 968 3359 pro
1002 3299 1063 3360 quo
1079 3295 1187 3360 perae·

75 3373 218 3458 ruebatur
242 3373 435 3456 Pontificem,
458 3396 498 3438 ac
515 3373 592 3438 dein
608 3371 888 3436 vehementiorem
903 3394 1049 3458 pugnam
1074 3382 1188 3436 contra

76 3493 176 3536 sacras
214 3472 376 3556 imagines
407 3469 691 3556 Constantinopoli
732 3472 910 3536 excitatam
943 3480 1186 3550 commemorat,

76 3567 225 3634 Germani
248 3569 457 3655 patriarchae
482 3569 731 3654 depositionem,
765 3579 798 3632 et
820 3566 989 3632 Anastasii
1014 3567 1188 3633 ordinatio·

78 3689 154 3734 nem.
200 3667 268 3732 Sed
300 3689 385 3753 quac
417 3667 597 3752 Gregorius
629 3689 668 3730 ea
703 3666 875 3730 occasione
904 3666 983 3730 fecit
1011 3665 1118 3732 denuo
1148 3669 1188 3732 iis

80 3765 179 3832 verbis
202 3763 380 3848 describit,
405 3777 441 3830 ut
464 3767 626 3851 separatio
660 3762 702 3828 ab
727 3763 869 3848 Imperio
893 3763 1080 3828 nullatenus
1104 3786 1188 3828 com-

80 3873 282 3945 memoretur,
305 3885 366 3928 neo
391 3865 627 3930 convenienter
649 3862 803 3927 videatur
825 3884 920 3948 posse
943 3863 1095 3947 supponi.
1127 3860 1190 3937 Qui

81 3964 164 4027 uicto
179 3965 313 4028 Roaiam
336 3961 508 4048 synodico,
532 3959 663 4040 scribit,
687 3983 754 4024 eum
778 3959 838 4024 rati
859 3961 981 4024 merui
1004 3982 1071 4024 eum
1087 3957 1188 4046 (Ana-

82 4061 215 4142 stasium)
248 4062 488 4124 muaeotieuiem
518 4062 686 4146 reperiret,
728 4061 774 4122 uir·
809 4068 935 4122 suueuia
968 4079 1031 4122 nou
1070 4059 1189 4120 cenauit

84 4180 140 4220 eru
153 4159 294 4244 fratrem
327 4168 383 4222 out
405 4157 655 4222 consacerdotem
678 4156 771 4222 solito
804 4157 924 4234 uocari,
949 4155 1005 4219 aed
1026 4155 1189 4240 r·esoriptis

84 4258 310 4322 uuumiuuu
338 4256 402 4320 aiei
425 4255 469 4320 od
492 4255 677 4320 catholicam
708 4265 935 4319 couverteretur
949 4254 1063 4338 fidem,
1095 4253 1189 4316 ctiam

123 4384 240 4435 ruamus,
259 4384 430 4426 omencourt.
462 4383 521 4424 rom.
537 4382 573 4424 nr.
1065 4359 1082 4410 3
