3054 4834
328 481 381 534 34⁴5
567 483 641 536 XXI.
664 486 702 538 De
721 485 746 539 S.
767 485 901 554 Gregorio
919 485 975 538 VII
994 485 1068 538 Rom.
1089 483 1229 537 Pontifice

332 627 430 710 trapi,
457 627 577 714 franpi
610 629 784 708 (fractione
814 629 990 710 liturgica).
1038 627 1162 692 Sensus
1192 628 1281 690 enim
1310 627 1441 710 proprius

330 721 447 786 harum
484 723 686 790 locutionum
724 739 781 808 est,
820 727 1038 792 substantiam
1065 747 1151 811 quae
1175 724 1289 789 subest
1312 723 1437 788 acciden-

329 820 419 884 tibus
450 832 486 883 ut
517 821 644 906 objecto
678 826 882 905 immediato,
920 827 1021 901 risus,
1058 833 1176 903 tactus,
1212 822 1385 900 fractionis,
1414 835 1437 882 et

330 940 415 1003 quae
440 941 516 981 oum
542 919 593 984 his
617 923 848 988 accidentibus
873 945 977 988 unum
1004 930 1250 986 sacramentum
1280 920 1438 984 constituit.

330 1041 400 1082 esse
426 1040 490 1082 non
515 1018 615 1082 aliam
640 1043 739 1105 quam
766 1024 873 1107 ipsum
900 1018 1022 1094 Christi
1049 1041 1181 1104 corpus.
1229 1018 1329 1083 Unde
1350 1013 1435 1080 addi·

330 1126 452 1180 roctam
478 1120 719 1202 oppositionem
745 1131 861 1184 contra
885 1131 992 1183 certas
1017 1117 1179 1203 quasdam
1204 1113 1360 1180 formulas
1380 1113 1439 1176 hac·
1486 1197 1487 1206 ἵ

330 1216 505 1278 reticorum
540 1217 733 1300 negantium
757 1218 879 1282 realem
911 1217 1133 1303 praesentiam
1166 1215 1314 1299 corporis
1337 1211 1438 1276 Christi

331 1312 383 1376 vol
416 1312 599 1377 absentiam
631 1314 834 1378 substantiae
866 1317 972 1400 panis,
1003 1317 1117 1399 ¹potest
1140 1335 1211 1378 esse
1235 1321 1438 1397 opportunum

330 1421 388 1474 aut
408 1414 640 1484 necessarium,
666 1412 849 1477 catholicae
873 1412 958 1482 fidei,
981 1413 1218 1498 professionem
1244 1410 1310 1474 illis
1333 1405 1440 1494 praedi-

331 1509 518 1572 cationibus
552 1513 735 1595 concipere.
783 1512 856 1576 Hoc
881 1533 980 1575 sensu
1005 1511 1227 1594 Berengarius
1257 1510 1292 1572 in
1318 1503 1440 1570 concilio

330 1607 479 1671 Romano
509 1607 569 1671 sub
602 1609 739 1672 h'icolao
764 1609 797 1672 ll
835 1631 922 1672 anno
950 1609 1034 1673 1059
1074 1607 1219 1692 profiteri
1248 1607 1362 1691 jussus
1389 1611 1441 1666 est:

332 1727 452 1789 panem
484 1717 516 1768 et
546 1709 662 1770 vinum
693 1719 765 1792 post
799 1709 1082 1772 consecrationem
1117 1727 1182 1770 non
1214 1703 1322 1770 solum
1354 1722 1441 1764 sacra

331 1814 489 1882 ruentum,
522 1804 579 1867 sed
611 1808 710 1868 etiam
736 1827 850 1870 verum
882 1827 1001 1890 corpus
1035 1815 1068 1868 et
1097 1804 1296 1888 sanguinem
1321 1798 1439 1864 Domini

332 1903 434 1964 nostri
458 1901 538 1966 Josu
564 1903 687 1967 Christi
713 1927 793 1986 esse,
826 1915 858 1966 ct
881 1903 1087 1976 sensualiter,
1124 1924 1191 1966 non
1223 1899 1330 1964 solum
1354 1917 1440 1960 saera
1486 1903 1487 1982 ἐ

331 2011 452 2078 mento,
478 2001 535 2063 sed
549 2001 744 2080 inveritate,
770 2001 816 2088 (h.
834 2024 861 2066 e.
887 2024 953 2066 non
978 2001 1084 2066 solum
1108 2010 1143 2062 ut
1159 1999 1380 2082 significatum
1395 2015 1442 2078 per

332 2119 451 2181 panem
477 2109 634 2183 tanquam
660 2122 719 2184 per
743 2121 872 2162 sacrum
897 2101 1041 2184 signum,
1073 2098 1130 2162 sad
1156 2107 1192 2160 ut
1215 2117 1370 2181 praesens
1390 2088 1439 2154 sub
1486 2113 1487 2116 ¹

331 2195 506 2278 speciebus
536 2195 656 2280 panis),
696 2198 850 2261 manibus
880 2197 1087 2262 sacerdotum
1111 2196 1259 2272 tractari,
1296 2191 1397 2276 frangi
1417 2205 1439 2250 ot
1486 2197 1487 2206 ’

331 2292 480 2357 fidelium
505 2294 661 2358 dentibus
684 2295 854 2381 atteri“¹).
902 2297 956 2360 Ex
979 2295 1032 2360 his
1055 2294 1159 2372 vides,
1193 2290 1367 2358 formulam
1389 2307 1438 2349 om·
1486 2307 1487 2378 l

332 2393 412 2455 nino
438 2402 549 2476 aptam
579 2393 679 2456 t'uisse
701 2403 733 2456 et
749 2396 912 2458 immerito
934 2416 1006 2457 earn
1030 2392 1226 2458 calumniari
1243 2389 1445 2454 nloshsmium

332 2500 370 2553 ut
406 2490 503 2574 plane
537 2501 776 2556 monstruosam
811 2504 843 2555 et
874 2494 1063 2577 ineptam²)‚
1093 2500 1126 2554 et
1149 2487 1301 2554 Gieseler
1328 2497 1363 2550 ut
1384 2505 1446 2546 verr

335 2588 664 2673 capharnaiticamb.

425 2795 497 2859 146.
547 2794 658 2874 ertun
684 2804 795 2858 tarmen
820 2794 901 2858 tales
925 2797 1125 2858 mutationes
1149 2795 1283 2880 proprie
1309 2791 1444 2856 conveni·
1486 2827 1487 2875 r

331 2903 389 2955 ant
413 2893 573 2978 syracicbas
597 2904 631 2956 ut
655 2893 772 2982 objecto
796 2894 994 2970 iinnrediato,
1027 2895 1139 2977 negari
1165 2902 1307 2978 possunt
1330 2889 1369 2954 de
1390 2909 1444 2950 cor·
1486 2891 1487 2964 l

332 3011 410 3075 pore
436 2989 557 3054 Christi
593 3003 628 3053 ut
653 2990 782 3075 objecto
808 2991 1000 3056 immediato
1040 3001 1072 3054 et
1096 3013 1134 3054 eo
1159 3011 1258 3056 sensu
1283 2989 1401 3054 dicitur
1421 2987 1444 3046 in

333 3088 471 3172 hymno:
501 3089 547 3172 „A
576 3101 726 3152 sumente
751 3111 815 3152 non
842 3091 1003 3170 concisus,
1021 3111 1145 3154 -non
1170 3089 1443 3167 contractuum

333 3185 471 3266 divisus,
485 3225 526 3233 —
542 3189 669 3271 integer
684 3189 857 3272 accipitur.
884 3227 923 3234 -—
951 3188 1070 3252 Fracto
1087 3188 1221 3251 demum
1242 3195 1443 3250 sacramento.

332 3322 375 3331 —-
411 3307 452 3348 ne
487 3284 631 3361 vacilles,
668 3287 726 3350 sed
760 3295 935 3366 memento,
968 3324 1010 3332 -
1044 3297 1172 3350 tantum
1197 3307 1268 3348 esse
1294 3284 1356 3348 sub
1377 3283 1443 3363 fmu-
1486 3295 1487 3388 l

335 3393 456 3463 mento,
481 3421 523 3428 —-
548 3395 710 3469 quantum
735 3393 801 3446 toto
826 3385 957 3468 tegitur.
982 3421 1024 3430 —
1050 3383 1148 3448 Nulla
1172 3385 1220 3446 rei
1244 3383 1283 3446 iit
1312 3384 1442 3445 scissura.

334 3520 377 3528 —
402 3482 487 3564 signi
512 3491 641 3545 tantum
667 3483 703 3545 fit
727 3483 883 3562 fractura,
916 3521 959 3528 -
993 3505 1058 3567 qua
1083 3503 1143 3546 nec
1168 3492 1273 3546 status
1306 3504 1365 3547 nec
1396 3491 1443 3542 sta-

332 3593 418 3661 tura,
443 3618 485 3626 -
511 3581 632 3663 signati
657 3582 851 3645 minuit11r“.
876 3617 918 3627 -—
945 3581 1040 3659 Quae
1064 3603 1167 3666 quum
1192 3582 1237 3644 ita
1254 3583 1332 3660 sint,
1357 3577 1441 3640 rides.

334 3677 465 3742 facilius
480 3678 718 3762 Berengarinm
741 3679 865 3762 effugia
880 3680 1057 3759 invenisse,
1084 3689 1120 3742 ut
1135 3679 1238 3742 Roma
1264 3680 1300 3742 in
1317 3675 1439 3743 Galliam

333 3798 486 3840 reversus
510 3775 686 3840 formulam
711 3777 863 3860 rejiceret
887 3787 919 3840 et
942 3775 985 3840 ad
1003 3779 1200 3842 sententiam
1215 3799 1311 3842 suam
1330 3775 1440 3840 rediret.

408 4087 430 4154 ¹)
450 4087 488 4140 lle
508 4087 694 4154 Eucharistia;
714 4087 808 4142 'l'hesis
828 4087 900 4150 XIV,
921 4087 1043 4141 Scholion
1065 4089 1087 4140 1.
1108 4103 1133 4154 p.
1153 4087 1213 4142 226.

407 4177 430 4243 Ἰ)
449 4177 541 4232 Instit.
561 4176 622 4231 hist.
644 4177 735 4232 eccles.
755 4176 828 4232 Sacc.
848 4176 895 4231 xl.
916 4176 947 4232 P.
965 4175 999 4232 ΙΙ.
1020 4176 1084 4244 Cap.
1103 4175 1154 4230 Ill.
1173 4177 1189 4244 fi
1210 4179 1249 4230 nt.

406 4267 429 4336 ῃ)
448 4267 482 4319 Κ,
503 4267 542 4330 G„
561 4267 593 4322 B.
612 4267 649 4321 II.
670 4267 718 4322 Th.
738 4267 759 4320 Ι.
779 4266 796 4336 ἕ
814 4268 856 4319 29.
