2904 4834
329 511 383 563 434
644 507 734 561 XVII.
771 507 811 560 De
829 506 973 560 schismate
992 505 1134 560 Phasiaco.

329 676 396 718 non
421 661 562 738 possent,
588 650 646 714 sed
669 672 731 714 nec
747 649 892 714 Basilius
915 671 955 712 ac
970 649 1107 714 Photius
1131 658 1264 735 peracta
1287 651 1423 732 corrigere

331 749 469 831 vellent,
502 766 608 835 neque
631 747 823 832 Balgariam
845 746 1001 827 reddere,
1025 747 1176 811 Marinus
1200 747 1328 810 infectis
1347 745 1438 809 rebus

330 849 463 913 demum
495 847 650 911 dimissus
680 855 736 909 est.
784 844 862 909 Post
893 843 1036 908 reditum
1068 843 1190 908 Marini
1221 844 1362 909 loannes
1386 861 1438 937 resp

331 945 448 1010 melius
481 946 632 1022 edoctus,
667 944 821 1028 quamvis
846 941 957 1006 multis
980 951 1186 1028 premeretur
1209 943 1377 1026 angustiis,
1403 947 1438 1002 etl

330 1043 491 1108 Basiliam
522 1041 689 1107 offendere
720 1041 889 1104 videretur
919 1062 989 1104 esse
1014 1039 1111 1104 valde
1134 1041 1308 1120 nocivum,
1340 1038 1438 1102 officior

158 1143 316 1248 {ffiffl
331 1164 389 1206 suo
415 1151 525 1204 umen
549 1161 616 1203 non
640 1139 761 1220 defuit,
796 1138 854 1202 sed
878 1137 1032 1202 Photium
1057 1159 1279 1223 magnacum
1302 1135 1424 1200 solemni-

217 1271 263 1312 us.
311 1230 397 1304 'tate
421 1237 725 1303 anathematizavit.
761 1236 800 1300 Id
825 1234 989 1320 colligitur
1013 1257 1055 1298 ex
1079 1237 1129 1316 iis,
1154 1255 1239 1321 quae
1264 1235 1305 1299 de
1320 1235 1438 1300 loanni

330 1337 517 1401 referuntur
532 1338 567 1399 in
583 1333 825 1421 appendicibus
838 1335 880 1398 sd
894 1332 1081 1397 Concilium
1095 1334 1342 1398 oecumenicum
1354 1330 1426 1395 Vlll.

330 1435 428 1498 editis
453 1457 494 1498 ex
518 1434 653 1518 antiquo
679 1432 792 1496 codice
815 1453 945 1516 gracco.
991 1430 1070 1494 Post
1096 1431 1207 1516 aliqua
1230 1441 1378 1516 excerpta
1397 1451 1438 1492 er¹

330 1532 490 1616 synodica
514 1530 677 1630 Hadriani
702 1530 735 1594 Π
759 1553 824 1615 qua
848 1528 1004 1592 Photium
1030 1528 1217 1610 damnavit,
1249 1530 1425 1615 adjungitur.

330 1650 406 1694 eum
446 1629 502 1715 qui
538 1629 735 1693 sententiam
771 1628 995 1692 damnationis
1035 1626 1225 1692 solemniter
1263 1626 1426 1713 postularit.

330 1729 431 1793 fuisse
461 1725 733 1791 archidiaconum
765 1727 835 1811 ejus
859 1725 1024 1790 Ioannem
1055 1728 1109 1810 qui
1132 1725 1185 1789 illi
1211 1728 1246 1788 in
1264 1724 1425 1811 pontificatu

328 1837 439 1912 postea
463 1825 617 1889 successit.
665 1824 716 1886 Ao
740 1823 851 1886 relatis
875 1823 946 1907 ejus
966 1823 1077 1887 verbis
1101 1827 1265 1909 sequitur:
1290 1823 1372 1886 Haec
1390 1821 1428 1906 qui

326 1923 549 2010 pronuntiavit
563 1921 718 2001 ,Ioannes
743 1944 810 1984 cum
834 1921 1002 1984 Hadriani
1025 1923 1168 1985 thronum
1190 1943 1346 1986 successor
1365 1943 1427 1982 occu·

323 2030 446 2109 pascet,
470 2019 551 2083 idem
575 2021 643 2104 ipse
668 2019 817 2082 Plotium
841 2019 980 2082 eamdem
1003 2019 1181 2096 damnavit,
1206 2017 1331 2104 quaudo
1353 2017 1427 2101 Eupr-

329 2120 416 2182 niam
440 2128 470 2181 ct
492 2117 575 2180 alios
593 2127 729 2203 propter
750 2115 940 2202 Bulpariam
962 2117 1073 2180 missos
1096 2114 1163 2198 (dui
1185 2115 1241 2204 τὴν
1256 2113 1428 2196 Baclycipuu

330 2213 500 2297 ἐλθόντας)
526 2237 587 2301 per
606 2213 763 2299 fraudem
786 2215 986 2278 circumvenit
1018 2225 1048 2278 et
1071 2217 1223 2300 compit.
1273 2210 1348 2278 Cata
1368 2213 1427 2275 enin

330 2315 501 2399 accepisset
535 2309 742 2397 annpeiiam
777 2323 807 2374 et
841 2311 1002 2375 ambonem
1033 2312 1278 2388 conscendisset,
1313 2307 1428 2374 omnibu

330 2409 533 2474 audientibus
556 2411 604 2473 ita
627 2409 731 2473 disis·
758 2407 947 2495 Quicumque
970 2433 1033 2472 non
1057 2409 1148 2472 labet
1170 2409 1352 2472 damnatum
1373 2407 1427 2470 rh·

331 2510 407 2572 tium
431 2507 542 2571 diuina
566 2509 737 2586 sententia,
768 2509 849 2570 sicta
871 2508 975 2594 ipsum
1001 2505 1129 2593 reliquit
1154 2505 1310 2570 Nicotaus
1332 2517 1359 2568 et
1381 2503 1428 2566 Ha·

331 2607 466 2670 dsianus
489 2606 681 2668 sanctissimi
697 2605 805 2690 Papae
816 2605 1077 2690 praedecessores
1092 2607 1162 2683 mei,
1186 2607 1229 2668 sit
1245 2598 1427 2669 acarnanas*

331 2741 375 2750 -
391 2703 500 2788 Hujus
525 2703 747 2767 damnationis
772 2702 1007 2766 documentum
1032 2704 1184 2766 exstabat
1207 2705 1307 2767 etiam
1326 2705 1357 2765 in
1371 2699 1428 2783 Epi·

331 2809 418 2864 tomo
443 2799 570 2885 Synodi
595 2802 829 2864 oecumenicae
853 2799 953 2882 VIII,
988 2800 1077 2885 quod
1102 2797 1380 2884 Constantinopoli
1406 2798 1427 2856 in

332 2901 403 2984 ipsa
433 2898 573 2963 ecclesia
604 2908 738 2963 sanctae
762 2898 907 2983 Sophiae
937 2898 1076 2962 affixum
1110 2897 1221 2986 erat.²)
1268 2898 1306 2962 In
1337 2895 1428 2960 eodem

332 2999 419 3060 inter
441 2994 506 3059 alia
531 2995 668 3061 dicimr:
694 2995 854 3078 „Photius
877 3017 1034 3060 anovem
1051 2995 1270 3060 Pontificibus
1286 2993 1428 3060 Romanis.

332 3093 461 3173 Leone,
493 3092 674 3158 Benedicta
683 3143 691 3174 ,
725 3093 879 3174 Nicolao‚
913 3093 1102 3175 Hadriano,
1136 3095 1280 3174 Joanne,
1314 3092 1428 3156 Marino.

333 3190 505 3255 Hadriano
526 3190 637 3274 altero,
663 3191 832 3277 Stephano
857 3202 889 3256 et
904 3193 1061 3256 Formoso
1081 3191 1303 3256 anathematis
1316 3188 1428 3254 fulmine

333 3297 383 3352 est
405 3290 523 3353 ictus.“
570 3288 636 3354 Ubi
661 3291 761 3353 etiam
793 3289 902 3375 quoad
927 3291 1116 3374 Eugenium
1147 3291 1284 3376 ejusque
1307 3287 1428 3351 socioss

332 3385 451 3450 Photio
482 3387 637 3472 deceptos
668 3386 807 3450 dicitur:
839 3387 929 3470 „Qui
953 3387 1093 3452 Romam
1124 3389 1248 3452 reversi
1282 3411 1302 3450 a
1323 3387 1428 3452 Ioanne

334 3505 421 3571 papa
453 3485 488 3547 in
521 3483 663 3548 ambone
695 3484 875 3570 publicitus
905 3495 982 3550 sunt
1005 3485 1152 3550 damnati
1186 3496 1219 3550 et
1251 3479 1426 3550 exauctorati

335 3579 623 3669 (aadpps‘dsaav).“
670 3583 848 3668 Perperam
879 3585 980 3668 igitur
1002 3582 1135 3648 Pichler
1156 3605 1208 3648 res
1233 3585 1278 3648 ita
1308 3579 1427 3647 exhibe.

334 3701 375 3743 ac
410 3681 437 3742 si
467 3680 615 3746 Joannes
638 3679 723 3743 VIII
757 3701 862 3765 usque
896 3680 939 3744 ad
974 3681 1063 3745 vitae
1098 3681 1198 3746 finem
1229 3681 1373 3746 Photium
1402 3691 1426 3734 m

336 3776 558 3862 patriarcham
582 3775 794 3863 habuissem)

334 3905 548 3914 .————-..-—

409 3963 430 4031 ¹)
448 3962 539 4017 Lahbe
558 3963 635 4019 VIII.
659 3965 733 4018 1419.
755 3993 786 4003 -
806 3963 939 4017 Baronim
962 3963 997 4018 ad
1016 3981 1039 4018 a.
1058 3965 1112 4021 880
1130 3981 1156 4019 n.
1178 3967 1208 4020 ll
1236 3981 1322 4020 errore
1339 3959 1425 4028 cumea

335 4041 406 4097 hunc
425 4049 532 4098 textum
550 4043 631 4097 affert
649 4043 736 4098 veluti
754 4049 858 4112 partem
873 4044 1003 4112 epistolae
1016 4045 1135 4100 Formosi
1149 4045 1229 4102 Pont.
1247 4045 1281 4100 ad
1292 4042 1424 4108 sptium

336 4123 391 4177 Cir.
411 4122 507 4178 Helela
526 4123 554 4177 O.
575 4123 606 4178 G.
626 4124 674 4178 IV.
694 4125 718 4194 ᾗ.
738 4125 799 4179 500.

409 4201 432 4266 ²)
453 4203 641 4268 „Breviarium
650 4203 750 4271 synodi
769 4207 881 4258 octavae
899 4203 934 4258 ad
952 4203 1104 4274 ingressum
1122 4221 1238 4275 magnae
1256 4202 1374 4261 adaiae
1390 4209 1424 4250 see

336 4281 365 4335 in
383 4282 489 4350 porticu
508 4283 711 4351 perscriptum*
731 4282 820 4338 Lahbe
832 4283 910 4338 VIII.
926 4279 1002 4340 1422.
1054 4284 1075 4351 ⁸)
1096 4285 1125 4340 L.
1140 4301 1162 4342 c.
1181 4285 1212 4344 T.
1225 4287 1247 4341 Ι.
1266 4303 1289 4355 p.
1302 4283 1351 4338 199.
1363 4281 1411 4333 200.
