2926 4840
308 493 350 548 De
368 491 555 548 Decretalibus
572 491 854 547 Pseudo-Isidoriauis
1093 493 1160 547 962·

45 635 167 716 habent,
201 647 314 700 utrum
347 633 749 717 aldemano-Francia,
785 635 912 700 seilicet
935 657 979 699 ex
1002 635 1147 700 dioecesi

45 732 237 818 lloguntina,
270 733 327 798 illa
352 731 509 798 Collectio
541 733 717 819 prodierit,
751 757 794 798 en
817 755 897 798 vero
931 734 1047 799 eadem
1072 747 1148 798 con-

44 831 114 894 iecta
134 831 233 895 fuerit
256 832 291 896 in
314 832 459 896 Francia
482 830 699 914 occidentali,
724 854 782 896 seu
806 833 840 896 in
864 832 1039 917 provincia
1061 831 1147 896 Rhe-

44 930 140 992 nensi.
185 927 348 993 Ultimam
371 930 578 1011 sententiam,
606 950 707 1015 quam
731 928 844 994 multis
866 931 1069 1014 argumentis
1093 951 1148 994 ex-

43 1027 127 1090 ternis
157 1035 190 1090 et
222 1027 362 1091 internis
384 1025 568 1091 Hinsehius
591 1025 776 1109 roboravit,
810 1025 1053 1092 admittendam
1077 1049 1147 1091 esse

42 1144 203 1188 censemus.
212 1123 239 1210 ¹)

113 1222 165 1286 56.
200 1222 280 1287 Jam
314 1221 356 1286 de
383 1222 447 1305 fiee
479 1243 536 1286 seu
561 1243 659 1308 scopo
694 1242 793 1307 quem
816 1233 932 1287 auctor
963 1221 1051 1286 illius
1075 1219 1147 1286 Col·
1162 1223 1311 1327 ,Qum

42 1316 173 1384 lectionis
196 1318 263 1384 sibi
281 1320 489 1404 proposuerit
501 1341 610 1405 pauca
627 1319 787 1384 dicamus.
826 1317 1146 1400 Animadvertimus,
1211 1344 1265 1388 ree.

41 1419 172 1503 sesequi
196 1416 414 1498 contendunt,
438 1417 538 1481 finem
563 1439 639 1481 eum
662 1417 867 1502 propositum
891 1416 992 1480 fuisse
1005 1415 1148 1481 Pseudo·

41 1511 167 1594 isidoro,
202 1523 241 1578 ut
272 1522 467 1599 potestatem
491 1513 632 1578 Romani
656 1513 827 1578 Pontifieis
851 1512 1082 1598 amplificaret,
1117 1523 1149 1576 et

43 1612 68 1674 iu
94 1609 178 1677 hunc
203 1633 343 1698 scopum
367 1609 603 1676 Collectionem
633 1610 724 1676 illam
748 1633 819 1676 esse
843 1613 1018 1676 confictam
1050 1621 1148 1696 atque

42 1708 227 1792 confectam,
261 1719 299 1774 ut
325 1711 521 1774 exercitium
549 1709 794 1795 jurisdictionis
817 1708 914 1774 Sedis
936 1707 1149 1794 Apostolieae

41 1803 122 1868 latius
144 1817 177 1870 et
201 1806 374 1872 efficacius
398 1809 431 1872 in
456 1809 628 1894 episcopos
651 1807 894 1872 extenderetur.
933 1806 999 1872 Sed
1020 1806 1148 1870 nullum

42 1902 164 1968 solidum
187 1903 291 1989 hujus
314 1907 497 1971 sententiae
521 1916 570 1970 est
592 1916 835 1990 argumentum.
873 1906 944 1969 Imo
968 1925 1010 1968 ex
1034 1903 1148 1969 sedulo

43 2021 133 2064 rerum
162 2004 320 2066 examine
345 2003 525 2088 colligitur,
559 2005 712 2090 quamvis
745 2001 985 2067 contribuerint
1006 2000 1148 2066 Pseudo-

42 2097 218 2164 Decretales
252 2111 289 2164 ut
320 2101 478 2186 majorem
511 2100 695 2165 efficaciam
729 2111 761 2166 et
789 2102 1015 2165 extensionem
1039 2101 1149 2184 acqui-

42 2205 111 2260 reret
129 2195 214 2261 illud
231 2198 475 2284 jurisdictionis
491 2200 696 2279 exercitium,
719 2210 830 2262 tamen
844 2198 935 2262 hunc
951 2219 1017 2262 non
1032 2196 1148 2261 directe

42 2292 126 2359 inisse
147 2295 252 2360 finem
276 2295 319 2360 ab
343 2305 476 2360 auctore
500 2298 683 2377 intentum,
714 2295 772 2360 sed
796 2307 924 2360 tantum
947 2295 1083 2359 mediam
1105 2294 1148 2358 ad

42 2389 116 2455 aliud
139 2392 371 2458 obtinendum.
420 2393 565 2474 Quidam
596 2395 805 2465 existimant,
836 2393 1001 2457 Isidorum
1025 2391 1149 2456 Merca-

44 2502 128 2554 torem
159 2491 265 2556 finem
288 2490 445 2556 habuisse
472 2491 669 2578 peculiarem
702 2493 758 2577 qui
791 2489 990 2577 respiciebat
1021 2489 1149 2575 aliquos

42 2588 208 2675 episcopos.
255 2589 343 2654 Eum
379 2590 560 2654 intendisse
593 2589 646 2654 vel
680 2591 763 2654 tueri
797 2591 969 2675 episcopos
991 2588 1148 2664 Francos,

43 2685 87 2768 qui
117 2696 232 2752 contra
264 2686 478 2752 Ludovieum
509 2687 607 2751 Pium
641 2689 744 2751 secuti
777 2689 909 2752 tuerent
940 2684 1147 2766 Letharium,

44 2803 75 2844 ne
95 2805 208 2849 severa
232 2785 381 2850 vindicta
405 2781 440 2849 in
463 2807 519 2848 eos
542 2787 744 2870 exigeretur,
770 2783 822 2848 vel
847 2784 1018 2869 speciatim
1041 2803 1148 2868 respe·

44 2880 116 2944 sisse
135 2903 272 2947 cansam
287 2882 438 2948 Ebbonis
457 2882 698 2968 archiepiscopi
714 2881 919 2963 Rhemensis,
944 2901 983 2946 ac
1007 2879 1149 2944 voluisse

45 2981 213 3064 providere,
236 2991 274 3046 ut
296 2980 352 3046 hic
376 2983 411 3047 in
434 2981 547 3045 sedem
572 3001 665 3045 suam
689 2982 924 3045 restitueretur.
962 2978 1052 3042 Hinc
1073 2999 1148 3042 eum

44 3077 227 3144 confinxisse
250 3079 294 3143 ad
318 3079 408 3142 hunc
432 3077 569 3143 illumve
592 3099 728 3163 scopum
745 3076 963 3142 obtinendum
986 3075 1151 3162 quasdam

45 3184 177 3240 veterum
193 3177 392 3242 Pontificum
408 3175 610 3259 Decretales,
635 3196 719 3261 quae
743 3175 786 3238 ad
809 3172 1000 3260 hujusmodi
1017 3175 1149 3258 negotia

44 3269 140 3336 referri
164 3285 331 3359 poterent3
356 3272 482 3360 reliqua
506 3294 584 3339 vero
609 3272 712 3337 multa
735 3271 913 3355 addidisse,
938 3281 974 3335 ut
998 3271 1148 3336 fraudem

45 3365 158 3434 facilius
182 3371 415 3438 dissimularet.
462 3371 529 3438 Sed
559 3373 658 3436 nimis
680 3371 858 3436 artificiosa
888 3378 938 3433 est
961 3369 1024 3432 ista
1047 3368 1149 3454 expli-

45 3467 126 3532 catio.
172 3468 285 3549 Quum
309 3471 398 3534 enim
422 3490 459 3534 eo
483 3479 630 3555 tempore
653 3467 850 3533 difficillime
868 3467 1150 3552 distinguerentur

45 3559 226 3632 documenta
258 3568 405 3653 genuina
437 3577 469 3630 et
501 3567 709 3653 apocrypha,
743 3587 808 3630 non
841 3575 911 3630 erat
943 3585 1026 3651 opus
1048 3562 1148 3628 talem

46 3657 254 3730 Demetalium
285 3666 501 3730 eonfietarum
526 3665 644 3730 molem
677 3666 713 3729 in
735 3685 811 3728 eum
836 3663 937 3728 finem
961 3683 1148 3747 congerere.

47 3755 203 3826 Praeterea
214 3763 356 3849 longiori
372 3771 519 3849 tempore
534 3761 707 3847 indigebat
721 3771 837 3826 auctor
852 3761 896 3826 ad
911 3759 1149 3846 amplissimam

48 3877 125 3922 suam
149 3858 381 3926 Collectionem
405 3859 650 3946 compilandam
680 3871 713 3924 et
736 3858 1018 3945 componendam,
1049 3879 1148 3942 quam

49 3965 77 4013 ut
95 3957 266 4040 specialem
294 3958 471 4045 quemdam
495 3966 652 4022 eventum
684 3959 740 4043 qui
764 3955 860 4021 brevi
883 3966 1030 4042 tempore
1054 3953 1149 4019 dura-

111 4185 213 4250 ¹)Vide
228 4187 388 4244 Hiusehium
406 4187 422 4242 l
442 4203 509 4256 ep.
529 4187 612 4246 OCIV
630 4203 739 4256 soa-
762 4187 792 4242 F.
811 4185 918 4252 Olarke
936 4185 994 4241 The
1012 4185 1080 4240 false
1098 4185 1150 4240 De·

51 4265 343 4334 mimallones,
363 4267 563 4337 taetriores.)
