2904 4834
330 477 477 532 Concilium
495 476 692 534 ammonitum
713 481 847 530 octavum.
1098 474 1158 530 383

51 623 189 708 imputate
196 621 274 706 fato
285 621 493 708 permanetur:
508 643 576 686 cum
591 621 757 706 imperinm
773 642 837 684 ona
858 641 926 682 cam
937 630 1036 684 matre
1051 641 1154 684 annos

49 719 220 803 piodecim,
250 742 369 784 ruenses
391 730 477 799 octo,
507 716 593 784 solrrs
624 741 732 784 nouem
754 739 859 804 prope
891 739 991 782 annos
1015 717 1151 781 adelini·

49 828 176 897 rtrosret,
208 839 335 902 masque
357 813 476 880 mdnm
499 816 635 904 fecisset
664 818 699 880 in
722 826 885 900 corsspeetu
918 814 1064 880 ecclesiae
1087 815 1157 879 Dei

43 917 136 1000 periit.
171 915 267 981 Initio
291 925 397 983 antem
411 915 601 983 Indictionis
618 905 758 1001 primae,
781 935 862 980 nono
876 912 1043 978 Kalendas
1061 913 1149 978 Octo-

47 1013 106 1094 tris,
127 1013 270 1078 Basilius
292 1013 382 1096 repis
404 1022 558 1098 occspata
574 1013 750 1099 Imperator
773 1021 818 1077 ost
842 1010 1074 1076 consalutatus:
1097 1013 1155 1096 qni

46 1113 131 1176 misem
153 1111 198 1176 ad
219 1110 430 1174 revocandam
458 1133 497 1174 ecc
520 1111 633 1174 itincre
658 1109 862 1188 Zachariam,
892 1108 984 1174 illam
1007 1133 1023 1172 e
1045 1109 1149 1172 media

46 1209 84 1272 ria
111 1209 255 1273 retraxit.
305 1208 491 1293 Posteroqae
522 1207 573 1270 die
603 1231 697 1294 qaam
725 1207 925 1270 renmotiatns
955 1216 1025 1269 orat
1050 1207 1151 1292 Impe-

43 1317 131 1384 rator,
162 1307 311 1370 Plotium
342 1305 380 1369 de
405 1305 513 1370 tlrono
545 1305 743 1368 deturbatum
771 1305 805 1368 in
829 1302 1007 1368 coenobium
1030 1301 1149 1392 Seepen

42 1403 223 1490 appellatum
244 1403 347 1492 ejicit,·
364 1402 582 1489 postridieque
598 1403 716 1482 Eliam,
740 1401 1030 1490 splendidissimum
1044 1401 1149 1486 sepiae

42 1499 137 1566 daras
159 1501 378 1586 drunparinm,
402 1523 470 1564 cam
486 1499 633 1564 dromone
654 1502 740 1586 sepio
759 1522 813 1564 sen
827 1499 936 1579 celoce,
961 1499 1004 1564 ad
1018 1499 1152 1564 saneta·

41 1600 136 1662 simum
152 1599 375 1686 patriarcham
407 1621 447 1662 ea
469 1598 576 1662 insula
603 1596 910 1682 Constantinopolim
942 1618 980 1660 ea
1003 1619 1066 1684 qua
1082 1619 1151 1684 par

41 1707 77 1758 ert
95 1697 220 1762 lonoms
236 1718 359 1782 pompa
376 1695 591 1763 reducendam
613 1697 723 1759 mittit:
745 1695 800 1781 qni
821 1694 912 1760 illum
936 1695 1092 1782 tantisper
1114 1696 1150 1758 in

37 1795 168 1878 paternis
191 1793 323 1858 aedibus
346 1793 426 1872 sais,
451 1815 529 1879 quas
553 1793 720 1880 Manpana
745 1792 925 1879 appellant,
954 1791 1146 1858 collocat...

43 1891 116 1956 Tunc
137 1913 208 1956 sero
231 1889 376 1956 Basilius
391 1891 568 1978 Imperator
590 1891 761 1956 adductam
782 1890 817 1953 in
836 1877 1032 1976 Mapnanrn'e
1051 1890 1148 1978 pala-

40 1991 104 2052 tium
126 1991 295 2076 lpnatiam,
319 1987 446 2054 silem
469 1988 599 2068 indicto,
623 1988 731 2054 maltis
754 1987 903 2053 laudibus
926 1987 1146 2054 cohonestavit.

39 2087 105 2150 Dies
127 2099 195 2152 erat
219 2087 395 2166 dominica,
427 2087 521 2150 tertia
546 2096 574 2150 et
597 2086 746 2172 uipesima
771 2085 957 2150 Nouembris
988 2089 1031 2168 (a.
1056 2084 1145 2172 867),

37 2207 86 2268 pro
114 2187 209 2249 stram
239 2187 318 2248 anai
345 2194 480 2268 tempore
505 2184 600 2272 prins
622 2184 658 2248 in
681 2182 811 2248 emiliam
835 2181 950 2270 palsas
974 2193 1059 2264 erat,
1092 2185 1149 2270 qui

37 2282 90 2346 Dei
107 2281 273 2368 praesidio
298 2291 327 2346 et
349 2280 514 2346 clementia
528 2280 654 2368 fietus,
687 2279 890 2346 novennalem
913 2305 951 2346 ac
967 2280 1148 2368 perfectam

37 2383 210 2445 resistatis
234 2379 401 2444 certamine
425 2379 568 2444 lauream
592 2379 743 2466 adeptus,
768 2377 915 2444 ecclesiae
936 2401 1011 2444 suae
1036 2380 1147 2444 throno

37 2480 211 2542 restituitur.
219 2475 242 2562 ¹)
263 2515 307 2524 -
330 2475 434 2540 Varia
458 2485 552 2542 erant
574 2499 653 2542 eane
668 2476 791 2542 Basilio
817 2479 952 2561 motiva,
977 2486 1013 2542 ut
1026 2475 1147 2542 Photio

36 2573 182 2640 destituto
215 2575 383 2660 Ignatium
416 2584 595 2640 revocaret.
643 2574 763 2640 Sciesio
797 2574 854 2638 illa
888 2596 963 2638 cum
996 2575 1147 2640 Romano

36 2671 187 2738 Pontifiee
211 2684 244 2736 et
261 2671 453 2754 Occidente,
477 2671 518 2736 ad
544 2693 642 2758 quam
659 2671 798 2737 Photius
822 2672 1003 2738 ambitione
1026 2671 1147 2736 ardens

35 2791 77 2834 res
99 2771 294 2853 adduxerat,
318 2771 504 2857 perniciosa
527 2768 705 2834 videbatur
718 2769 923 2856 Imperatori,
948 2791 1050 2856 quum
1074 2791 1143 2855 per-

35 2869 175 2952 spiceret,
199 2867 335 2955 Imperii
359 2865 578 2934 incolumitati
602 2869 712 2953 potius
731 2869 915 2932 conducere
933 2866 1144 2933 concordiam

34 2987 99 3030 cnm
113 2964 266 3032 Ecclesia
287 2975 319 3028 et
333 2964 541 3052 principibus
556 2964 759 3030 Occidentis.
798 2965 933 3050 Sagaris
947 2965 1146 3052 prudentiae

34 3065 123 3128 etiam
149 3073 234 3148 erat,
266 3065 478 3148 exstinguere
501 3063 607 3150 ipsam
631 3065 666 3128 in
691 3063 830 3128 eeclesia
854 3061 988 3128 CPtuna
1012 3063 1144 3128 divisio·

34 3183 116 3244 nem,
142 3183 209 3228 non
233 3161 331 3247 pauci
356 3161 462 3241 enim,
487 3183 526 3226 ac
549 3163 695 3226 maxime
719 3161 883 3226 inferioris
907 3157 1012 3246 plebis
1036 3160 1144 3225 multi-

32 3259 119 3342 tudo,
156 3257 282 3324 addicti
316 3269 409 3324 erant
438 3257 568 3344 Ignatio
601 3259 810 3344 patriarchae
842 3259 963 3344 injuste
996 3256 1143 3344 depulso,

32 3357 111 3422 unde
136 3357 208 3444 ejus
231 3357 394 3422 restitutio
418 3355 566 3421 favorem
581 3356 776 3442 popularem
789 3355 912 3422 Basilio
932 3353 1142 3422 conciliabat.

32 3453 88 3518 Hic
120 3455 256 3520 demum
279 3453 390 3518 Photii
424 3456 572 3518 animum
605 3465 776 3518 versutum
809 3455 887 3518 satie
920 3463 1143 3542 perspexerat,

30 3549 66 3615 ab
89 3575 126 3618 eo
151 3563 185 3617 et
207 3551 250 3618 ab
273 3551 394 3616 audaci
419 3551 572 3636 Gregorii
597 3549 758 3616 Aebestae
781 3551 925 3617 faotione
949 3551 1087 3617 insidias
1111 3561 1144 3614 et

31 3649 168 3732 pericula
198 3652 314 3714 timere
337 3659 486 3736 poterat,
517 3659 549 3713 et
573 3649 760 3714 cavendum
791 3649 833 3714 ab
858 3652 929 3714 istie
952 3647 1144 3715 hominibus

30 3747 189 3813 censebat.
226 3747 280 3812 Ex
295 3745 386 3812 hisce
402 3749 535 3811 motivis
551 3747 648 3811 velox
671 3749 809 3812 mutatio
826 3771 935 3813 rernm
951 3746 1142 3814 ecclesiasti-

30 3869 135 3912 carnm
160 3867 245 3933 quae
270 3847 364 3911 initio
391 3847 520 3932 imperii
541 3845 657 3912 Basilii
682 3846 805 3911 accidit
830 3847 926 3912 facile
947 3845 1142 3932 explicatur.

111 3946 165 4012 76.
188 3944 338 4029 Ignatius
361 3943 431 4009 sedi
455 3945 625 4010 restitutus
647 3943 803 4010 Photium
834 3946 971 4030 ejusque
1002 3941 1142 4008 asseclae
1162 3939 1301 3990 Mum

29 4043 298 4106 scammunione
321 4043 475 4124 semovit,
499 4043 660 4127 petiitque
683 4041 725 4106 ab
749 4042 964 4128 Imperatore,
995 4049 1032 4104 ut
1057 4039 1141 4105 (lon-
1181 4001 1282 4042 'mm

97 4247 114 4312 ¹)
133 4245 259 4311 Nicetes,
277 4244 346 4300 Vita
363 4245 470 4315 ignat,
489 4261 531 4314 ap.
550 4243 641 4299 Labbe
660 4243 726 4301 0011.
746 4243 824 4300 (lonc.
845 4245 875 4300 T.
894 4243 971 4300 vm.
992 4245 1040 4300 rol.
1062 4245 1138 4300 1226.
