2904 4834
290 475 343 529 432
610 473 699 528 XVII.
736 473 777 526 De
794 471 938 525 schismate
955 471 1098 526 Photiano.

290 617 424 702 linguae
448 636 586 700 graecae
611 617 752 699 ignaros,
777 612 866 678 haud
890 615 1040 699 apprime
1064 615 1264 680 intellexisse
1285 639 1323 680 so
1345 619 1398 680 sci·

291 717 378 778 visse
408 735 493 800 quae
517 712 595 777 Sedi
619 710 832 796 Apostolicee
861 711 991 774 infense
1022 713 1054 775 iu
1079 715 1120 776 iis
1153 714 1397 778 continerentur.

291 823 390 897 utque
414 811 476 875 sibi
501 811 718 895 persuasisse,
749 811 784 872 in
808 808 974 894 adjunctis
998 809 1204 875 difficillimis
1234 814 1310 875 setis
1333 835 1400 876 eon-

292 911 464 974 venienter
496 907 653 971 mandata
676 908 818 972 Joennis
842 906 926 970 VIII
954 907 1129 972 observata
1161 909 1276 984 fuisse,
1308 933 1399 996 seque

291 1006 377 1070 bono
402 1007 494 1092 pacis
525 1014 558 1067 et
580 1003 751 1068 Ecclesiae
775 1003 909 1068 utilitati
943 1005 1143 1070 inserviisse.
1189 1006 1287 1071 lnitio
1309 1007 1400 1074 losu-

291 1127 365 1187 nes,
397 1105 551 1190 quamvis
574 1102 657 1166 forte
681 1101 776 1188 plura
800 1102 890 1166 haud
914 1102 998 1166 bene
1022 1113 1155 1189 peraeta
1185 1104 1272 1169 illico
1296 1105 1401 1170 sdver-

290 1211 383 1286 teret,
408 1211 441 1264 et
456 1200 593 1265 Photius
617 1203 688 1286 ipse
712 1201 906 1285 scripsisset,
932 1221 966 1263 se
990 1210 1103 1286 utpote
1126 1223 1193 1266 non
1208 1225 1299 1267 reum
1321 1205 1399 1266 mise·

121 1307 209 1349 runnu
224 1306 273 1378 {11¹
292 1301 464 1364 ricordiam
496 1321 516 1361 a
533 1297 674 1382 ‘Synodo
698 1307 808 1382 petere
837 1319 904 1361 non
928 1300 1088 1383 potuisse,
1122 1301 1345 1364 moderatione
1375 1315 1402 1362 st

144 1367 267 1410 mmm
292 1397 499 1481 indulgentie
523 1399 570 1459 uti
595 1398 749 1481 perrexit.
784 1395 825 1459 In
848 1395 965 1460 litteris
988 1396 1110 1481 quibus
1126 1397 1181 1462 die
1201 1399 1253 1462 13⁶
1270 1399 1400 1482 Augusti

291 1495 414 1560 Basilio
439 1503 472 1558 et
486 1492 604 1557 Photio
627 1492 806 1578 respondit,
831 1495 867 1557 in
891 1495 1058 1578 agnitione
1075 1495 1185 1559 Photii
1209 1509 1400 1581 perseveret:

292 1591 505 1679 reprehendit
527 1600 656 1672 tumen,
682 1591 770 1678 quod
795 1590 889 1677 plura
913 1594 1023 1678 capita
1047 1615 1131 1678 quse
1158 1595 1401 1679 praescripserat

292 1689 383 1754 haud
407 1689 580 1754 observate
604 1691 686 1770 sint,
722 1699 755 1752 et
777 1689 956 1774 significat,
989 1713 1024 1754 se
1047 1712 1087 1754 eu
1111 1712 1178 1755 non
1208 1691 1400 1766 confirmare,

292 1811 377 1874 quse
400 1788 499 1872 legati
523 1786 605 1850 forte
629 1788 664 1851 in
688 1786 815 1871 synodo
840 1797 954 1852 contra
978 1787 1192 1872 apostolieum
1212 1791 1400 1874 praeceptio-

293 1907 368 1950 nem
393 1887 529 1969 egerint.
575 1884 627 1948 Its
651 1885 686 1947 in
710 1883 847 1969 epistole
871 1885 913 1949 sd
933 1885 1094 1949 Basilium
1109 1886 1257 1951 Josnnes
1281 1886 1400 1951 scribit:

294 1985 381 2048 Nam
405 1993 434 2046 et
456 2007 510 2061 ea,
543 2005 621 2067 quae
643 2005 702 2067 pro
727 2003 824 2045 casua
846 1983 1056 2066 restitutionis
1084 1985 1160 2048 Rmi
1183 1985 1292 2048 Plotii
1309 1986 1399 2070 potti-

293 2084 406 2146 arctae
438 2081 586 2167 synodali
617 2079 740 2144 decreto
768 2079 1045 2168 Constantinopoli
1073 2083 1319 2145 misericorditer
1340 2090 1402 2143 acta

293 2188 374 2258 ment,
397 2179 574 2263 recipimus.
610 2177 654 2241 Et
677 2178 706 2240 si
720 2177 865 2263 fortasse
881 2181 984 2242 nostri
1006 2177 1104 2264 lopati
1121 2179 1279 2243 incudem
1294 2177 1400 2266 synodo

293 2287 404 2340 contra
427 2273 634 2361 apostolicam
652 2277 907 2360 praeceptionem
928 2277 1055 2362 sper-int,
1079 2298 1136 2340 nos
1159 2301 1215 2341 nee
1236 2279 1401 2363 recipimus,

292 2396 348 2436 nee
364 2371 548 2462 judicamus
571 2373 707 2460 alicujus
730 2375 864 2436 emittere
877 2373 1088 2457 finnitatis.¹)
1112 2411 1156 2422 —-
1180 2373 1233 2438 Ad
1258 2374 1398 2439 Photium

294 2491 388 2534 vero:
423 2468 486 2533 Sed
508 2493 576 2533 eum
608 2493 664 2533 nos
696 2471 824 2557 scriptis
856 2482 885 2534 et
915 2471 1019 2536 uerbis
1041 2473 1288 2536 misericorditer
1319 2483 1401 2535 temn

293 2565 473 2654 specialiter
505 2567 660 2652 agendum
692 2591 756 2632 esse
789 2568 995 2648 decrevimus,
1032 2570 1210 2633 mirandum
1242 2569 1335 2634 ualde
1357 2579 1400 2635 est.

294 2690 349 2730 eur
372 2664 480 2742 multa,
505 2687 583 2750 pesae
607 2687 664 2728 nos
687 2677 907 2745 statueramus,
932 2676 989 2729 aut
1012 2666 1108 2730 aliter
1129 2667 1247 2746 tabita,
1272 2677 1329 2732 aut
1348 2689 1400 2729 mu·

295 2773 364 2826 tata
397 2785 460 2825 esse
493 2773 681 2845 noscantur,
705 2775 736 2827 et
759 2765 931 2841 nescimus,
965 2769 1054 2854 eujus
1077 2765 1182 2828 studio
1205 2765 1255 2830 uel
1276 2765 1401 2851 neplestu

294 2862 421 2924 uariata
441 2869 661 2924 monstrentur.
686 2910 693 2923 .
713 2909 720 2926 .
737 2912 744 2926 .
769 2861 870 2946 Ipitur
886 2859 1060 2925 laudabilis
1081 2871 1135 2925 tua
1147 2863 1322 2948 prudentio
1335 2883 1399 2947 puae

295 2959 412 3022 dieitur
434 2955 641 3021 hostilitatem
656 2961 746 3036 seire,
769 2982 834 3022 non
851 2958 978 3022 moleste
988 2959 1091 3045 ferat,
1115 2959 1199 3046 quod
1219 2959 1258 3023 ab
1273 2960 1401 3024 Εοοίεεὶα

294 3058 359 3120 Dei
381 3057 612 3119 miserationem
628 3061 723 3146 jussa
746 3067 792 3120 est
809 3057 995 3142 postulare,·
1018 3059 1094 3143 quin
1110 3059 1223 3143 potius
1245 3079 1287 3136 se,
1311 3067 1344 3120 ut
1359 3075 1400 3117 es·

296 3154 429 3232 nitetur,
460 3151 615 3232 humiliet,
650 3165 679 3218 et
701 3154 886 3240 fraternum
909 3155 1012 3218 disum
1041 3178 1117 3241 erpa
1149 3158 1201 3218 sui
1222 3157 1400 3219 miserentem

296 3275 422 3316 seruare
436 3251 592 3338 affectum.
633 3250 717 3325 Quin
733 3275 799 3333 nos,
823 3254 907 3316 situ
930 3252 1067 3316 debitam
1083 3253 1276 3316 devotionem
1299 3264 1328 3316 et
1336 3249 1399 3334 fids

298 3350 400 3413 litatis
432 3350 623 3412 incrementa
655 3372 729 3434 erpa
761 3373 786 3414 s.
812 3351 990 3414 Romanam
1022 3351 1183 3414 ecelesiam
1215 3361 1245 3414 et
1276 3361 1399 3414 nostum

291 3449 486 3532 parvitatem
509 3445 672 3511 obseruare
696 3448 864 3527 studueris,
889 3458 919 3512 et
940 3458 976 3511 ut
989 3448 1130 3534 fratrem
1144 3449 1359 3534 anspleetemur
1377 3453 1400 3506 et

297 3555 331 3609 ut
363 3545 559 3608 tutissimum
584 3546 769 3630 proximum
799 3543 1041 3629 retinebimus.²)
1089 3531 1176 3609 Imm
1208 3555 1238 3608 et
1269 3569 1308 3609 ea
1336 3562 1398 3630 pnes

294 3665 355 3729 pro
380 3665 478 3706 causa
500 3651 572 3706 tuae
594 3643 802 3708 restitutionis
825 3642 974 3729 synodali
996 3643 1118 3707 decreto
1143 3637 1399 3726 Constantinopoli

374 3837 394 3903 ¹)
413 3835 462 3903 Ep.
482 3836 549 3902 251;
568 3834 659 3888 stbe
676 3835 724 3889 tx.
746 3836 804 3890 180.
829 3853 835 3865 ·

372 3915 395 3984 ²)
414 3917 462 3983 Ep.
483 3917 549 3981 201;
568 3914 660 3969 stbe
671 3915 718 3969 1x.
742 3915 800 3969 179.
821 3945 853 3954 -
873 3913 998 3969 Severius
1016 3913 1066 3968 hso
1084 3913 1117 3969 de
1135 3931 1165 3970 rs
1182 3914 1326 3969 Beronius:
1345 3907 1396 3978 „tui

300 3996 429 4066 (Josnnes
447 3995 530 4062 VIII)
553 3994 634 4049 nimis
660 4001 742 4049 tener
767 3994 840 4063 penis
863 3995 937 4049 illius
955 3995 1011 4048 Deo
1029 3993 1148 4060 iuvisse,
1173 4011 1253 4062 quam
1276 4011 1326 4048 non
1349 4006 1395 4058 quo·

300 4077 376 4130 modo
394 4077 474 4140 Deus,
493 4075 540 4129 secl
559 4076 688 4140 quomodo
706 4075 821 4129 mundus
839 4075 901 4140 (ist,
920 4073 1022 4128 obtulit
1040 4078 1068 4128 et
1086 4073 1205 4141 aceepit,
1226 4075 1336 4129 lenium
1351 4067 1395 4124 otei

300 4173 354 4210 non
371 4154 443 4210 ferro
461 4153 581 4219 chirurgi
599 4158 644 4222 (ut
662 4170 727 4223 opus
745 4157 816 4221 emt)
834 4155 862 4208 in
876 4152 969 4208 Photii
986 4154 1113 4208 ulcerosis
1129 4153 1335 4222 apostematibus
1346 4164 1395 4204 orus

301 4241 350 4300 est,
370 4235 490 4302 exemplo
509 4251 543 4291 ss.
562 4235 793 4304 praedecessorum
811 4234 916 4288 Nicolei
934 4239 964 4288 et
981 4233 1139 4289 Hadriani!
1167 4235 1210 4288 Iu
1228 4249 1252 4291 a
1271 4233 1326 4288 880.
1342 4231 1394 4284 nt·
