2922 4832
345 501 538 558 Controversia
556 481 594 558 de·
606 501 859 560 reordinationibus.
1113 505 1166 558 123

69 646 291 731 infrequentiam
311 647 600 733 dispensationum:
627 668 707 731 quae
730 647 760 710 si
781 644 890 711 nullae
913 647 1164 724 concederentur,

67 765 116 806 non
136 767 313 830 mapaopere
335 744 485 830 referret,
518 742 653 810 illicitas
676 745 856 808 animitas
879 754 981 810 essent
1009 744 1165 810 ordinati·

66 865 133 906 ‹nsea
167 843 209 906 As
235 867 319 908 nunc
337 841 459 928 faciles
482 853 512 906 ct
536 841 644 906 obuiae
657 843 780 927 passim
795 841 1050 928 dispensationes
1060 863 1166 928 paene

67 940 174 1004 nimium
189 941 267 1028 plus
289 940 482 1025 distinquere
504 949 624 1025 coquat,
648 941 725 1026 quid
746 939 903 1018 illicitum,
927 939 1004 1026 quid
1020 951 1166 1026 praem·

65 1059 95 1100 eo
114 1040 229 1102 irritam
252 1037 338 1124 est.¹)
395 1093 399 1106 ,

139 1180 185 1245 19.
226 1179 365 1267 Antiqui
390 1179 428 1243 2⁰
451 1201 517 1243 nou
541 1179 705 1263 expressis
729 1177 851 1262 verbis,
883 1179 931 1244 uti
955 1179 1165 1262 recentiores,

63 1275 294 1362 distinguebant
309 1280 394 1342 inter
410 1275 552 1340 ordinem
567 1285 600 1340 et
615 1277 881 1365 jurisdictionem,
906 1275 964 1341 sed
980 1277 1165 1362 generatim

63 1375 271 1441 tautummodo
296 1374 338 1440 de
354 1383 514 1462 potestate
538 1373 732 1438 sacerdotali
755 1374 808 1439 vel
833 1374 1018 1462 episcopali,
1043 1375 1084 1439 de
1108 1377 1165 1439 mi-

63 1473 177 1538 nisterio
206 1496 246 1538 ae
277 1495 428 1557 munere,
458 1470 647 1558 loquuntur.
696 1471 792 1537 Unde
824 1473 880 1559 qni
904 1493 970 1536 non
994 1481 1168 1557 acceperat

56 1570 294 1654 jurisdictionem
317 1569 552 1657 episcopalem,
586 1571 633 1634 uti
658 1571 814 1648 intramus,
849 1569 901 1634 vel
925 1571 982 1656 qui
1007 1571 1167 1636 canonice

61 1689 120 1731 eam
151 1669 341 1755 perdiderat
374 1667 655 1757 quemadmodum
689 1669 871 1754 depositus,
906 1667 960 1734 ille
993 1667 1167 1733 deficiente

61 1777 204 1849 potestate
228 1765 426 1855 episcopali,
460 1764 634 1830 dicebatur
663 1788 726 1830 non
755 1788 820 1830 esse
852 1768 1036 1852 episcopus.
1063 1803 1100 1814 -
1126 1766 1167 1831 In

62 1864 157 1930 uultis
180 1868 392 1952 antiquorum
428 1865 536 1930 effatis
568 1865 669 1928 etism
701 1865 811 1949 agitur
843 1863 884 1929 de
907 1864 1055 1929 nullitate
1084 1863 1167 1928 ordi·

62 1985 129 2027 uum
158 1974 310 2050 respectu
336 1963 495 2054 juridico,
526 1983 594 2027 nou
629 1970 780 2048 respectu
820 1961 1055 2026 samansentali.
1102 1962 1168 2025 Ex-

59 2061 200 2143 primitur
223 2059 351 2144 iisdem,
376 2082 435 2148 pro
459 2060 574 2125 illicite
596 2060 747 2124 ordinato
771 2058 898 2124 nullum
920 2081 990 2124 esse
1013 2061 1167 2124 effectum

53 2158 236 2242 juridicum,
261 2180 323 2224 nee
348 2161 456 2246 ipsum
481 2179 524 2223 ex
548 2179 608 2222 sua
624 2157 832 2222 ordinatione
855 2155 909 2221 vel
925 2159 1100 2223 minimum
1111 2157 1171 2243 jus

59 2251 212 2322 deducere
235 2277 348 2342 posse,
382 2255 565 2321 seeundum
599 2254 690 2320 illam
722 2253 871 2340 regulam
899 2256 985 2341 juris
1008 2255 1169 2320 Romani:

58 2351 136 2428 Quae
158 2365 269 2420 sonna
285 2359 342 2444 jeu
355 2354 443 2440 flunt
465 2353 577 2419 debent
598 2355 704 2440 utique
723 2376 786 2440 pro
811 2353 940 2438 infectis
963 2353 1079 2421 baberi.

134 2498 189 2562 20.
234 2497 324 2562 Hine
356 2496 395 2562 3⁰
418 2497 489 2582 ipss
522 2493 663 2561 formula
702 2495 864 2560 ordinatio
901 2496 996 2559 imita
1030 2493 1170 2582 (ἄκυρος,

55 2591 201 2674 ἀβέβαιος
224 2587 415 2679 χειροτονία)
445 2592 633 2659 nullatenus
656 2614 786 2680 semper
812 2591 991 2656 invalidam
1014 2591 1168 2658 ordinati·

55 2713 142 2758 onem
161 2692 341 2780 significat,
366 2691 540 2778 sedsaepe
563 2691 720 2769 illicitam,
743 2690 829 2756 baud
851 2691 1051 2770 cononicam·
1074 2689 1169 2755 adeo-

54 2811 110 2874 que
132 2812 200 2858 uon
224 2789 421 2875 exprimitur
444 2787 583 2854 nullitas
598 2787 755 2866 absoluta,
780 2787 847 2868 sed,
872 2789 900 2852 si
923 2789 969 2852 ita
993 2787 1103 2852 dicere
1118 2787 1172 2854 ias

55 2897 105 2970 est,
129 2888 264 2954 nullitas
287 2887 454 2952 seeundum
477 2887 569 2974 quid,
594 2885 704 2974 quoad
728 2887 950 2964 executionem,
983 2885 1116 2968 madum
1139 2895 1169 2949 et

53 2987 201 3066 lunarem,
225 3007 291 3051 uon
315 2982 424 3072 quoad
448 2983 682 3078 ebaracterem.
728 2981 780 3047 Ita
814 3005 841 3047 e.
864 3005 896 3068 g.
928 2985 1020 3049 irrita
1047 2982 1173 3048 dieitur

54 3083 221 3165 ordinatio,
246 3085 273 3148 si
297 3085 369 3148 sine
395 3103 557 3148 consensu
572 3082 698 3168 proprii
723 3082 869 3168 episcopi
888 3082 923 3146 in
946 3080 1012 3146 alia
1026 3079 1169 3145 dioecesi

54 3181 93 3246 ad
115 3204 237 3246 munus
261 3180 306 3246 ibi
332 3179 524 3246 obeundum
548 3181 621 3267 quis
645 3176 871 3244 ordinabatur.
918 3177 984 3243 Sed
1006 3176 1087 3242 tales
1108 3177 1169 3242 cle·

53 3281 108 3343 rici
138 3280 303 3346 interdum
336 3300 357 3343 a
382 3281 514 3365 proprio
538 3280 692 3364 episeopo
724 3275 802 3340 dein
825 3275 1098 3362 requirebantur,
1132 3287 1170 3340 ut

54 3378 85 3441 iu
108 3400 168 3442 sua
191 3377 334 3444 dioecesi
358 3377 577 3441 ministerium
602 3383 803 3440 exercerent.
842 3371 987 3438 Proinde
1012 3395 1078 3438 uon
1100 3383 1169 3438 erat

53 3475 147 3560 plane
162 3475 310 3542 invalida
326 3474 499 3556 ordinatio,
517 3475 669 3560 quamvis
687 3483 724 3536 ut
742 3473 845 3556 irrita,
870 3469 992 3556 deniqne,
1018 3468 1169 3552 ἀβέβαια,

53 3575 85 3638 in
109 3576 211 3639 variis
245 3572 427 3639 canonibus
458 3571 660 3657 designatur.
708 3570 837 3638 Similia
870 3569 1031 3654 ejusmodi
1061 3589 1170 3633 exem·

53 3671 106 3757 pla
128 3671 206 3737 addi
229 3681 372 3758 possent.
418 3669 545 3734 Passim
579 3671 681 3735 etiam
713 3667 847 3734 illicitae
880 3666 1104 3733 ordinationes
1133 3675 1173 3730 nt

125 3889 145 3948 ¹)
162 3887 202 3941 De
227 3891 282 3940 vet
307 3891 335 3938 et
357 3899 430 3938 nora
453 3882 524 3954 Eoct
550 3880 661 3952 Discipl.
688 3881 718 3936 P.
742 3881 779 3934 11.
797 3879 829 3936 L.
847 3881 870 3936 Ι.
889 3897 911 3936 c.
930 3880 974 3934 65.
993 3895 1018 3932 a
1038 3880 1062 3934 6.
1082 3907 1116 3918 -
1136 3877 1170 3932 In

54 3967 164 4034 antiqua
190 3962 518 4022 sermoncinatione
545 3962 684 4018 absolutae
711 3961 882 4016 strictissime
905 3958 1057 4029 prohibitae
1082 3963 1169 4012 erant.

55 4045 85 4098 Id
104 4053 150 4112 est,
169 4053 278 4100 tautum
296 4060 344 4112 pro
368 4049 441 4098 certa
461 4048 489 4097 et
508 4042 688 4096 determinato
715 4041 854 4096 functione
878 4041 908 4096 iu
932 4039 1111 4095 determinato
1129 4053 1173 4092 ee·

54 4125 133 4182 etesia
149 4127 209 4195 quis
228 4123 347 4180 ordinari
365 4127 480 4192 poterat.
518 4121 567 4176 Oui
592 4119 758 4192 tinctionem
780 4121 856 4176 illam
879 4133 1002 4176 emicare
1027 4135 1082 4174 non
1106 4117 1170 4174 liee-

56 4207 109 4272 bat
126 4209 147 4264 is
165 4223 218 4262 nou
238 4212 299 4260 erat
316 4204 457 4272 presbyter
475 4203 518 4258 vel
536 4202 686 4270 episcopus,
712 4202 783 4256 haud
808 4201 878 4269 quod
906 4201 1011 4255 deesset
1029 4199 1170 4254 character

56 4287 248 4354 intonasset
267 4285 336 4354 quod
355 4284 459 4340 deesset
478 4281 665 4338 ministerium.
