2904 4834
342 491 491 550 Concilium
509 493 706 552 oecumenicum
725 499 861 548 octavum.
1109 495 1162 550 401

53 636 112 698 reri
139 635 201 700 Dei
230 634 335 698 nostri
372 636 505 720 pulsuque
533 635 736 720 patriarchia
773 634 858 700 orbis
890 647 1047 700 terrarum
1077 649 1163 702 recta

52 735 195 810 sentim,
226 743 257 795 et
278 755 343 796 uon
365 743 411 796 est
434 732 533 796 laesio
547 732 647 816 fidei,
680 743 710 796 et
731 733 803 798 tileo
831 733 986 818 quidquid
1000 734 1162 824 judicant,

54 832 215 894 massario
238 830 358 894 dedetis
380 831 528 915 recepere.
550 877 608 896 ...
637 829 800 917 Quidquid
815 831 1043 920 judicares-cut
1057 833 1163 918 pots-i-

52 929 161 1005 uratus,
184 929 413 1012 wsfimcomus.
462 928 562 992 Neruo
593 929 674 994 enim
691 939 799 1016 potest
822 929 931 992 mlum
959 929 1005 992 eis
1021 939 1163 1015 potestu-

53 1035 103 1088 am
123 1049 143 1088 a
169 1023 296 1091 Christo
319 1025 388 1090 Deo
421 1035 450 1088 ct
473 1023 640 1089 Salvatore
662 1036 769 1090 nostro
792 1024 1005 1111 reprobare.¹)
1050 1026 1162 1090 Etiam

52 1121 193 1188 disertius
217 1124 253 1188 in
276 1121 474 1207 patriarchis
497 1144 663 1188 summum
678 1123 849 1188 Ecclesiae
871 1121 1017 1188 tribunal
1033 1125 1163 1208 reponit

51 1221 167 1286 Baanes
201 1219 457 1286 Commissarins
488 1219 693 1306 Imperielie‚
734 1220 813 1286 dum
847 1220 910 1286 hac
942 1223 1068 1286 ratione
1097 1221 1159 1286 dis·
1264 1223 1265 1228 ’

50 1321 134 1382 serit:
166 1320 280 1384 Posuit
300 1319 388 1384 Deus
412 1316 587 1384 Ecclesiam
610 1341 699 1384 asom
731 1321 766 1382 iu
799 1320 933 1404 quiaque
953 1321 1161 1406 patriarchis,

50 1427 74 1478 et
93 1417 232 1500 <latravit
255 1417 290 1480 ia
303 1413 487 1501 Eneapelc‘is
510 1418 586 1495 cuis,
610 1427 645 1480 ut
662 1439 824 1502 uunquam
843 1416 1017 1502 aliquando
1031 1420 1163 1504 penitus

48 1515 206 1592 dsddcut,
241 1536 276 1578 cc
299 1515 382 1600 quod
405 1516 516 1600 capita
538 1515 698 1580 Ecclesim
722 1515 804 1594 sint,·
838 1515 951 1579 etenim
973 1512 1057 1578 illud
1080 1515 1163 1600 quod

48 1613 174 1677 dieitur:
204 1612 270 1690 „Et
286 1622 404 1698 portos
427 1612 529 1698 inferi
549 1633 615 1676 uon
630 1610 864 1698 praevalebunt
887 1613 1038 1678 adversm
1060 1614 1161 1690 eum“,
1190 1613 1320 1717 Ἢ

46 1711 95 1774 tos
116 1710 294 1788 decanam,
318 1710 445 1796 quondo
469 1709 531 1774 duo
555 1709 749 1788 cecideruut,
773 1721 904 1774 eumne
927 1709 972 1774 ad
996 1711 1069 1792 mia,
1094 1735 1162 1775 mum
1185 1687 1211 1727 μ

48 1811 106 1872 tria
125 1809 313 1888 ωοίἀεηιπι,
337 1817 468 1872 currunt
491 1807 534 1872 ad
555 1807 628 1886 duo,
652 1831 720 1872 cum
739 1829 809 1872 uero
833 1817 967 1892 quatuor
981 1807 1073 1892 forte
1087 1810 1161 1874 ceci-

46 1906 151 1986 deest,
174 1929 281 1985 meon,
305 1904 389 1988 quod
406 1915 573 1991 permanet
594 1906 630 1969 iu
653 1906 789 1968 omnium
812 1905 916 1990 eapite
943 1902 1069 1970 Christo
1092 1904 1161 1969 Deo

46 2017 162 2083 metro,
195 2012 321 2068 revocat
352 2004 465 2066 taran
495 2001 650 2088 reliquum
680 2023 793 2088 corpus
821 2000 1021 2088 Ecclesiae.²)
1067 2003 1161 2068 Haec

46 2125 117 2166 sane
132 2102 197 2166 init
221 2122 286 2164 nou
303 2098 440 2183 Synodi,
465 2099 522 2162 sed
538 2099 661 2164 Baanis
685 2101 798 2185 inepta
815 2101 993 2184 expositi03
1018 2101 1161 2166 ostendit

47 2213 159 2282 tamen,
185 2197 299 2284 quales
323 2199 495 2283 opiniones
521 2219 558 2262 eo
583 2207 731 2281 tempore
755 2199 789 2261 in
805 2196 941 2262 Oriente
960 2198 1032 2282 jam
1048 2200 1160 2283 vigue-

46 2299 114 2363 rint
159 2297 216 2362 Ad
249 2295 305 2360 illa
328 2291 432 2359 rerba
465 2296 581 2358 merito
605 2293 861 2360 Thomassinus:
898 2295 1014 2376 „Quae
1038 2296 1071 2360 in
1095 2296 1160 2362 hac

44 2395 324 2479 argumentatione
348 2402 444 2474 artes,
470 2414 554 2476 quae
577 2391 710 2456 fraudes
734 2391 979 2474 delitescerent,
1004 2403 1160 2458 excutere

46 2492 248 2578 supersedeo.
295 2490 368 2556 Hoc
392 2509 496 2554 unum
521 2510 648 2570 moneo,
673 2487 876 2554 Graecorum
899 2500 985 2556 artes
1008 2492 1160 2556 offucias-

45 2612 104 2674 que
138 2591 173 2654 in
208 2587 431 2674 coaequandis
471 2589 617 2673 quinque
652 2586 849 2672 patriarchis
883 2587 1058 2673 prohibere
1093 2611 1159 2654 non

47 2691 194 2771 potuisse,
218 2688 299 2773 quin
324 2687 549 2771 experimento
574 2695 621 2748 tot
644 2684 848 2748 saeculorum
871 2708 955 2770 quse
970 2685 1158 2751 luculentis·

44 2787 123 2850 sima
145 2786 395 2870 certissimaque
419 2793 468 2847 est
490 2781 736 2868 seripturarum
760 2783 996 2869 interpretatio,
1022 2795 1158 2864 constet,

46 2883 131 2948 illum
162 2905 268 2948 unum
305 2883 361 2968 qui
395 2883 521 2968 primus
553 2891 602 2945 est
639 2881 724 2945 inter
761 2879 984 2965 patriarchas,
1020 2884 1159 2946 caeteris

43 2983 171 3046 affuisse
195 2981 386 3065 saepissime
409 2977 451 3043 ab
477 3000 624 3044 errorum
647 2977 886 3064 haeresumque
910 2977 1065 3043 barathro
1081 2979 1158 3042 edu-

44 3079 170 3162 cendis,
195 3101 258 3144 nec
281 3079 409 3163 eguisse
434 3078 542 3162 ipsum
566 3098 712 3162 unquam
737 3075 891 3140 beneficii
915 3075 1157 3140 vicissitudine.

45 3176 191 3264 Denique
214 3177 368 3263 quamvis
392 3173 534 3240 subinde
557 3177 712 3238 existeret
735 3183 767 3236 et
782 3175 939 3238 emicaret
953 3173 1156 3239 Graecorum

38 3273 211 3358 jactantia,
248 3272 473 3338 indubitatum
505 3283 617 3336 tamen
650 3281 714 3352 est,
749 3279 782 3333 et
814 3270 876 3336 lrae
909 3273 981 3356 ipsa
1010 3269 1156 3356 generali

43 3371 170 3454 Synodo
205 3371 291 3436 VIII
327 3370 507 3455 plurimum
549 3369 749 3434 discriminis
785 3369 1014 3452 interpositum
1055 3369 1156 3433 luisse

44 3469 161 3556 Papam
186 3473 273 3534 inter
295 3478 328 3532 et
350 3467 555 3554 patriarchas
579 3476 741 3544 caeteros,
768 3515 825 3531 ...
856 3476 891 3529 ut
914 3487 956 3530 ne
980 3486 1062 3550 opus
1087 3468 1155 3550 qui-

41 3567 114 3632 dem
141 3571 183 3634 sit
206 3567 271 3633 alio
296 3567 493 3631 documento
524 3565 589 3630 ullo
613 3564 656 3628 ad
680 3565 807 3649 primae
831 3563 926 3629 Sedis
954 3562 1156 3647 singularem

43 3667 299 3748 praecellentiam
334 3661 633 3746 adstruendam.“³)
680 3661 745 3726 Sed
778 3683 880 3747 quum
905 3660 961 3724 illa
994 3660 1034 3724 de
1066 3669 1156 3746 peut-

42 3763 148 3828 arehia
171 3764 333 3829 sententia
357 3772 526 3848 tantopere
550 3759 770 3826 Orientalium
795 3761 922 3824 animos
946 3759 1155 3843 pervasisset,

42 3859 164 3927 facilius
196 3870 309 3948 postea
333 3860 376 3924 ad
400 3859 542 3924 schisma
575 3868 797 3944 pervenerunt
829 3858 919 3921 etin
944 3878 983 3920 eo
1006 3877 1155 3941 perseve-

43 3969 149 4024 rarunt
170 3957 416 4040 contendentes,
441 3956 663 4042 patriarcham
678 3956 865 4020 Romanum
888 3977 908 4018 a
932 3952 1066 4039 reliquis
1091 3947 1155 4017 m'e-

113 4191 131 4258 ι)
147 4190 247 4246 niuem
265 4205 291 4256 p.
312 4190 389 4244 soso.
500 4188 520 4252 ··’)
538 4189 599 4242 see.
619 4185 693 4240 rm.
713 4184 802 4239 naum
820 4184 895 4238 vnr.
916 4185 994 4237 1106.

112 4269 132 4340 ²)
148 4271 186 4326 ne
204 4269 304 4324 seres.
325 4268 428 4337 discipl.
447 4269 478 4322 r.
497 4269 518 4321 r.
539 4268 568 4322 u.
588 4268 610 4321 1.
630 4283 651 4322 ο.
671 4265 749 4322 mur.
771 4281 797 4320 n.
817 4267 841 4320 7.
926 4307 928 4316 r

93 4372 206 4422 rueme.
224 4372 397 4414 nummum.
427 4371 486 4412 rom.
502 4369 538 4411 ru.
1012 4351 1047 4404 ‘26
