2904 4834
291 455 347 508 428
610 454 699 508 XVII.
738 455 777 508 De
795 453 940 508 schismate
958 453 1100 508 Photiano.

294 607 453 683 tanquam
477 597 716 663 Saracenorum
747 599 838 660 missi
866 595 1008 660 traducti
1040 607 1132 678 sunt3
1169 599 1302 670 summis
1328 621 1395 661 raro

293 693 449 760 laudibus
474 697 591 776 evecti,
616 697 672 782 qui
697 695 796 760 modo
819 694 930 758 Photii
955 704 1064 779 partes
1087 694 1254 758 tenebant.

385 795 459 859 121.
483 793 614 856 Actione
649 796 744 856 tea-tio
778 803 807 856 et
841 803 957 877 quarta
990 793 1147 856 recitatae
1180 803 1256 856 sunt
1286 792 1397 858 litterae

292 889 434 954 Joannis
465 891 577 976 Papae
609 890 652 954 ad
685 889 859 954 ecclesiam
888 887 1057 954 CPtanam
1090 901 1122 952 et
1150 892 1318 976 episcopos
1345 893 1398 976 ipsi

293 987 469 1073 subjectos,
495 988 644 1053 aPhotio
668 990 792 1073 pariter
808 999 990 1072 corruptae,
1016 989 1063 1052 uti
1080 999 1113 1050 et
1126 991 1398 1053 commonitorium

292 1085 409 1170 legatis
436 1110 456 1149 a
479 1085 564 1150 Sede
588 1085 780 1171 Apostolica
804 1085 935 1150 ‘datum
985 1083 1138 1170 Capitula
1168 1086 1245 1150 dein
1269 1088 1399 1171 quinque

293 1185 386 1268 quasi
410 1207 430 1248 a
453 1183 569 1268 legatis
593 1186 759 1269 proposita
791 1183 934 1269 perlecta
965 1194 1059 1265 sunt3
1094 1185 1239 1268 primum
1271 1183 1311 1248 de
1341 1205 1399 1268 pro·

291 1281 405 1345 vincia
418 1281 609 1366 Bulgariae3
634 1281 817 1346 secundum
835 1280 875 1345 de
894 1281 979 1344 laico
995 1280 1153 1366 deinceps
1168 1283 1203 1344 in
1219 1284 1396 1367 episcopum

292 1400 359 1443 non
384 1379 575 1457 evehend03
600 1383 732 1443 tertium
759 1379 799 1443 de
823 1377 1022 1443 assumendo
1042 1378 1231 1463 patriarcha
1251 1381 1399 1464 exipsius

291 1476 451 1541 ecclesiae
484 1477 586 1558 clero3
632 1489 784 1562 quartum
825 1477 865 1541 de
898 1475 1099 1561 abrogandis
1132 1477 1269 1560 synodis
1301 1489 1398 1540 contra

292 1573 449 1638 Photium
473 1575 662 1654 celebratis3
695 1577 847 1660 quintum
872 1575 913 1639 de
943 1576 982 1638 iis
1006 1577 1063 1660 qui
1088 1596 1163 1638 curn
1186 1574 1305 1639 Photio
1329 1595 1399 1638 com·

292 1674 462 1736 municare
498 1695 563 1736 non
597 1673 720 1736 vellent
743 1673 1086 1736 excommunicatione
1116 1670 1309 1757 plectendis.
1351 1671 1399 1734 Po·

290 1771 427 1834 steriora
459 1770 524 1834 duo
555 1772 665 1856 capita
693 1769 849 1842 Photium
882 1772 1065 1855 spectantia
1096 1791 1224 1833 summo
1253 1769 1399 1855 applausu

290 1879 424 1952 recepta
449 1879 535 1932 sunt.
575 1869 685 1948 Quum
713 1890 791 1932 vero
815 1867 963 1933 Ioannes
987 1867 1071 1931 VIII
1094 1877 1224 1930 tantum
1248 1867 1399 1952 dispensa·

290 1968 397 2030 tiones
421 1967 580 2052 quasdam
606 1966 715 2052 quoad
739 1965 911 2047 Photium,
944 1965 1035 2028 salva
1065 1968 1260 2029 auctoritate
1284 1977 1316 2028 et
1336 1965 1400 2048 legi·

290 2065 432 2128 timitate
456 2064 583 2148 Synodi
608 2065 840 2128 oecumenicae
864 2075 1003 2127 octavae
1027 2062 1187 2144 dedisset,
1218 2065 1253 2126 in
1285 2064 1400 2146 scriptis

288 2163 418 2244 graecis
441 2163 503 2226 ista
528 2163 573 2226 ita
590 2171 715 2226 mutata
732 2173 818 2242 sunt,
843 2171 880 2225 ut
895 2169 1133 2245 proponeretur
1146 2161 1335 2225 omnimoda
1354 2159 1399 2222 ab·

290 2261 416 2343 rogatio
441 2259 528 2324 illius
546 2258 683 2344 Synodi.
702 2297 745 2306 -
761 2259 814 2324 De
830 2258 975 2322 secundo
1000 2269 1032 2322 et
1047 2261 1143 2322 tertio
1159 2261 1269 2344 capite
1282 2258 1398 2344 aliquae

289 2360 535 2421 controversiae
558 2359 644 2421 inter
667 2356 834 2442 praesules
858 2357 993 2420 habitae
1016 2367 1110 2436 eunt,
1144 2379 1206 2420 nec
1236 2355 1398 2420 voluerunt

290 2455 354 2539 ipsi
378 2458 578 2533 consentire,
614 2465 650 2518 ut
680 2455 756 2519 laici
783 2457 854 2540 jam
878 2475 944 2518 uon
969 2467 1240 2539 promoverentur
1263 2455 1307 2518 ad
1329 2453 1397 2537 epis·

288 2562 455 2637 copatum.
477 2591 519 2600 -
544 2552 662 2632 Quoad
679 2552 869 2638 Bulgariam
895 2573 973 2616 vero
988 2551 1127 2616 Photius
1151 2553 1287 2637 ejusque
1310 2563 1396 2616 secta·

287 2659 390 2731 tores,
416 2673 449 2713 se
472 2650 555 2714 nihil
580 2651 643 2714 hac
667 2653 701 2715 in
726 2674 760 2714 re
785 2651 1004 2714 determinare
1031 2672 1137 2736 posse,
1161 2650 1398 2734 responderunt

288 2747 347 2811 sed
372 2770 444 2812 eam
469 2749 663 2832 Imperatori
687 2748 955 2835 relinquendam,
980 2771 1019 2811 ac
1043 2748 1259 2834 sperandum,
1283 2747 1351 2812 fore
1371 2758 1398 2806 ut

288 2846 361 2929 ejus
393 2845 626 2910 benevolentia
662 2849 773 2910 omnia
804 2847 889 2910 bene
923 2846 1184 2930 disponerentur.
1231 2847 1398 2930 Procopius

286 2953 399 3006 autem
432 2941 661 3008 Caesareensis
690 2957 721 3008 et
744 2943 948 3030 Theophilus
971 2945 1154 3008 Iconiensis
1185 2943 1397 3028 metropolitae

286 3039 522 3123 observarunt,
557 3065 590 3105 se
623 3065 754 3128 sperare
777 3042 846 3106 fore
871 3041 1096 3106 misericordia
1121 3042 1253 3114 divina,
1290 3043 1396 3127 pietate

287 3138 538 3223 Imperatorum,
573 3152 604 3203 et
628 3140 832 3204 orationibus
857 3142 1055 3204 sanctissimi
1080 3139 1217 3204 Domini
1241 3140 1350 3204 Photii
1371 3134 1396 3198 id

286 3236 495 3318 obtineatur,
530 3248 565 3300 ut
587 3238 732 3301 Basilius
763 3260 865 3323 usque
897 3237 939 3301 ad
971 3238 1053 3302 fines
1077 3239 1231 3324 antiquos
1253 3235 1397 3301 extendat

287 3335 469 3421 Imperium
493 3345 627 3421 totoque
652 3338 797 3422 potiatur
820 3334 899 3400 orbe
923 3344 1095 3400 terrarum.
1124 3335 1275 3399 Eventus
1297 3333 1395 3399 felices

288 3434 359 3518 ipso
384 3433 567 3517 Imperante
591 3433 625 3497 id
644 3435 715 3518 jam
733 3435 929 3519 praesagire.
962 3433 1057 3497 Tunc
1079 3454 1156 3497 vero
1171 3433 1394 3518 Imperatorem

287 3552 345 3615 pro
370 3529 577 3616 benepllacito
606 3554 663 3595 suo
696 3533 890 3596 dioeceseon
921 3531 1220 3596 ecclesiasticarum
1251 3532 1394 3594 terminos
1445 3543 1446 3554 ¹

285 3629 596 3709 determina-turum,
629 3643 660 3692 et
684 3632 838 3715 episcopo
863 3629 1027 3710 Romano,
1059 3651 1118 3714 pro
1142 3651 1181 3692 ea
1204 3651 1271 3714 qua
1294 3629 1394 3692 floreat

286 3727 322 3790 iu
346 3727 455 3810 ipsum
479 3728 601 3811 pietate
625 3751 664 3789 ac
688 3729 887 3806 reverentia,
913 3728 1013 3790 etiam
1037 3726 1122 3790 ultra
1145 3726 1309 3811 postulata
1331 3745 1393 3788 cou-

284 3845 456 3886 cessurum
481 3845 561 3890 esse.

378 3921 450 3987 122.
475 3921 516 3986 In
539 3921 671 3985 Actione
696 3924 806 4008 quinta
832 3923 884 3986 die
910 3922 966 3986 26ο
982 3921 1135 3986 Ianuarii
1159 3923 1239 3984 anni
1265 3923 1327 3987 880
1347 3919 1391 3982 ha·

285 4016 373 4100 bita,
407 4029 538 4104 petente¹
568 4018 702 4108 Photio,
738 4019 923 4084 Concilium
948 4021 1198 4083 oecumenicum
1230 4021 1390 4105 septimum

283 4115 362 4196 (sub
387 4115 523 4181 Tarasio
548 4127 665 4203 patruo
688 4117 798 4182 Photii
822 4116 988 4202 habitum)
1018 4117 1249 4182 confirmatum
1278 4129 1337 4198 est,
1364 4131 1390 4175 ct

283 4222 464 4292 statutum,
498 4225 534 4278 ut
563 4214 606 4278 ab
631 4214 785 4279 omnibus
808 4215 984 4279 haberetur
1006 4226 1043 4279 ut
1066 4217 1330 4292 oecumenicum,
1356 4232 1387 4273 00
