2952 4832
326 491 378 542 ‘288
577 493 650 546 XXI.
670 494 710 547 De
728 494 753 550 S.
773 495 906 563 Gregorio
925 495 980 549 VII
998 495 1075 551 Rom.
1095 496 1235 552 Pontiiice.

326 655 390 720 que
415 644 521 698 eastra
546 637 731 720 dirimente,
756 639 1010 725 frequentesque
1035 639 1078 703 ad
1095 663 1150 704 eos
1175 643 1209 704 in
1231 641 1301 705 dies
1323 641 1423 725 legatos

326 731 488 812 mittebat,
513 735 708 818 promittens
733 739 881 800 omnium
906 759 991 822 quae
1015 759 1070 800 eos
1087 738 1295 802 offenderant
1318 741 1350 803 in
1370 739 1421 802 reli·

326 853 427 916 quum
452 832 729 899 emendationem.
778 835 950 920 Principes
974 857 1011 899 eo
1036 835 1300 921 propendebant,
1334 851 1366 900 ut
1386 838 1423 900 de·

324 931 429 1013 posito
454 929 599 994 Henrico
624 952 748 995 novum
774 955 882 1016 regem
909 931 1084 1017 eligerent3
1114 943 1261 998 attamen
1277 933 1425 998 Pontificis

323 1027 440 1090 litteris
477 1038 508 1091 et
542 1027 723 1132 legatorum
760 1032 864 1115 ipsius
894 1031 968 1094 nisu
994 1052 1032 1094 eo
1056 1031 1191 1095 adducti
1222 1043 1309 1113 sunt,
1345 1045 1376 1094 ut
1394 1031 1424 1094 ab

325 1126 387 1189 hoc
421 1125 558 1189 consilio
583 1127 788 1193 desisterent.
836 1129 1081 1212 Convenerunt,
1114 1139 1151 1192 ut
1174 1129 1356 1214 Gregorius
1376 1129 1424 1192 Vll

324 1227 394 1309 ipsc
424 1227 459 1288 in
484 1225 626 1289 comitiis
649 1225 820 1308 Augustae
844 1225 1094 1290 Vindelicorum
1126 1227 1179 1291 die
1211 1229 1250 1292 2⁰
1273 1228 1424 1292 Febmarii

324 1325 491 1408 sequentis
526 1325 604 1387 anni
642 1323 757 1410 (1077)
796 1323 1012 1406 celebrandis,
1053 1347 1120 1389 rem
1156 1325 1272 1389 audita
1308 1342 1424 1411 utraque

323 1431 416 1506 parte
448 1421 625 1484 dirimeret.
673 1421 868 1486 Statuerunt
903 1444 1018 1508 porro,
1058 1425 1121 1486 nisi
1153 1423 1322 1488 Heni-icus
1358 1427 1426 1488 intra

323 1541 447 1584 annum
471 1541 491 1583 a
516 1519 569 1582 die
594 1523 948 1585 excommunicationis
980 1521 1052 1606 ejus
1075 1531 1266 1606 computato
1302 1522 1342 1586 ab
1365 1545 1424 1585 ans-

322 1617 467 1681 themate
498 1616 623 1680 solutus
653 1627 746 1700 esset,
782 1641 857 1682 eum
882 1640 983 1702 regno
1008 1641 1078 1682 esse
1102 1619 1274 1700 orbatum3
1314 1622 1425 1684 interim

324 1717 352 1778 ei
378 1739 396 1778 a
421 1713 519 1776 rebus
543 1713 686 1798 publicis
717 1715 933 1802 disponendis
957 1738 1027 1781 esse
1051 1715 1298 1796 abstinendum,
1331 1721 1425 1782 variis·

322 1835 386 1899 que
426 1810 566 1897 expletis
605 1812 850 1878 conditionibus
889 1816 991 1878 vitam
1029 1816 1194 1899 privatam
1231 1817 1345 1901 Spirae
1381 1816 1425 1878 du-
1467 1805 1468 1810 ¹

322 1911 473 1976 cendam.

412 2053 463 2116 81.
512 2051 679 2115 Henricus
715 2055 907 2137 perterritus
943 2055 1113 2139 acquievit
1160 2053 1353 2140 postulatis,
1395 2077 1425 2116 ar

321 2153 452 2236 scriptis
483 2151 634 2234 promisit
664 2150 922 2215 satisfactionem
955 2162 988 2215 et
1011 2150 1234 2215 obedientiam
1265 2155 1298 2216 in
1322 2152 1424 2218 Sedem

321 2248 557 2335 Apostolieam.
607 2247 718 2328 Quum
744 2269 822 2312 vero
847 2251 954 2327 sciret,
980 2248 1098 2312 multos
1122 2252 1290 2335 principes
1314 2273 1348 2314 eo
1371 2259 1426 2312 ten·

321 2348 398 2410 dere
430 2357 466 2408 ut
496 2367 596 2430 regno
628 2348 824 2431 privaretur,
865 2349 989 2412 veritus
1013 2357 1071 2429 est,
1107 2369 1149 2410 ne
1173 2347 1427 2412 accusationibus

321 2447 388 2509 suis
419 2443 619 2530 impedirent
650 2446 684 2508 in
719 2445 863 2508 comitiis
886 2445 1091 2527 Pontificem,
1126 2449 1305 2532 quominus
1331 2448 1425 2531 ipsum

320 2542 362 2606 ab
394 2543 739 2606 excommunicatione
781 2542 931 2607 solveret.
979 2543 1089 2629 Atque
1131 2544 1313 2607 universim
1348 2565 1427 2628 prae·

319 2641 462 2720 ferebat,
488 2650 600 2703 utres
625 2642 658 2703 in
683 2639 780 2704 ltalia
805 2661 880 2704 curn
905 2640 1065 2705 Pontifice
1090 2653 1315 2728 componeret,
1337 2663 1427 2726 quam

319 2749 356 2802 ut
373 2739 554 2820 Gregorius
572 2737 614 2800 ad
632 2739 767 2801 comitia
784 2739 818 2802 in
835 2738 1053 2803 Germaniam
1077 2741 1217 2805 veniret.
1246 2739 1324 2824 Egit
1338 2741 1428 2824 igitur

319 2859 395 2900 cum
421 2837 583 2918 Gregorio
607 2835 674 2900 Vll
697 2858 756 2922 per
779 2835 905 2900 litteras
930 2847 962 2900 et
986 2839 1134 2918 nuncios,
1164 2847 1201 2902 nt
1225 2839 1349 2923 ipsein
1375 2835 1426 2900 lta

317 2935 396 3002 liam
431 2935 568 2997 veniens
602 2955 677 2996 cum
708 2933 862 2998 Ecclesia
893 2935 1179 3006 reconciliaretur:
1216 2947 1252 3000 at
1275 2935 1426 2999 Pontifex.

313 3033 413 3119 juxta
443 3055 481 3095 ea
512 3053 596 3116 quae
622 3031 796 3095 Triburiae
830 3043 950 3096 statuta
981 3043 1088 3111 erant,
1121 3055 1155 3096 se
1179 3033 1362 3116 Augustam
1391 3030 1427 3094 ad

319 3133 452 3196 comitia
478 3139 652 3194 venturum
679 3153 748 3193 esse
773 3131 891 3193 iterum
907 3142 1006 3216 atque
1022 3133 1139 3194 iterum
1165 3131 1283 3212 edixit,
1304 3132 1427 3218 jamque
1468 3209 1469 3220 ,

318 3231 360 3294 ad
387 3233 448 3293 iter
472 3227 699 3313 arripiendum
724 3250 793 3290 sese
818 3230 975 3292 accinxit.
1468 3233 1469 3254 ¹

157 3389 304 3432 nascitur
408 3383 460 3445 82.
510 3381 625 3462 ,Tune
660 3401 729 3459 rex,
766 3378 881 3442 scribit
909 3377 1115 3460 Lambertus,
1152 3381 1314 3465 optimum
1345 3377 1427 3438 iactu

168 3459 291 3501 ΜΒΝ·
318 3479 380 3544 sibi
416 3479 584 3564 judicavit
619 3499 677 3562 pro
714 3500 751 3538 eo
790 3489 860 3538 tum
896 3489 983 3539 statu
1018 3497 1127 3540 rerum
1152 3499 1298 3558 suarum,
1331 3490 1366 3536 ut
1399 3476 1427 3535 ln

319 3576 447 3641 Gallias
470 3575 692 3662 proficiscenti
710 3573 859 3636 Romano
879 3572 1034 3636 Pontifici
1058 3573 1145 3636 intra
1169 3572 1300 3636 ltaliam
1323 3591 1427 3634 occur·

318 3685 403 3738 reret
434 3685 465 3737 et
495 3673 717 3737 anathematis
759 3669 998 3734 absolutionem
1037 3691 1167 3756 quoquo
1199 3681 1308 3756 posset
1337 3665 1427 3730 modo

318 3775 495 3858 impetrare
519 3781 707 3852 conaretur3
741 3767 804 3832 hac
834 3771 1009 3853 impetrata
1033 3779 1195 3832 caeteram
1232 3765 1326 3831 rebus
1350 3765 1428 3828 ditii-

318 3869 475 3934 cultatem
505 3868 602 3934 iacile
627 3866 850 3950 adimendam,
883 3889 958 3929 cum
991 3865 1129 3952 colloqui
1155 3863 1369 3950 principibus,
1401 3877 1428 3922 et

318 3968 466 4034 conferre
491 3968 638 4045 consilia,
663 3975 695 4029 et
709 3963 809 4027 fidem
834 3967 1015 4028 amicorum
1041 3967 1074 4028 in
1091 3964 1234 4028 adversa
1250 3959 1428 4046 implorare.

318 4066 408 4132 nulla
433 4066 589 4152 deinceps
614 4072 742 4128 vetaret
764 4063 889 4146 religio.
922 4062 1042 4126 Paucis
1066 4064 1166 4148 igitur
1188 4069 1265 4124 ante
1283 4057 1426 4124 Natalem

317 4165 455 4229 Domini
489 4162 625 4246 diebus,
658 4162 805 4248 bpireusi
838 4159 919 4224 urbe
952 4160 1142 4242 discedens,
1177 4179 1254 4223 cum
1277 4177 1378 4218 uxore
1400 4169 1428 4215 et

318 4262 385 4326 filio
409 4261 549 4348 parvulo
575 4265 637 4327 iter
660 4280 834 4348 aggressus
859 4268 917 4342 est,
942 4280 1003 4323 nec
1027 4259 1201 4345 quisquam
1225 4251 1427 4318 exomnibus
