2932 4836
168 663 254 705 Bonam

177 726 248 766 ntem.

300 458 353 512 344
618 457 707 514 XVII.
744 458 785 514 De
802 457 947 516 schismate
964 459 1107 516 Photiano.

389 602 443 665 32.
468 601 581 680 Quum
605 622 683 666 vero
705 623 773 668 non
790 603 931 686 exiguus
950 614 1035 668 esset
1055 626 1212 672 numerus
1233 627 1347 670 eorum
1362 609 1409 692 qui

299 697 455 764 Photium
487 697 579 764 haud
607 708 644 764 ut
665 698 852 783 legitimum
883 699 1108 786 patriarcham
1131 701 1320 786 habebant,
1351 713 1410 766 tum

299 797 370 881 ipse
400 806 470 860 tum
493 796 620 860 Bardas
650 807 891 882 perspexerunt
923 800 1044 863 summi
1075 801 1234 864 momenti
1264 822 1351 881 esse,
1381 811 1410 864 ut

299 893 394 958 Sedis
410 892 622 980 Apostolicae
645 895 840 960 auctoritate
855 893 909 960 ille
935 895 1131 963 firmaretur.
1169 895 1308 962 Photius
1324 899 1410 983 igitir

298 991 438 1056 Romam
481 991 661 1056 destinavit
699 991 824 1077 legatos
869 1013 945 1056 cum
983 992 1120 1077 litteris,
1160 994 1282 1081 quibus
1326 995 1411 1060 simid

299 1111 376 1154 cum
406 1090 610 1176 professione
643 1089 847 1154 orthodoxae
880 1090 959 1156 fidei
983 1091 1163 1174 referebat,
1197 1115 1263 1180 qua
1296 1094 1411 1157 ratione

299 1190 369 1274 ipse
393 1187 436 1252 ad
459 1187 572 1252 sedem
589 1185 762 1254 OPtanam
786 1197 922 1254 evectus
943 1199 1036 1254 esset.
1075 1189 1232 1255 Asserere
1248 1213 1349 1256 ausus
1363 1201 1411 1262 est,
1452 1183 1453 1260 ι

297 1285 467 1370 ignatium
497 1296 631 1371 propter
654 1288 784 1352 senium
817 1297 850 1351 et
872 1286 1098 1352 infirmitatem
1122 1287 1281 1353 ecclesiae
1305 1311 1412 1354 renun-

297 1385 397 1447 tiasse
411 1383 664 1468 praefecturam,
689 1395 721 1449 et
735 1383 778 1450 ab
795 1383 851 1449 illa
865 1387 1049 1465 recessisse,
1073 1394 1173 1472 atque
1190 1388 1225 1450 in
1242 1387 1411 1473 quamdam
1452 1395 1453 1476 ᾗ

299 1480 440 1546 insulam
464 1481 665 1567 proiectum,
691 1484 725 1547 in
749 1483 947 1547 monasterio
972 1503 1122 1566 manere,
1153 1506 1230 1548 cum
1253 1487 1344 1549 omni
1367 1485 1412 1549 ho·
1452 1484 1453 1570 l

298 1601 377 1643 nore
402 1589 434 1643 et
457 1577 549 1644 cultu
573 1590 606 1644 et
629 1579 786 1666 obsequio
811 1589 882 1645 tum
906 1578 948 1645 ab
963 1579 1167 1666 Imperatore
1191 1593 1261 1646 tum
1286 1583 1329 1648 ab
1353 1585 1412 1647 uni·
1452 1571 1453 1622 i

298 1699 395 1742 versa
425 1679 561 1742 civitate
589 1677 751 1744 habitum.
798 1676 944 1742 Severo
974 1679 1118 1743 invitum
1150 1688 1183 1743 et
1205 1679 1411 1746 reluctantem

299 1777 467 1839 communi
491 1774 774 1862 metropolitarum
800 1785 832 1840 et
849 1777 998 1842 universi
1022 1775 1100 1842 cleri
1120 1778 1277 1864 suffragio
1299 1781 1334 1842 iu
1353 1780 1413 1864 ejus
1452 1759 1453 1836 l

298 1893 521 1937 successorem
545 1895 615 1937 esse
640 1873 798 1957 electum,
823 1884 856 1938 et
878 1875 948 1939 vim
972 1873 1036 1938 sibi
1060 1874 1102 1938 ab
1126 1874 1329 1961 Imperatore
1353 1876 1411 1940 illa·

298 1979 376 2052 tam,
400 1981 437 2034 nt
451 1971 682 2057 patriarchalis
695 1971 806 2037 throni
821 1973 990 2056 fastigium
1006 1972 1208 2040 ascenderet.
1222 2012 1265 2020 -
1279 1973 1411 2038 Michssl

297 2067 482 2154 Imperator
503 2071 628 2155 pariter
650 2070 694 2134 ad
716 2069 891 2135 Nicolaum
906 2070 1102 2135 Pontificem
1127 2073 1216 2136 misit
1239 2070 1411 2158 epistolam,

298 2169 333 2230 in
357 2189 422 2253 qua
437 2167 561 2252 Ignatii
585 2167 832 2233 abdicationem
856 2177 889 2232 et
904 2167 1014 2232 Photii
1039 2171 1281 2234 successionem
1306 2169 1411 2234 eadem

298 2269 425 2330 ratione
450 2265 648 2350 exponebat.
696 2265 801 2332 Simul
825 2275 937 2332 tamen
961 2268 1071 2331 varias
1094 2267 1221 2334 ferebat
1244 2269 1413 2333 accusatio·
1452 2311 1453 2354 ,

299 2386 357 2428 nes
391 2365 425 2428 in
448 2363 631 2448 ignatium,
665 2363 892 2450 addebatque,
925 2364 1040 2429 turbas
1064 2365 1225 2450 quasdam
1249 2367 1412 2430 occasione

299 2463 530 2546 resignationis
554 2461 625 2548 ejus
648 2483 719 2527 esse
743 2472 884 2526 exortas.
930 2462 1019 2527 Dein
1043 2484 1122 2528 vero
1145 2463 1356 2548 Pontificem,
1383 2473 1412 2526 ut

298 2559 423 2644 legatos
440 2557 761 2647 Constantinopolim
781 2563 934 2640 mitteret,
957 2559 1106 2645 rogabat,
1129 2583 1167 2625 eo
1183 2571 1364 2647 praetextu,
1384 2569 1412 2623 ut

299 2655 516 2742 pullulantem
534 2681 646 2723 rursus
665 2658 946 2734 Iconoclastsrum
965 2658 1129 2723 haeresim
1149 2681 1209 2723 sua
1228 2661 1413 2724 auctoritate

299 2756 431 2841 penitus
461 2755 635 2837 evelleret,
667 2766 699 2820 et
723 2755 899 2841 collapsam
924 2755 1182 2821 ecclesiasticam
1212 2756 1412 2843 disciplinam
1452 2783 1453 2818 ι

299 2863 506 2920 restauraret.
544 2853 585 2920 In
604 2854 731 2938 synodo
756 2854 797 2918 ob
821 2853 904 2918 haec
923 2855 1055 2939 negotia
1073 2853 1229 2920 habendo
1249 2853 1346 2920 simul
1366 2876 1412 2918 ex·
1452 2891 1453 2924 ι

300 2959 387 3015 ortas
402 2950 516 3016 turbas
531 2951 627 3016 facile
647 2973 741 3038 posse
757 2951 875 3017 sedari.
911 2952 1049 3016 Photius
1066 2952 1238 3036 delegatis
1254 2951 1412 3018 mittendis

301 3059 333 3113 et
360 3048 401 3112 de
423 3048 550 3133 synodo
569 3047 724 3114 habenda
748 3048 831 3114 nihil
851 3051 1034 3135 scripserat,
1059 3061 1096 3115 ut
1120 3051 1204 3115 haec
1224 3053 1338 3137 petitio
1358 3051 1412 3112 lm·
1452 3119 1453 3122 Ἴ

300 3149 459 3232 peratoris
476 3169 547 3212 esse
561 3147 741 3213 videretur.
777 3147 921 3233 Legatos
937 3158 1049 3212 autem
1063 3147 1235 3213 Pontificis
1252 3161 1412 3236 propterca

302 3241 621 3331 Constantinopolim
642 3267 810 3312 accersere
835 3247 1082 3328 constituerant,
1107 3257 1144 3310 ut
1164 3247 1245 3312 dum
1264 3249 1328 3333 ipsi
1345 3266 1410 3310 cum
1452 3291 1453 3328 ,

300 3340 417 3407 Photis
438 3345 722 3410 communicarent
740 3355 773 3408 et
788 3347 920 3428 negotis
940 3342 1163 3410 ecclesiastica
1178 3353 1411 3430 componerent.
1452 3341 1453 3344 ’

300 3439 455 3505 omnibns
485 3441 538 3506 ille
566 3448 741 3527 appareret
769 3451 805 3505 ut
827 3441 1017 3527 patriarcha
1044 3441 1211 3526 legitimus
1240 3455 1273 3507 et
1295 3465 1315 3506 a
1337 3439 1410 3507 Sede
1452 3485 1453 3496 ι

301 3539 492 3623 Apostolica
509 3541 652 3623 agnitus.
676 3539 803 3604 Eodem
819 3549 967 3624 tempore
982 3552 1091 3603 autem
1109 3537 1411 3627 pseudopatriarcha
1452 3587 1453 3606 ι

300 3636 344 3700 ad
356 3637 501 3724 reliquas
511 3638 657 3704 Orientis
668 3636 907 3722 partiarchalss
920 3636 1075 3702 ecclesias
1086 3636 1211 3703 litteras
1222 3636 1411 3704 inthronisti-
1452 3639 1453 3706 j

301 3757 356 3798 cas
367 3735 468 3817 dedit,
481 3733 602 3822 quibus
612 3733 711 3799 simili
724 3733 821 3800 modo
831 3734 940 3816 refert,
953 3757 986 3799 se
997 3733 1095 3820 plane
1105 3737 1248 3800 invitum
1259 3733 1409 3818 inlgnstii

300 3854 521 3897 successorem
538 3855 609 3897 esse
624 3833 809 3897 suffectum.
848 3831 947 3896 Plura
962 3834 996 3896 in
1014 3830 1131 3898 iisdem
1147 3833 1248 3898 habet
1263 3833 1303 3898 de
1317 3829 1409 3896 turbis

300 3939 333 3993 et
348 3930 491 3994 motibus
505 3932 539 3994 in
555 3930 694 3995 ecclesia
707 3929 841 3995 GPtsna
856 3931 987 4010 exortis,
1005 3929 1088 3994 haec
1100 3953 1179 3997 vero
1192 3954 1251 3995 sua
1265 3931 1408 3996 electione
1452 3927 1453 4000 j

301 4030 433 4092 nuntiat
455 4049 525 4092 esse
549 4028 662 4093 sedata
686 4049 865 4113 omnesque
889 4027 932 4091 ad
956 4029 1166 4094 concordiam
1191 4028 1333 4094 rediisse.
1452 4055 1453 4082 ι

390 4127 444 4190 33.
477 4126 616 4210 Legatio
640 4125 779 4191 Romam
809 4127 910 4191 missa
934 4125 1031 4190 valde
1056 4125 1230 4211 splendida
1254 4135 1332 4204 erat3
1362 4119 1407 4184 de·

299 4223 400 4308 legati
425 4223 582 4288 videlicet
612 4233 688 4288 sunt
711 4222 858 4288 Arsaber
882 4223 1069 4308 spatharius
1093 4223 1255 4310 imperiali
1278 4218 1406 4288 familiae
