<?xml version="1.0" encoding="UTF-8"?>
<!DOCTYPE html PUBLIC "-//W3C//DTD XHTML 1.0 Transitional//EN"
    "http://www.w3.org/TR/xhtml1/DTD/xhtml1-transitional.dtd">
<html xmlns="http://www.w3.org/1999/xhtml" xml:lang="en" lang="en">
 <head>
  <title>
</title>
<meta http-equiv="Content-Type" content="text/html;charset=utf-8" />
  <meta name='ocr-system' content='tesseract 3.04.00' />
  <meta name='ocr-capabilities' content='ocr_page ocr_carea ocr_par ocr_line ocrx_word'/>
</head>
<body>
  <div class='ocr_page' id='page_1' title='image "./dissertationess01junggoog_0318.png"; bbox 0 0 2932 4836; ppageno 0'>
   <div class='ocr_carea' id='block_1_1' title="bbox 328 496 1166 558">
    <p class='ocr_par' dir='ltr' id='par_1_1' title="bbox 328 496 1166 558">
     <span class='ocr_line' id='line_1_1' title="bbox 328 496 1166 558; baseline -0.008 -1"><span class='ocrx_word' id='word_1_1' title='bbox 328 503 369 558; x_wconf 89' lang='lat' dir='ltr'>De</span> <span class='ocrx_word' id='word_1_2' title='bbox 387 501 573 557; x_wconf 77' lang='lat' dir='ltr'>Decretalibus</span> <span class='ocrx_word' id='word_1_3' title='bbox 592 499 875 556; x_wconf 85' lang='lat' dir='ltr'>Pseudo-Isidorianis.</span> <span class='ocrx_word' id='word_1_4' title='bbox 1113 496 1166 550; x_wconf 82' lang='lat'>309</span> 
     </span>
    </p>
   </div>
   <div class='ocr_carea' id='block_1_2' title="bbox 41 640 1168 4347">
    <p class='ocr_par' dir='ltr' id='par_1_2' title="bbox 41 640 1168 4347">
     <span class='ocr_line' id='line_1_2' title="bbox 70 640 1168 728; baseline -0.008 -18"><span class='ocrx_word' id='word_1_5' title='bbox 70 647 166 710; x_wconf 80' lang='lat' dir='ltr'>eadem</span> <span class='ocrx_word' id='word_1_6' title='bbox 188 646 317 728; x_wconf 84' lang='lat' dir='ltr'>censui,</span> <span class='ocrx_word' id='word_1_7' title='bbox 352 645 418 708; x_wconf 91' lang='lat' dir='ltr'>imo</span> <span class='ocrx_word' id='word_1_8' title='bbox 443 653 475 707; x_wconf 90' lang='lat' dir='ltr'>et</span> <span class='ocrx_word' id='word_1_9' title='bbox 499 665 633 725; x_wconf 83' lang='lat' dir='ltr'>censeo,</span> <span class='ocrx_word' id='word_1_10' title='bbox 669 665 730 708; x_wconf 85' lang='lat' dir='ltr'>uec</span> <span class='ocrx_word' id='word_1_11' title='bbox 752 641 854 706; x_wconf 87' lang='lat' dir='ltr'>ullam</span> <span class='ocrx_word' id='word_1_12' title='bbox 877 661 972 726; x_wconf 90' lang='lat' dir='ltr'>posse</span> <span class='ocrx_word' id='word_1_13' title='bbox 996 640 1168 725; x_wconf 88' lang='lat' dir='ltr'>episcopos</span> 
     </span>
     <span class='ocr_line' id='line_1_3' title="bbox 70 737 1168 828; baseline -0.005 -24"><span class='ocrx_word' id='word_1_14' title='bbox 70 745 109 805; x_wconf 90' lang='lat' dir='ltr'>sui</span> <span class='ocrx_word' id='word_1_15' title='bbox 132 743 254 806; x_wconf 80' lang='lat' dir='ltr'>honoris</span> <span class='ocrx_word' id='word_1_16' title='bbox 278 744 440 806; x_wconf 87' lang='lat' dir='ltr'>sustinere</span> <span class='ocrx_word' id='word_1_17' title='bbox 459 743 643 826; x_wconf 88' lang='lat' dir='ltr'>jacturam,</span> <span class='ocrx_word' id='word_1_18' title='bbox 678 763 759 828; x_wconf 93' lang='lat' dir='ltr'>quos</span> <span class='ocrx_word' id='word_1_19' title='bbox 783 761 849 804; x_wconf 90' lang='lat' dir='ltr'>non</span> <span class='ocrx_word' id='word_1_20' title='bbox 873 747 1001 803; x_wconf 87' lang='lat' dir='ltr'>constat</span> <span class='ocrx_word' id='word_1_21' title='bbox 1023 737 1125 801; x_wconf 86' lang='lat' dir='ltr'>fuisse</span> <span class='ocrx_word' id='word_1_22' title='bbox 1148 759 1168 800; x_wconf 91' lang='lat' dir='ltr'>a</span> 
     </span>
     <span class='ocr_line' id='line_1_4' title="bbox 69 835 1167 926; baseline -0.005 -23"><span class='ocrx_word' id='word_1_23' title='bbox 69 841 221 904; x_wconf 81' lang='lat' dir='ltr'>duodecim</span> <span class='ocrx_word' id='word_1_24' title='bbox 245 841 428 926; x_wconf 89' lang='lat' dir='ltr'>episcopis,</span> <span class='ocrx_word' id='word_1_25' title='bbox 453 850 624 925; x_wconf 80' lang='lat' dir='ltr'>praesente</span> <span class='ocrx_word' id='word_1_26' title='bbox 649 842 857 925; x_wconf 84' lang='lat' dir='ltr'>primamque</span> <span class='ocrx_word' id='word_1_27' title='bbox 881 835 1078 900; x_wconf 88' lang='lat' dir='ltr'>senteutiam</span> <span class='ocrx_word' id='word_1_28' title='bbox 1102 857 1167 898; x_wconf 91' lang='lat' dir='ltr'>me-</span> 
     </span>
     <span class='ocr_line' id='line_1_5' title="bbox 67 931 1166 1024; baseline -0.005 -24"><span class='ocrx_word' id='word_1_29' title='bbox 67 937 240 1023; x_wconf 83' lang='lat' dir='ltr'>tropolitano</span> <span class='ocrx_word' id='word_1_30' title='bbox 273 941 427 1024; x_wconf 88' lang='lat' dir='ltr'>episcopo</span> <span class='ocrx_word' id='word_1_31' title='bbox 452 937 639 1018; x_wconf 89' lang='lat' dir='ltr'>obtinente,</span> <span class='ocrx_word' id='word_1_32' title='bbox 674 959 749 1001; x_wconf 90' lang='lat' dir='ltr'>cum</span> <span class='ocrx_word' id='word_1_33' title='bbox 783 936 1053 1000; x_wconf 81' lang='lat' dir='ltr'>examinarentur</span> <span class='ocrx_word' id='word_1_34' title='bbox 1075 931 1166 996; x_wconf 86' lang='lat' dir='ltr'>audi-</span> 
     </span>
     <span class='ocr_line' id='line_1_6' title="bbox 66 1031 1165 1120; baseline -0.005 -22"><span class='ocrx_word' id='word_1_35' title='bbox 66 1049 136 1100; x_wconf 88' lang='lat' dir='ltr'>tos..</span> <span class='ocrx_word' id='word_1_36' title='bbox 153 1085 181 1100; x_wconf 89' lang='lat'>..</span> <span class='ocrx_word' id='word_1_37' title='bbox 213 1035 247 1101; x_wconf 87' lang='lat' dir='ltr'>si</span> <span class='ocrx_word' id='word_1_38' title='bbox 272 1037 323 1099; x_wconf 88' lang='lat' dir='ltr'>vis</span> <span class='ocrx_word' id='word_1_39' title='bbox 347 1035 412 1100; x_wconf 93' lang='lat' dir='ltr'>Dei</span> <span class='ocrx_word' id='word_1_40' title='bbox 437 1036 672 1120; x_wconf 68' lang='lat' dir='ltr'>omnipotentis</span> <span class='ocrx_word' id='word_1_41' title='bbox 696 1034 962 1099; x_wconf 79' lang='lat' dir='ltr'>benedictionem</span> <span class='ocrx_word' id='word_1_42' title='bbox 986 1031 1165 1117; x_wconf 83' lang='lat' dir='ltr'>percipere,</span> 
     </span>
     <span class='ocr_line' id='line_1_7' title="bbox 66 1129 1166 1220; baseline -0.001 -28"><span class='ocrx_word' id='word_1_43' title='bbox 66 1133 108 1196; x_wconf 82' lang='lat' dir='ltr'>rel</span> <span class='ocrx_word' id='word_1_44' title='bbox 128 1135 152 1196; x_wconf 88' lang='lat' dir='ltr'>si</span> <span class='ocrx_word' id='word_1_45' title='bbox 175 1135 335 1197; x_wconf 84' lang='lat' dir='ltr'>veraciter</span> <span class='ocrx_word' id='word_1_46' title='bbox 358 1142 469 1196; x_wconf 88' lang='lat' dir='ltr'>nostra</span> <span class='ocrx_word' id='word_1_47' title='bbox 494 1134 650 1220; x_wconf 86' lang='lat' dir='ltr'>consequi</span> <span class='ocrx_word' id='word_1_48' title='bbox 674 1143 852 1218; x_wconf 89' lang='lat' dir='ltr'>praecepta</span> <span class='ocrx_word' id='word_1_49' title='bbox 876 1129 1060 1205; x_wconf 87' lang='lat' dir='ltr'>desideras,</span> <span class='ocrx_word' id='word_1_50' title='bbox 1092 1150 1166 1192; x_wconf 91' lang='lat' dir='ltr'>con·</span> 
     </span>
     <span class='ocr_line' id='line_1_8' title="bbox 64 1227 1166 1316; baseline -0.005 -23"><span class='ocrx_word' id='word_1_51' title='bbox 64 1231 156 1294; x_wconf 81' lang='lat' dir='ltr'>silium</span> <span class='ocrx_word' id='word_1_52' title='bbox 180 1253 288 1296; x_wconf 90' lang='lat' dir='ltr'>meum</span> <span class='ocrx_word' id='word_1_53' title='bbox 314 1232 446 1315; x_wconf 81' lang='lat' dir='ltr'>accipe,</span> <span class='ocrx_word' id='word_1_54' title='bbox 481 1245 512 1294; x_wconf 89' lang='lat' dir='ltr'>et</span> <span class='ocrx_word' id='word_1_55' title='bbox 536 1231 624 1316; x_wconf 85' lang='lat' dir='ltr'>quod</span> <span class='ocrx_word' id='word_1_56' title='bbox 648 1229 708 1294; x_wconf 92' lang='lat' dir='ltr'>tibi</span> <span class='ocrx_word' id='word_1_57' title='bbox 743 1227 911 1315; x_wconf 88' lang='lat' dir='ltr'>perhanc</span> <span class='ocrx_word' id='word_1_58' title='bbox 939 1229 1095 1312; x_wconf 86' lang='lat' dir='ltr'>pagiuam</span> <span class='ocrx_word' id='word_1_59' title='bbox 1120 1227 1166 1288; x_wconf 95' lang='lat' dir='ltr'>in-</span> 
     </span>
     <span class='ocr_line' id='line_1_9' title="bbox 63 1325 1167 1410; baseline -0.006 -18"><span class='ocrx_word' id='word_1_60' title='bbox 63 1327 124 1392; x_wconf 90' lang='lat' dir='ltr'>dico</span> <span class='ocrx_word' id='word_1_61' title='bbox 144 1328 284 1393; x_wconf 87' lang='lat' dir='ltr'>libenter</span> <span class='ocrx_word' id='word_1_62' title='bbox 315 1329 458 1393; x_wconf 87' lang='lat' dir='ltr'>attende.</span> <span class='ocrx_word' id='word_1_63' title='bbox 507 1329 688 1392; x_wconf 83' lang='lat' dir='ltr'>Hortamur</span> <span class='ocrx_word' id='word_1_64' title='bbox 718 1330 807 1392; x_wconf 90' lang='lat' dir='ltr'>enim</span> <span class='ocrx_word' id='word_1_65' title='bbox 831 1325 969 1410; x_wconf 86' lang='lat' dir='ltr'>gloriam</span> <span class='ocrx_word' id='word_1_66' title='bbox 993 1336 1101 1404; x_wconf 86' lang='lat' dir='ltr'>tuam,</span> <span class='ocrx_word' id='word_1_67' title='bbox 1135 1332 1167 1386; x_wconf 89' lang='lat' dir='ltr'>et</span> 
     </span>
     <span class='ocr_line' id='line_1_10' title="bbox 64 1422 1166 1512; baseline -0.005 -24"><span class='ocrx_word' id='word_1_68' title='bbox 64 1449 126 1490; x_wconf 83' lang='lat' dir='ltr'>rum</span> <span class='ocrx_word' id='word_1_69' title='bbox 157 1429 339 1512; x_wconf 79' lang='lat' dir='ltr'>aequivoco</span> <span class='ocrx_word' id='word_1_70' title='bbox 375 1436 431 1489; x_wconf 93' lang='lat' dir='ltr'>tuo</span> <span class='ocrx_word' id='word_1_71' title='bbox 467 1427 709 1511; x_wconf 85' lang='lat' dir='ltr'>sapientissimo</span> <span class='ocrx_word' id='word_1_72' title='bbox 745 1425 920 1490; x_wconf 84' lang='lat' dir='ltr'>Salomone</span> <span class='ocrx_word' id='word_1_73' title='bbox 956 1422 1166 1487; x_wconf 88' lang='lat' dir='ltr'>dilectionem</span> 
     </span>
     <span class='ocr_line' id='line_1_11' title="bbox 62 1519 1166 1608; baseline -0.004 -22"><span class='ocrx_word' id='word_1_74' title='bbox 62 1539 135 1588; x_wconf 85' lang='lat' dir='ltr'>tuam</span> <span class='ocrx_word' id='word_1_75' title='bbox 158 1525 385 1604; x_wconf 83' lang='lat' dir='ltr'>admonemus,</span> <span class='ocrx_word' id='word_1_76' title='bbox 411 1523 557 1586; x_wconf 84' lang='lat' dir='ltr'>dicente:</span> <span class='ocrx_word' id='word_1_77' title='bbox 582 1523 679 1602; x_wconf 73' lang='lat' dir='ltr'>Aridi,</span> <span class='ocrx_word' id='word_1_78' title='bbox 694 1523 751 1608; x_wconf 77' lang='lat' dir='ltr'>flu·</span> <span class='ocrx_word' id='word_1_79' title='bbox 765 1525 818 1600; x_wconf 84' lang='lat' dir='ltr'>rui,</span> <span class='ocrx_word' id='word_1_80' title='bbox 843 1521 1047 1606; x_wconf 81' lang='lat' dir='ltr'>disciplinam</span> <span class='ocrx_word' id='word_1_81' title='bbox 1057 1519 1166 1604; x_wconf 81' lang='lat' dir='ltr'>petris</span> 
     </span>
     <span class='ocr_line' id='line_1_12' title="bbox 62 1619 1167 1708; baseline -0.004 -24"><span class='ocrx_word' id='word_1_82' title='bbox 62 1625 114 1700; x_wconf 85' lang='lat' dir='ltr'>tui,</span> <span class='ocrx_word' id='word_1_83' title='bbox 141 1635 168 1686; x_wconf 81' lang='lat' dir='ltr'>et</span> <span class='ocrx_word' id='word_1_84' title='bbox 198 1645 237 1685; x_wconf 83' lang='lat' dir='ltr'>ue</span> <span class='ocrx_word' id='word_1_85' title='bbox 261 1623 404 1685; x_wconf 77' lang='lat' dir='ltr'>dimittas</span> <span class='ocrx_word' id='word_1_86' title='bbox 428 1621 523 1708; x_wconf 69' lang='lat' dir='ltr'>legam</span> <span class='ocrx_word' id='word_1_87' title='bbox 547 1623 658 1684; x_wconf 75' lang='lat' dir='ltr'>matois</span> <span class='ocrx_word' id='word_1_88' title='bbox 684 1631 764 1684; x_wconf 84' lang='lat' dir='ltr'>tuae.</span> <span class='ocrx_word' id='word_1_89' title='bbox 813 1619 905 1684; x_wconf 89' lang='lat' dir='ltr'>Haec</span> <span class='ocrx_word' id='word_1_90' title='bbox 935 1621 1058 1706; x_wconf 89' lang='lat' dir='ltr'>quippe</span> <span class='ocrx_word' id='word_1_91' title='bbox 1090 1625 1167 1681; x_wconf 90' lang='lat' dir='ltr'>suut</span> 
     </span>
     <span class='ocr_line' id='line_1_13' title="bbox 62 1716 1166 1806; baseline -0.004 -24"><span class='ocrx_word' id='word_1_92' title='bbox 62 1733 220 1806; x_wconf 83' lang='lat' dir='ltr'>praecepta</span> <span class='ocrx_word' id='word_1_93' title='bbox 246 1719 309 1783; x_wconf 88' lang='lat' dir='ltr'>Dei</span> <span class='ocrx_word' id='word_1_94' title='bbox 334 1721 436 1804; x_wconf 88' lang='lat' dir='ltr'>patris</span> <span class='ocrx_word' id='word_1_95' title='bbox 460 1720 523 1800; x_wconf 90' lang='lat' dir='ltr'>tui,</span> <span class='ocrx_word' id='word_1_96' title='bbox 549 1717 686 1782; x_wconf 82' lang='lat' dir='ltr'>ethaeo</span> <span class='ocrx_word' id='word_1_97' title='bbox 711 1728 759 1782; x_wconf 89' lang='lat' dir='ltr'>est</span> <span class='ocrx_word' id='word_1_98' title='bbox 782 1716 836 1780; x_wconf 89' lang='lat' dir='ltr'>lex</span> <span class='ocrx_word' id='word_1_99' title='bbox 859 1716 1029 1782; x_wconf 85' lang='lat' dir='ltr'>Ecclesiae</span> <span class='ocrx_word' id='word_1_100' title='bbox 1053 1717 1166 1780; x_wconf 85' lang='lat' dir='ltr'>matris</span> 
     </span>
     <span class='ocr_line' id='line_1_14' title="bbox 60 1813 1165 1901; baseline -0.003 -21"><span class='ocrx_word' id='word_1_101' title='bbox 60 1833 131 1882; x_wconf 88' lang='lat' dir='ltr'>tuae.</span> <span class='ocrx_word' id='word_1_102' title='bbox 175 1817 342 1880; x_wconf 86' lang='lat' dir='ltr'>Videlicet</span> <span class='ocrx_word' id='word_1_103' title='bbox 373 1829 409 1880; x_wconf 94' lang='lat' dir='ltr'>ut</span> <span class='ocrx_word' id='word_1_104' title='bbox 439 1837 553 1880; x_wconf 91' lang='lat' dir='ltr'>omues</span> <span class='ocrx_word' id='word_1_105' title='bbox 586 1817 757 1901; x_wconf 82' lang='lat' dir='ltr'>episcopos</span> <span class='ocrx_word' id='word_1_106' title='bbox 787 1817 880 1900; x_wconf 87' lang='lat' dir='ltr'>regni</span> <span class='ocrx_word' id='word_1_107' title='bbox 912 1817 960 1879; x_wconf 89' lang='lat' dir='ltr'>tui</span> <span class='ocrx_word' id='word_1_108' title='bbox 993 1814 1036 1878; x_wconf 87' lang='lat' dir='ltr'>ad</span> <span class='ocrx_word' id='word_1_109' title='bbox 1064 1813 1165 1878; x_wconf 86' lang='lat' dir='ltr'>Turo-</span> 
     </span>
     <span class='ocr_line' id='line_1_15' title="bbox 59 1913 1165 2000; baseline -0.001 -24"><span class='ocrx_word' id='word_1_110' title='bbox 59 1937 176 1978; x_wconf 86' lang='lat' dir='ltr'>nensem</span> <span class='ocrx_word' id='word_1_111' title='bbox 210 1914 498 2000; x_wconf 88' lang='lat' dir='ltr'>archiepiscopum</span> <span class='ocrx_word' id='word_1_112' title='bbox 532 1915 661 1977; x_wconf 89' lang='lat' dir='ltr'>mittere</span> <span class='ocrx_word' id='word_1_113' title='bbox 694 1935 760 1977; x_wconf 91' lang='lat' dir='ltr'>nou</span> <span class='ocrx_word' id='word_1_114' title='bbox 785 1913 961 1991; x_wconf 85' lang='lat' dir='ltr'>detrectes,</span> <span class='ocrx_word' id='word_1_115' title='bbox 995 1913 1165 1998; x_wconf 86' lang='lat' dir='ltr'>ipsiusque</span> 
     </span>
     <span class='ocr_line' id='line_1_16' title="bbox 54 2010 1163 2123; baseline -0.002 -49.989"><span class='ocrx_word' id='word_1_116' title='bbox 54 2013 204 2094; x_wconf 90' lang='lat' dir='ltr'>judicium</span> <span class='ocrx_word' id='word_1_117' title='bbox 230 2011 396 2097; x_wconf 88' lang='lat' dir='ltr'>postulare</span> <span class='ocrx_word' id='word_1_118' title='bbox 428 2033 495 2076; x_wconf 90' lang='lat' dir='ltr'>non</span> <span class='ocrx_word' id='word_1_119' title='bbox 517 2010 717 2123; x_wconf 81' lang='lat' dir='ltr'>dedigneris.</span> <span class='ocrx_word' id='word_1_120' title='bbox 764 2011 839 2096; x_wconf 89' lang='lat' dir='ltr'>lpse</span> <span class='ocrx_word' id='word_1_121' title='bbox 864 2012 952 2074; x_wconf 89' lang='lat' dir='ltr'>enim</span> <span class='ocrx_word' id='word_1_122' title='bbox 976 2021 1026 2074; x_wconf 90' lang='lat' dir='ltr'>est</span> <span class='ocrx_word' id='word_1_123' title='bbox 1049 2017 1163 2072; x_wconf 89' lang='lat' dir='ltr'>metro-</span> 
     </span>
     <span class='ocr_line' id='line_1_17' title="bbox 57 2105 1163 2195; baseline -0.002 -23"><span class='ocrx_word' id='word_1_124' title='bbox 57 2109 223 2193; x_wconf 85' lang='lat' dir='ltr'>politanus,</span> <span class='ocrx_word' id='word_1_125' title='bbox 258 2131 438 2195; x_wconf 88' lang='lat' dir='ltr'>omnesque</span> <span class='ocrx_word' id='word_1_126' title='bbox 472 2110 618 2194; x_wconf 88' lang='lat' dir='ltr'>episcopi</span> <span class='ocrx_word' id='word_1_127' title='bbox 651 2111 745 2192; x_wconf 88' lang='lat' dir='ltr'>regni</span> <span class='ocrx_word' id='word_1_128' title='bbox 778 2105 825 2172; x_wconf 90' lang='lat' dir='ltr'>tui</span> <span class='ocrx_word' id='word_1_129' title='bbox 860 2109 931 2194; x_wconf 89' lang='lat' dir='ltr'>ejus</span> <span class='ocrx_word' id='word_1_130' title='bbox 963 2108 1163 2191; x_wconf 81' lang='lat' dir='ltr'>suffraganei</span> 
     </span>
     <span class='ocr_line' id='line_1_18' title="bbox 56 2205 1165 2293; baseline -0.003 -22.962"><span class='ocrx_word' id='word_1_131' title='bbox 56 2221 129 2283; x_wconf 82' lang='lat' dir='ltr'>s,unt</span> <span class='ocrx_word' id='word_1_132' title='bbox 148 2210 235 2273; x_wconf 88' lang='lat' dir='ltr'>sicut</span> <span class='ocrx_word' id='word_1_133' title='bbox 252 2209 511 2292; x_wconf 78' lang='lat' dir='ltr'>conscriptiones</span> <span class='ocrx_word' id='word_1_134' title='bbox 524 2207 812 2293; x_wconf 89' lang='lat' dir='ltr'>praedecessorum</span> <span class='ocrx_word' id='word_1_135' title='bbox 829 2228 975 2270; x_wconf 91' lang='lat' dir='ltr'>meorum</span> <span class='ocrx_word' id='word_1_136' title='bbox 993 2205 1165 2270; x_wconf 86' lang='lat' dir='ltr'>evidenter</span> 
     </span>
     <span class='ocr_line' id='line_1_19' title="bbox 55 2303 1163 2392; baseline -0.003 -25"><span class='ocrx_word' id='word_1_137' title='bbox 55 2307 236 2388; x_wconf 84' lang='lat' dir='ltr'>ostendunt,</span> <span class='ocrx_word' id='word_1_138' title='bbox 271 2307 328 2392; x_wconf 90' lang='lat' dir='ltr'>qui</span> <span class='ocrx_word' id='word_1_139' title='bbox 361 2305 629 2389; x_wconf 71' lang='lat' dir='ltr'>praedecessores</span> <span class='ocrx_word' id='word_1_140' title='bbox 663 2315 751 2386; x_wconf 90' lang='lat' dir='ltr'>tuos,</span> <span class='ocrx_word' id='word_1_141' title='bbox 788 2305 866 2390; x_wconf 85' lang='lat' dir='ltr'>quia</span> <span class='ocrx_word' id='word_1_142' title='bbox 890 2303 961 2369; x_wconf 91' lang='lat' dir='ltr'>illes</span> <span class='ocrx_word' id='word_1_143' title='bbox 993 2303 1035 2367; x_wconf 89' lang='lat' dir='ltr'>ab</span> <span class='ocrx_word' id='word_1_144' title='bbox 1060 2305 1163 2388; x_wconf 90' lang='lat' dir='ltr'>ipsius</span> 
     </span>
     <span class='ocr_line' id='line_1_20' title="bbox 54 2401 1162 2489; baseline -0.001 -25"><span class='ocrx_word' id='word_1_145' title='bbox 54 2426 122 2466; x_wconf 86' lang='lat' dir='ltr'>cura</span> <span class='ocrx_word' id='word_1_146' title='bbox 151 2405 401 2484; x_wconf 85' lang='lat' dir='ltr'>subtraxerant,</span> <span class='ocrx_word' id='word_1_147' title='bbox 435 2403 510 2468; x_wconf 89' lang='lat' dir='ltr'>forti</span> <span class='ocrx_word' id='word_1_148' title='bbox 535 2405 723 2468; x_wconf 86' lang='lat' dir='ltr'>invectione</span> <span class='ocrx_word' id='word_1_149' title='bbox 756 2405 918 2489; x_wconf 90' lang='lat' dir='ltr'>corripere</span> <span class='ocrx_word' id='word_1_150' title='bbox 949 2401 1162 2466; x_wconf 89' lang='lat' dir='ltr'>studuerunt:</span> 
     </span>
     <span class='ocr_line' id='line_1_21' title="bbox 54 2499 1163 2587; baseline 0.001 -27"><span class='ocrx_word' id='word_1_151' title='bbox 54 2504 194 2584; x_wconf 87' lang='lat' dir='ltr'>quumvis</span> <span class='ocrx_word' id='word_1_152' title='bbox 229 2525 291 2566; x_wconf 89' lang='lat' dir='ltr'>nec</span> <span class='ocrx_word' id='word_1_153' title='bbox 324 2513 436 2566; x_wconf 87' lang='lat' dir='ltr'>nostra</span> <span class='ocrx_word' id='word_1_154' title='bbox 469 2503 592 2587; x_wconf 89' lang='lat' dir='ltr'>scripta</span> <span class='ocrx_word' id='word_1_155' title='bbox 625 2524 723 2587; x_wconf 86' lang='lat' dir='ltr'>super</span> <span class='ocrx_word' id='word_1_156' title='bbox 756 2502 818 2566; x_wconf 89' lang='lat' dir='ltr'>hac</span> <span class='ocrx_word' id='word_1_157' title='bbox 849 2525 884 2566; x_wconf 89' lang='lat' dir='ltr'>re</span> <span class='ocrx_word' id='word_1_158' title='bbox 918 2502 1018 2564; x_wconf 88' lang='lat' dir='ltr'>missa</span> <span class='ocrx_word' id='word_1_159' title='bbox 1051 2499 1163 2564; x_wconf 88' lang='lat' dir='ltr'>deesse</span> 
     </span>
     <span class='ocr_line' id='line_1_22' title="bbox 53 2595 1162 2684; baseline -0.001 -24"><span class='ocrx_word' id='word_1_160' title='bbox 53 2597 227 2664; x_wconf 78' lang='lat' dir='ltr'>videantur.</span> <span class='ocrx_word' id='word_1_161' title='bbox 276 2599 426 2684; x_wconf 82' lang='lat' dir='ltr'>Cumque</span> <span class='ocrx_word' id='word_1_162' title='bbox 458 2621 568 2663; x_wconf 89' lang='lat' dir='ltr'>coram</span> <span class='ocrx_word' id='word_1_163' title='bbox 599 2601 807 2684; x_wconf 86' lang='lat' dir='ltr'>praesignato</span> <span class='ocrx_word' id='word_1_164' title='bbox 832 2599 1033 2664; x_wconf 86' lang='lat' dir='ltr'>Turonensis</span> <span class='ocrx_word' id='word_1_165' title='bbox 1061 2595 1162 2660; x_wconf 90' lang='lat' dir='ltr'>ecele-</span> 
     </span>
     <span class='ocr_line' id='line_1_23' title="bbox 52 2695 1161 2782; baseline 0.003 -27"><span class='ocrx_word' id='word_1_166' title='bbox 52 2695 110 2758; x_wconf 82' lang='lat' dir='ltr'>siae</span> <span class='ocrx_word' id='word_1_167' title='bbox 132 2695 284 2781; x_wconf 85' lang='lat' dir='ltr'>praesule</span> <span class='ocrx_word' id='word_1_168' title='bbox 317 2706 349 2759; x_wconf 90' lang='lat' dir='ltr'>et</span> <span class='ocrx_word' id='word_1_169' title='bbox 382 2698 504 2780; x_wconf 77' lang='lat' dir='ltr'>integre</span> <span class='ocrx_word' id='word_1_170' title='bbox 533 2719 669 2762; x_wconf 89' lang='lat' dir='ltr'>numero</span> <span class='ocrx_word' id='word_1_171' title='bbox 704 2698 919 2782; x_wconf 84' lang='lat' dir='ltr'>collegarum,</span> <span class='ocrx_word' id='word_1_172' title='bbox 953 2698 987 2761; x_wconf 91' lang='lat' dir='ltr'>id</span> <span class='ocrx_word' id='word_1_173' title='bbox 1012 2705 1061 2760; x_wconf 90' lang='lat' dir='ltr'>est</span> <span class='ocrx_word' id='word_1_174' title='bbox 1084 2695 1161 2758; x_wconf 94' lang='lat' dir='ltr'>duo-</span> 
     </span>
     <span class='ocr_line' id='line_1_24' title="bbox 51 2790 1161 2880; baseline 0.001 -26"><span class='ocrx_word' id='word_1_175' title='bbox 51 2790 149 2856; x_wconf 83' lang='lat' dir='ltr'>decim</span> <span class='ocrx_word' id='word_1_176' title='bbox 173 2795 404 2880; x_wconf 89' lang='lat' dir='ltr'>cpiscepcrum</span> <span class='ocrx_word' id='word_1_177' title='bbox 429 2793 593 2858; x_wconf 88' lang='lat' dir='ltr'>celebrato</span> <span class='ocrx_word' id='word_1_178' title='bbox 618 2806 798 2865; x_wconf 82' lang='lat' dir='ltr'>conventu,</span> <span class='ocrx_word' id='word_1_179' title='bbox 830 2795 953 2859; x_wconf 89' lang='lat' dir='ltr'>fuerint</span> <span class='ocrx_word' id='word_1_180' title='bbox 977 2794 1071 2879; x_wconf 89' lang='lat' dir='ltr'>ejecti</span> <span class='ocrx_word' id='word_1_181' title='bbox 1097 2793 1161 2878; x_wconf 91' lang='lat' dir='ltr'>epi·</span> 
     </span>
     <span class='ocr_line' id='line_1_25' title="bbox 50 2891 1160 2979; baseline 0.004 -29"><span class='ocrx_word' id='word_1_182' title='bbox 50 2892 130 2976; x_wconf 85' lang='lat' dir='ltr'>scopi</span> <span class='ocrx_word' id='word_1_183' title='bbox 154 2891 350 2976; x_wconf 83' lang='lat' dir='ltr'>regulariter</span> <span class='ocrx_word' id='word_1_184' title='bbox 374 2895 572 2974; x_wconf 83' lang='lat' dir='ltr'>examinati,</span> <span class='ocrx_word' id='word_1_185' title='bbox 598 2895 863 2978; x_wconf 86' lang='lat' dir='ltr'>apparueritque,</span> <span class='ocrx_word' id='word_1_186' title='bbox 889 2893 978 2979; x_wconf 91' lang='lat' dir='ltr'>quod</span> <span class='ocrx_word' id='word_1_187' title='bbox 1002 2892 1160 2956; x_wconf 89' lang='lat' dir='ltr'>canonice</span> 
     </span>
     <span class='ocr_line' id='line_1_26' title="bbox 50 2986 1161 3075; baseline 0.002 -26"><span class='ocrx_word' id='word_1_188' title='bbox 50 2986 162 3052; x_wconf 86' lang='lat' dir='ltr'>fuerint</span> <span class='ocrx_word' id='word_1_189' title='bbox 185 2989 300 3075; x_wconf 87' lang='lat' dir='ltr'>ejecti,</span> <span class='ocrx_word' id='word_1_190' title='bbox 325 2991 406 3074; x_wconf 89' lang='lat' dir='ltr'>ipsis</span> <span class='ocrx_word' id='word_1_191' title='bbox 431 2991 464 3053; x_wconf 90' lang='lat' dir='ltr'>in</span> <span class='ocrx_word' id='word_1_192' title='bbox 488 3013 547 3054; x_wconf 89' lang='lat' dir='ltr'>sua</span> <span class='ocrx_word' id='word_1_193' title='bbox 571 2990 733 3075; x_wconf 89' lang='lat' dir='ltr'>ejectione</span> <span class='ocrx_word' id='word_1_194' title='bbox 758 2989 984 3072; x_wconf 88' lang='lat' dir='ltr'>manentibus,</span> <span class='ocrx_word' id='word_1_195' title='bbox 1014 2991 1161 3075; x_wconf 90' lang='lat' dir='ltr'>quicum·</span> 
     </span>
     <span class='ocr_line' id='line_1_27' title="bbox 48 3086 1160 3174; baseline 0.003 -27"><span class='ocrx_word' id='word_1_196' title='bbox 48 3107 102 3168; x_wconf 88' lang='lat' dir='ltr'>que</span> <span class='ocrx_word' id='word_1_197' title='bbox 131 3089 166 3150; x_wconf 92' lang='lat' dir='ltr'>in</span> <span class='ocrx_word' id='word_1_198' title='bbox 190 3086 273 3150; x_wconf 88' lang='lat' dir='ltr'>louis</span> <span class='ocrx_word' id='word_1_199' title='bbox 296 3109 408 3151; x_wconf 90' lang='lat' dir='ltr'>eorum</span> <span class='ocrx_word' id='word_1_200' title='bbox 441 3091 622 3152; x_wconf 88' lang='lat' dir='ltr'>consecrati</span> <span class='ocrx_word' id='word_1_201' title='bbox 647 3099 739 3172; x_wconf 87' lang='lat' dir='ltr'>sunt,</span> <span class='ocrx_word' id='word_1_202' title='bbox 773 3097 928 3174; x_wconf 89' lang='lat' dir='ltr'>poterunt</span> <span class='ocrx_word' id='word_1_203' title='bbox 957 3090 1070 3174; x_wconf 91' lang='lat' dir='ltr'>utique</span> <span class='ocrx_word' id='word_1_204' title='bbox 1095 3089 1160 3172; x_wconf 92' lang='lat' dir='ltr'>epi-</span> 
     </span>
     <span class='ocr_line' id='line_1_28' title="bbox 48 3184 1160 3272; baseline 0.004 -29"><span class='ocrx_word' id='word_1_205' title='bbox 48 3195 192 3268; x_wconf 85' lang='lat' dir='ltr'>scopatus</span> <span class='ocrx_word' id='word_1_206' title='bbox 225 3184 349 3248; x_wconf 89' lang='lat' dir='ltr'>honore</span> <span class='ocrx_word' id='word_1_207' title='bbox 382 3187 490 3271; x_wconf 88' lang='lat' dir='ltr'>potiri.</span> <span class='ocrx_word' id='word_1_208' title='bbox 548 3185 674 3266; x_wconf 81' lang='lat' dir='ltr'>Quodsi</span> <span class='ocrx_word' id='word_1_209' title='bbox 708 3188 804 3272; x_wconf 90' lang='lat' dir='ltr'>ejecti</span> <span class='ocrx_word' id='word_1_210' title='bbox 838 3188 982 3272; x_wconf 89' lang='lat' dir='ltr'>episcopi</span> <span class='ocrx_word' id='word_1_211' title='bbox 1016 3188 1160 3266; x_wconf 88' lang='lat' dir='ltr'>insontes</span> 
     </span>
     <span class='ocr_line' id='line_1_29' title="bbox 48 3279 1160 3369; baseline 0.005 -29"><span class='ocrx_word' id='word_1_212' title='bbox 48 3279 159 3345; x_wconf 86' lang='lat' dir='ltr'>fuerint</span> <span class='ocrx_word' id='word_1_213' title='bbox 183 3281 352 3351; x_wconf 84' lang='lat' dir='ltr'>declarati.</span> <span class='ocrx_word' id='word_1_214' title='bbox 378 3282 429 3347; x_wconf 93' lang='lat' dir='ltr'>his</span> <span class='ocrx_word' id='word_1_215' title='bbox 453 3287 570 3348; x_wconf 88' lang='lat' dir='ltr'>amotis</span> <span class='ocrx_word' id='word_1_216' title='bbox 595 3286 650 3369; x_wconf 94' lang='lat' dir='ltr'>qui</span> <span class='ocrx_word' id='word_1_217' title='bbox 676 3283 740 3348; x_wconf 92' lang='lat' dir='ltr'>illis</span> <span class='ocrx_word' id='word_1_218' title='bbox 764 3284 931 3369; x_wconf 87' lang='lat' dir='ltr'>subrogati</span> <span class='ocrx_word' id='word_1_219' title='bbox 949 3295 1034 3365; x_wconf 89' lang='lat' dir='ltr'>sunt,</span> <span class='ocrx_word' id='word_1_220' title='bbox 1060 3282 1160 3347; x_wconf 90' lang='lat' dir='ltr'>eccle·</span> 
     </span>
     <span class='ocr_line' id='line_1_30' title="bbox 47 3379 1160 3466; baseline 0.005 -28"><span class='ocrx_word' id='word_1_221' title='bbox 47 3379 103 3442; x_wconf 85' lang='lat' dir='ltr'>sias</span> <span class='ocrx_word' id='word_1_222' title='bbox 126 3403 203 3444; x_wconf 88' lang='lat' dir='ltr'>suas</span> <span class='ocrx_word' id='word_1_223' title='bbox 228 3380 290 3465; x_wconf 90' lang='lat' dir='ltr'>ipsi</span> <span class='ocrx_word' id='word_1_224' title='bbox 315 3381 487 3465; x_wconf 89' lang='lat' dir='ltr'>recipiant.</span> <span class='ocrx_word' id='word_1_225' title='bbox 525 3382 611 3446; x_wconf 84' lang='lat' dir='ltr'>Nam</span> <span class='ocrx_word' id='word_1_226' title='bbox 635 3404 711 3446; x_wconf 89' lang='lat' dir='ltr'>cum</span> <span class='ocrx_word' id='word_1_227' title='bbox 735 3393 957 3446; x_wconf 85' lang='lat' dir='ltr'>antecessores</span> <span class='ocrx_word' id='word_1_228' title='bbox 981 3383 1044 3446; x_wconf 88' lang='lat' dir='ltr'>mei</span> <span class='ocrx_word' id='word_1_229' title='bbox 1069 3403 1160 3466; x_wconf 88' lang='lat' dir='ltr'>prae-</span> 
     </span>
     <span class='ocr_line' id='line_1_31' title="bbox 46 3475 1160 3566; baseline 0.004 -29"><span class='ocrx_word' id='word_1_230' title='bbox 46 3475 123 3542; x_wconf 85' lang='lat' dir='ltr'>sules</span> <span class='ocrx_word' id='word_1_231' title='bbox 146 3479 344 3562; x_wconf 87' lang='lat' dir='ltr'>ejectionem</span> <span class='ocrx_word' id='word_1_232' title='bbox 369 3500 481 3542; x_wconf 87' lang='lat' dir='ltr'>eorum</span> <span class='ocrx_word' id='word_1_233' title='bbox 507 3481 745 3564; x_wconf 90' lang='lat' dir='ltr'>episcoporum,</span> <span class='ocrx_word' id='word_1_234' title='bbox 775 3483 831 3566; x_wconf 91' lang='lat' dir='ltr'>qui</span> <span class='ocrx_word' id='word_1_235' title='bbox 855 3479 897 3544; x_wconf 90' lang='lat' dir='ltr'>ab</span> <span class='ocrx_word' id='word_1_236' title='bbox 922 3480 1068 3545; x_wconf 89' lang='lat' dir='ltr'>ecclesiis</span> <span class='ocrx_word' id='word_1_237' title='bbox 1092 3480 1160 3542; x_wconf 89' lang='lat' dir='ltr'>suis</span> 
     </span>
     <span class='ocr_line' id='line_1_32' title="bbox 45 3574 1159 3663; baseline 0.006 -29"><span class='ocrx_word' id='word_1_238' title='bbox 45 3575 166 3659; x_wconf 85' lang='lat' dir='ltr'>expulsi</span> <span class='ocrx_word' id='word_1_239' title='bbox 192 3585 278 3654; x_wconf 88' lang='lat' dir='ltr'>sunt,</span> <span class='ocrx_word' id='word_1_240' title='bbox 303 3597 369 3639; x_wconf 92' lang='lat' dir='ltr'>non</span> <span class='ocrx_word' id='word_1_241' title='bbox 391 3574 595 3656; x_wconf 89' lang='lat' dir='ltr'>admiserint,</span> <span class='ocrx_word' id='word_1_242' title='bbox 620 3600 681 3641; x_wconf 91' lang='lat' dir='ltr'>uec</span> <span class='ocrx_word' id='word_1_243' title='bbox 696 3579 963 3663; x_wconf 87' lang='lat' dir='ltr'>approbaverint,</span> <span class='ocrx_word' id='word_1_244' title='bbox 987 3600 1049 3642; x_wconf 89' lang='lat' dir='ltr'>nec</span> <span class='ocrx_word' id='word_1_245' title='bbox 1071 3579 1159 3663; x_wconf 90' lang='lat' dir='ltr'>ipsos</span> 
     </span>
     <span class='ocr_line' id='line_1_33' title="bbox 44 3671 1159 3762; baseline 0.004 -28"><span class='ocrx_word' id='word_1_246' title='bbox 44 3673 92 3754; x_wconf 90' lang='lat' dir='ltr'>qui</span> <span class='ocrx_word' id='word_1_247' title='bbox 116 3674 164 3736; x_wconf 88' lang='lat' dir='ltr'>eis</span> <span class='ocrx_word' id='word_1_248' title='bbox 189 3671 358 3758; x_wconf 87' lang='lat' dir='ltr'>subrogati</span> <span class='ocrx_word' id='word_1_249' title='bbox 383 3684 459 3738; x_wconf 88' lang='lat' dir='ltr'>sunt</span> <span class='ocrx_word' id='word_1_250' title='bbox 483 3675 674 3740; x_wconf 88' lang='lat' dir='ltr'>viventibus</span> <span class='ocrx_word' id='word_1_251' title='bbox 699 3675 772 3757; x_wconf 90' lang='lat' dir='ltr'>illis,</span> <span class='ocrx_word' id='word_1_252' title='bbox 801 3675 964 3758; x_wconf 90' lang='lat' dir='ltr'>legitimos</span> <span class='ocrx_word' id='word_1_253' title='bbox 987 3678 1159 3762; x_wconf 88' lang='lat' dir='ltr'>episcopos</span> 
     </span>
     <span class='ocr_line' id='line_1_34' title="bbox 44 3767 1157 3861; baseline 0.005 -29"><span class='ocrx_word' id='word_1_254' title='bbox 44 3767 203 3834; x_wconf 83' lang='lat' dir='ltr'>dixerunt.</span> <span class='ocrx_word' id='word_1_255' title='bbox 249 3767 337 3834; x_wconf 86' lang='lat' dir='ltr'>Sane</span> <span class='ocrx_word' id='word_1_256' title='bbox 367 3771 393 3834; x_wconf 90' lang='lat' dir='ltr'>si</span> <span class='ocrx_word' id='word_1_257' title='bbox 427 3771 509 3836; x_wconf 88' lang='lat' dir='ltr'>forte</span> <span class='ocrx_word' id='word_1_258' title='bbox 542 3773 584 3836; x_wconf 89' lang='lat' dir='ltr'>ad</span> <span class='ocrx_word' id='word_1_259' title='bbox 617 3773 841 3838; x_wconf 84' lang='lat' dir='ltr'>Turonensenu</span> <span class='ocrx_word' id='word_1_260' title='bbox 873 3774 1157 3861; x_wconf 88' lang='lat' dir='ltr'>archiepiscopum</span> 
     </span>
     <span class='ocr_line' id='line_1_35' title="bbox 44 3866 1159 3959; baseline 0.006 -31"><span class='ocrx_word' id='word_1_261' title='bbox 44 3867 163 3930; x_wconf 88' lang='lat' dir='ltr'>mittere</span> <span class='ocrx_word' id='word_1_262' title='bbox 188 3866 396 3952; x_wconf 86' lang='lat' dir='ltr'>dedignaris,</span> <span class='ocrx_word' id='word_1_263' title='bbox 433 3870 528 3934; x_wconf 89' lang='lat' dir='ltr'>stude</span> <span class='ocrx_word' id='word_1_264' title='bbox 553 3871 635 3935; x_wconf 91' lang='lat' dir='ltr'>duos</span> <span class='ocrx_word' id='word_1_265' title='bbox 658 3873 829 3957; x_wconf 89' lang='lat' dir='ltr'>episcopos</span> <span class='ocrx_word' id='word_1_266' title='bbox 860 3873 900 3936; x_wconf 91' lang='lat' dir='ltr'>de</span> <span class='ocrx_word' id='word_1_267' title='bbox 924 3873 1089 3959; x_wconf 83' lang='lat' dir='ltr'>expulsis.</span> <span class='ocrx_word' id='word_1_268' title='bbox 1126 3884 1159 3936; x_wconf 88' lang='lat' dir='ltr'>et</span> 
     </span>
     <span class='ocr_line' id='line_1_36' title="bbox 43 3961 1156 4056; baseline 0.008 -30"><span class='ocrx_word' id='word_1_269' title='bbox 43 3961 116 4028; x_wconf 90' lang='lat' dir='ltr'>duos</span> <span class='ocrx_word' id='word_1_270' title='bbox 140 3965 183 4030; x_wconf 88' lang='lat' dir='ltr'>de</span> <span class='ocrx_word' id='word_1_271' title='bbox 208 3965 404 4050; x_wconf 87' lang='lat' dir='ltr'>subrogatis,</span> <span class='ocrx_word' id='word_1_272' title='bbox 429 3990 496 4032; x_wconf 88' lang='lat' dir='ltr'>una</span> <span class='ocrx_word' id='word_1_273' title='bbox 520 3991 596 4032; x_wconf 90' lang='lat' dir='ltr'>cum</span> <span class='ocrx_word' id='word_1_274' title='bbox 620 3968 744 4052; x_wconf 86' lang='lat' dir='ltr'>gloriae</span> <span class='ocrx_word' id='word_1_275' title='bbox 767 3980 844 4034; x_wconf 88' lang='lat' dir='ltr'>tuae</span> <span class='ocrx_word' id='word_1_276' title='bbox 867 3969 991 4055; x_wconf 87' lang='lat' dir='ltr'>legato,</span> <span class='ocrx_word' id='word_1_277' title='bbox 1016 3971 1058 4035; x_wconf 89' lang='lat' dir='ltr'>ad</span> <span class='ocrx_word' id='word_1_278' title='bbox 1082 3993 1156 4056; x_wconf 87' lang='lat' dir='ltr'>apo·</span> 
     </span>
     <span class='ocr_line' id='line_1_37' title="bbox 42 4060 1157 4154; baseline 0.01 -30"><span class='ocrx_word' id='word_1_279' title='bbox 42 4060 182 4126; x_wconf 83' lang='lat' dir='ltr'>stolicam</span> <span class='ocrx_word' id='word_1_280' title='bbox 215 4062 327 4128; x_wconf 88' lang='lat' dir='ltr'>sedem</span> <span class='ocrx_word' id='word_1_281' title='bbox 358 4065 452 4129; x_wconf 91' lang='lat' dir='ltr'>Beati</span> <span class='ocrx_word' id='word_1_282' title='bbox 484 4066 573 4130; x_wconf 89' lang='lat' dir='ltr'>Petri</span> <span class='ocrx_word' id='word_1_283' title='bbox 605 4070 839 4151; x_wconf 86' lang='lat' dir='ltr'>transmittere,</span> <span class='ocrx_word' id='word_1_284' title='bbox 876 4068 933 4132; x_wconf 94' lang='lat' dir='ltr'>ubi</span> <span class='ocrx_word' id='word_1_285' title='bbox 971 4069 1073 4154; x_wconf 87' lang='lat' dir='ltr'>digna</span> <span class='ocrx_word' id='word_1_286' title='bbox 1103 4093 1157 4134; x_wconf 87' lang='lat' dir='ltr'>ex-</span> 
     </span>
     <span class='ocr_line' id='line_1_38' title="bbox 41 4161 1155 4252; baseline 0.009 -31"><span class='ocrx_word' id='word_1_287' title='bbox 41 4161 236 4224; x_wconf 86' lang='lat' dir='ltr'>aminatione</span> <span class='ocrx_word' id='word_1_288' title='bbox 274 4163 472 4246; x_wconf 88' lang='lat' dir='ltr'>praemissa,</span> <span class='ocrx_word' id='word_1_289' title='bbox 510 4165 566 4250; x_wconf 92' lang='lat' dir='ltr'>qui</span> <span class='ocrx_word' id='word_1_290' title='bbox 603 4164 743 4250; x_wconf 86' lang='lat' dir='ltr'>legitimi</span> <span class='ocrx_word' id='word_1_291' title='bbox 777 4167 922 4250; x_wconf 89' lang='lat' dir='ltr'>episcopi</span> <span class='ocrx_word' id='word_1_292' title='bbox 961 4168 1026 4230; x_wconf 91' lang='lat' dir='ltr'>sint</span> <span class='ocrx_word' id='word_1_293' title='bbox 1057 4189 1155 4252; x_wconf 88' lang='lat' dir='ltr'>appa-</span> 
     </span>
     <span class='ocr_line' id='line_1_39' title="bbox 41 4259 1156 4347; baseline 0.009 -29"><span class='ocrx_word' id='word_1_294' title='bbox 41 4273 120 4340; x_wconf 87' lang='lat' dir='ltr'>reat,</span> <span class='ocrx_word' id='word_1_295' title='bbox 157 4271 190 4322; x_wconf 89' lang='lat' dir='ltr'>et</span> <span class='ocrx_word' id='word_1_296' title='bbox 219 4281 296 4324; x_wconf 89' lang='lat' dir='ltr'>suas</span> <span class='ocrx_word' id='word_1_297' title='bbox 323 4259 479 4324; x_wconf 89' lang='lat' dir='ltr'>ecclesias</span> <span class='ocrx_word' id='word_1_298' title='bbox 508 4261 732 4347; x_wconf 86' lang='lat' dir='ltr'>irregulariter</span> <span class='ocrx_word' id='word_1_299' title='bbox 765 4285 830 4326; x_wconf 93' lang='lat' dir='ltr'>non</span> <span class='ocrx_word' id='word_1_300' title='bbox 854 4266 1016 4328; x_wconf 88' lang='lat' dir='ltr'>amittant.</span> <span class='ocrx_word' id='word_1_301' title='bbox 1063 4265 1156 4329; x_wconf 86' lang='lat' dir='ltr'>Nihil</span> 
     </span>
    </p>
   </div>
   <div class='ocr_carea' id='block_1_3' title="bbox 0 0 1470 4836">
    <p class='ocr_par' dir='ltr' id='par_1_3' title="bbox 0 0 1470 4836">
     <span class='ocr_line' id='line_1_40' title="bbox 0 0 1470 4836; baseline 0 9"><span class='ocrx_word' id='word_1_302' title='bbox 0 0 1470 4836; x_wconf 95' lang='lat' dir='ltr'> </span> 
     </span>
    </p>
   </div>
  </div>
 </body>
</html>
