3054 4834
303 443 356 496 328
535 444 609 499 XXI.
629 443 669 498 De
688 445 713 500 S.
734 446 865 514 Gregorio
885 447 940 500 vn
960 447 1034 500 Rom
1055 445 1195 500 Pontifice.

155 569 277 632 'mm'
395 588 468 651 127.
516 587 580 652 Sed
616 588 681 652 alia
721 589 818 674 plane
856 591 1005 675 quaestio
1042 599 1091 654 est
1129 588 1354 675 philosophica
1387 601 1416 652 et

184 657 248 700 Μ
303 683 507 768 theologica,
546 687 635 752 unde
666 689 709 752 sit
739 690 914 752 auctoritas
946 690 1120 773 potestatis
1150 686 1271 752 civilis.
1316 687 1419 772 Atque

303 781 366 846 hac
390 785 424 847 in
449 807 483 848 re
507 807 622 848 omnes
637 785 753 848 Patres
777 806 907 870 semper
931 785 1013 877 illud
1038 808 1062 852 s.
1080 783 1175 850 Pauli
1201 783 1423 850 inculcarunt:

308 881 416 944 Omnia
439 883 548 946 amiota
566 883 779 968 potestatibus
802 882 1038 947 sublimioribus
1061 883 1191 948 subdita
1214 885 1274 947 sit:
1297 905 1363 947 aaa
1385 895 1426 948 est

304 980 385 1042 oraim
403 990 549 1065 potestas
571 982 636 1044 aiei
660 1005 680 1044 o
703 982 772 1044 Deo
786 982 823 1065 ¹).
859 979 1027 1044 Videlicet
1049 983 1281 1046 auctoritatem
1304 983 1428 1063 regiam

303 1075 485 1140 aliorumve
520 1078 778 1162 gubernantium
814 1087 1020 1164 potestatem,
1060 1078 1114 1143 vel
1148 1079 1344 1144 immediate
1381 1079 1431 1142 vel

303 1174 446 1238 mediate
470 1198 490 1238 a
513 1176 586 1241 Deo
617 1199 710 1240 suam
734 1178 895 1260 originem
920 1175 1053 1258 habere,
1085 1199 1200 1242 omnes
1223 1179 1432 1242 conveniunt

303 1271 418 1335 Patres
449 1284 547 1358 atquc
579 1273 733 1357 theologi.
780 1275 832 1338 Ita
860 1297 885 1338 s.
910 1274 1137 1358 Augustinus:
1180 1273 1245 1347 Qui
1277 1273 1432 1360 (regnum

304 1370 374 1440 dat)
399 1370 551 1456 Asopum,
576 1375 644 1457 ipse
669 1384 699 1436 ct
725 1373 859 1447 Neroni,
884 1374 938 1456 qui
967 1373 1176 1458 Vespasianis
1197 1373 1248 1437 vel
1268 1376 1366 1458 patri
1389 1375 1436 1436 rel

294 1468 379 1550 filio,
403 1470 599 1534 aaardsoimis
622 1469 881 1556 Imperatooibus,
915 1472 984 1556 ipae
1008 1481 1039 1533 et
1062 1471 1248 1534 Domitiano
1281 1471 1435 1534 medelis·

303 1567 381 1628 simo
394 1566 431 1652 ἲ).
465 1605 508 1613 -
539 1569 673 1632 Prorem
706 1569 819 1634 divitia
847 1569 1054 1656 providentio
1078 1570 1316 1632 constituuntur
1339 1592 1435 1652 repom
1503 1565 1504 1634 l

303 1665 486 1748 humanat).
534 1667 587 1730 Ita
620 1667 720 1730 etiam
744 1665 924 1750 Gregorius
962 1666 1025 1729 VII
1059 1667 1193 1730 omuino
1227 1665 1433 1748 agnoscebat

303 1783 418 1846 regum
442 1766 673 1828 auctoritatem
697 1789 717 1828 a
733 1766 805 1830 Deo
831 1786 911 1845 esse,
937 1766 985 1830 uti
1010 1787 1052 1828 ex
1067 1765 1170 1828 variis
1184 1763 1340 1848 epistolis
1365 1765 1434 1849 ejus

305 1859 516 1924 manifestum
540 1874 599 1926 est.
646 1862 697 1926 Ito
720 1861 837 1926 scribit
860 1864 922 1947 ipsi
947 1861 1112 1926 Henrico:
1141 1859 1224 1934 Quia
1251 1863 1305 1924 die
1330 1853 1430 1928 rmum·

303 1982 360 2043 que
384 1959 418 2020 ia
441 1960 534 2024 vineo
557 1961 689 2024 Domini
712 1957 861 2024 laborare
880 1985 941 2046 per
959 1960 1061 2024 multa
1083 1959 1232 2046 perimite
1261 1963 1364 2024 etiam
1386 1983 1432 2024 ue·

304 2080 359 2140 quc
384 2057 428 2120 ad
441 2070 569 2122 mortem
583 2057 739 2133 desidero,
764 2081 828 2122 oron
843 2058 944 2122 solum
961 2057 1028 2126 tibi.
1053 2081 1140 2142 quern
1153 2059 1241 2120 Deus
1265 2060 1305 2121 iu
1317 2081 1433 2122 maimo

303 2154 436 2217 melmioe
459 2179 563 2219 rerum
580 2157 701 2241 pos-uit,
727 2205 733 2218 .
761 2207 767 2220 .
793 2205 800 2219 .
826 2156 882 2220 aed
905 2158 999 2220 etiam
1014 2157 1142 2220 minimo
1158 2152 1356 2234 Cbristiauo,
1381 2157 1432 2220 ud·

297 2255 432 2339 juvante
450 2255 528 2331 Deo,
554 2277 675 2340 semper
690 2254 818 2318 studebo
843 2265 983 2318 sanctam
1007 2263 1038 2316 et
1053 2253 1242 2337 coudipuam
1265 2256 1433 2317 caritatem

304 2351 462 2413 custodire
472 2352 509 2424 ⁴).
557 2351 602 2414 Et
625 2351 772 2416 Haraldo
797 2354 867 2436 regi
891 2353 1084 2416 Dauorum:
1113 2353 1156 2414 Te
1179 2354 1287 2436 itaque
1313 2354 1432 2437 mecia-

304 2447 388 2525 liter,
403 2449 459 2532 fili
481 2451 653 2527 carissime,
679 2451 730 2514 cui
753 2452 843 2533 repeti
857 2473 965 2514 curam
982 2449 1191 2535 prouidentia
1215 2449 1331 2512 divisse
1356 2473 1432 2513 com·

303 2547 398 2626 misit,
426 2558 562 2632 patemo
594 2570 752 2612 monemus
784 2546 909 2632 affectu,
940 2557 975 2610 at
999 2545 1256 2610 eccellentissimi
1283 2549 1434 2632 parentis

304 2646 352 2707 tui
379 2646 484 2729 rapias
509 2645 690 2732 probitates
718 2658 747 2708 ct
777 2647 909 2709 virtutes
941 2647 1082 2732 eprepo'as
1105 2645 1229 2708 imiimi
1252 2644 1433 2730 sumpsisti.

303 2742 357 2805 Ex
374 2743 586 2808 distinctione
611 2745 720 2828 igitur,
746 2765 847 2828 quam
866 2744 1100 2828 proposuimus
1115 2751 1148 2806 et
1164 2741 1434 2826 explanavimus,

305 2842 412 2904 omnis
438 2841 619 2905 difficultas
644 2841 683 2904 dc
709 2843 872 2904 sententia
895 2839 1048 2926 Gregorii
1073 2839 1221 2904 diluitur.

158 2975 288 3056 runcinum*
396 2975 469 3038 128.
518 2975 616 3054 Quod
641 2995 719 3038 vero
744 2984 871 3059 spectat
894 2973 936 3036 ad
961 2995 1034 3036 eam
1058 2973 1309 3050 auctoritatem,
1334 2993 1434 3056 quam

160 3045 273 3096 asponon.
304 3076 338 3138 in
356 3073 524 3158 principes
537 3072 718 3157 Gregorius
742 3073 902 3150 exercuit,
927 3093 966 3134 ac
990 3071 1162 3155 speciatim
1188 3072 1221 3132 in
1235 3068 1436 3134 Heni-icum.

305 3183 341 3235 ut
365 3192 439 3234 eum
465 3171 646 3257 deponeret
670 3181 702 3234 ct
726 3170 1030 3233 excommunicaret
1061 3191 1101 3231 ac
1130 3167 1281 3231 subditos
1306 3191 1325 3230 a
1346 3168 1434 3253 juru-

305 3277 415 3332 mcnto
455 3267 623 3332 fidelitatis
654 3266 805 3349 solveret,
845 3275 959 3339 uotum
990 3275 1048 3345 cst,
1087 3267 1181 3330 varia
1213 3289 1234 3328 a
1259 3264 1434 3329 catholicis

305 3365 495 3432 auctoribus
519 3387 589 3430 esse
615 3367 783 3450 proposita
798 3375 978 3450 systemata
1002 3363 1044 3428 de
1067 3371 1240 3448 potestate,
1266 3385 1372 3448 quam
1391 3365 1431 3426 uti

305 3465 485 3547 Gregorius
509 3462 575 3527 VII
609 3465 654 3527 ita
684 3462 742 3527 alii
772 3463 952 3527 Pontifices
983 3465 1018 3525 in
1048 3483 1142 3544 reges
1174 3470 1207 3524 et
1238 3460 1432 3546 temporalia

306 3585 436 3649 quoque
460 3569 689 3626 exercuerunt.
721 3561 815 3641 Quae
839 3561 997 3625 hocloco
1023 3558 1138 3623 saltem
1162 3569 1301 3642 tangere
1324 3581 1433 3623 neces·

306 3663 429 3726 sarium
455 3671 512 3740 est,
538 3682 576 3723 eo
601 3659 655 3722 vel
680 3661 795 3744 magis,
821 3659 909 3746 quod
934 3680 999 3722 non
1016 3679 1130 3721 omnes
1155 3657 1320 3743 ejusmodi
1347 3657 1430 3721 theo-

306 3760 373 3822 rias
397 3757 519 3822 solidas
543 3781 582 3821 ac
600 3757 737 3842 periculi
764 3768 796 3820 et
820 3759 937 3821 erroris
962 3767 1113 3841 expertes
1133 3757 1375 3819 existimamus.
1391 3789 1432 3801 -

383 3999 389 4028 ,
535 4001 540 4016 .

380 3998 750 4142 ffiffiffifflum
890 4073 1097 4139 mmun

381 4155 865 4226 omummmmu

380 4235 931 4308 mammmmmwa
