2922 4832
296 505 335 558 De
353 504 429 558 Rom.
451 502 626 558 Pontificibus
645 503 724 570 huju·
743 502 851 557 ostatis.
1103 505 1158 562 ‘303

54 649 117 714 telio
144 649 241 714 refert
273 647 338 714 sibi
361 669 427 714 non
451 646 612 712 uindicet
659 647 765 712 Juvat
787 647 891 730 ipsius
915 649 1017 712 citare
1041 646 1154 728 verbu,

54 769 122 831 qous
143 747 299 830 agitatam
324 755 356 810 et
378 767 526 810 emerem
549 753 695 810 mentem
710 745 878 829 scriptoris
897 746 977 808 satis
994 745 1154 811 redolenti

54 847 120 908 llot
145 846 280 931 etooppc,
316 843 447 926 scribit,
483 843 628 908 Joormes
658 845 716 908 iste
749 853 947 927 eoquomeeto
980 844 1154 920 Romanus,

46 942 137 1024 ,lister
159 943 247 1008 illias
269 942 435 1008 Benedicti
457 943 508 1006 oui
530 944 566 1005 io
589 942 805 1028 episcopatum
827 952 1017 1006 soccessores
1024 965 1035 1020 ;
1059 940 1155 1028 lurei-

54 1043 119 1104 tioao
137 1042 302 1128 pecuniae,
325 1051 452 1126 repente
475 1063 515 1104 ec
539 1039 652 1106 laicali
676 1039 788 1104 ordine
811 1039 983 1124 neophytos
1007 1041 1155 1104 constitu-
1255 1081 1259 1087 ·

53 1151 91 1202 ιιιι
110 1150 152 1204 est
167 1137 312 1226 praesul.
351 1137 415 1204 See
437 1138 611 1202 insolentie
626 1139 841 1202 Romanulam
862 1137 1041 1226 hujusmodi
1063 1137 1156 1200 adio

54 1239 120 1300 reolt
135 1235 297 1323 palliatae
320 1235 559 1300 subdolositatis
583 1235 763 1312 ridiculam,
787 1234 905 1300 scilicet
926 1245 961 1298 at
985 1257 1155 1320 quemcum-

51 1357 96 1418 que
111 1357 171 1420 pro
195 1357 250 1400 suo
274 1333 368 1398 libitu
390 1335 700 1420 inpraesentiarum
724 1333 768 1398 od
788 1332 992 1418 pontificato
1016 1332 1156 1417 officium
1187 1373 1190 1388 ·

51 1430 218 1516 ‹leleqeriut²
254 1443 372 1496 memte
405 1434 529 1496 nomiae
566 1432 649 1516 quod
681 1431 733 1494 illi
759 1432 855 1516 peius
879 1430 1008 1516 fuerat,
1046 1430 1155 1515 aliquo

52 1551 215 1614 saeuorum
237 1530 422 1614 Pontificum
451 1532 575 1596 nomine
598 1527 689 1594 illam
712 1526 876 1614 appellari
899 1529 1083 1606 decernunt,
1106 1555 1155 1594 re-

52 1650 111 1690 sero
131 1650 219 1713 qoem
240 1630 270 1694 si
291 1651 357 1692 oon
379 1631 522 1694 meritum
545 1630 603 1707 rei,
634 1626 746 1692 sccltcm
773 1649 886 1692 nomen
909 1625 1050 1692 sustollat.
1065 1629 1088 1710 ¹)
1112 1665 1155 1676 -

51 1724 146 1790 Potuit
168 1749 247 1792 sune
269 1727 355 1808 fieri,
390 1738 427 1790 ut
451 1729 550 1791 etium
574 1726 675 1810 largis
699 1725 892 1790 muneribus
922 1725 1050 1788 familia
1074 1725 1155 1788 Tus-

50 1821 226 1890 culanorum
251 1827 410 1890 comitum
434 1825 657 1890 Romanorum
698 1827 883 1910 captivaret
914 1825 1055 1905 animos,
1088 1845 1155 1908 quo

50 1921 152 1986 iterum
177 1945 219 1986 ex
243 1925 314 2008 ipsu
337 1923 493 1988 Pontifex
515 1922 705 2009 eligeretur,
739 1945 779 1986 sc
803 1921 939 1986 difficile
963 1931 1013 1986 est
1035 1921 1154 1985 discer-

49 2039 122 2098 nere,
146 2043 188 2084 un
212 2021 294 2106 quid
318 2021 472 2086 illicitum
497 2023 560 2085 istu
584 2022 668 2086 inre
690 2020 851 2086 occiderit
874 2041 916 2084 ex
933 2031 1025 2104 purte
1050 2019 1156 2104 ipsius

49 2114 141 2182 electi.
185 2118 417 2204 Negligentise
447 2129 479 2182 et
508 2121 670 2184 avaritiae
701 2120 823 2204 pariter
855 2121 971 2206 injuste
1003 2118 1153 2182 accusari

47 2213 198 2281 loannem
210 2217 307 2302 XIX,
331 2240 450 2303 graves
467 2228 617 2282 auctores
634 2217 813 2302 censent32)
838 2215 928 2282 nulle
952 2217 1040 2280 enim
1065 2225 1156 2279 certe

48 2313 160 2378 indicia
193 2314 326 2398 adsunt,
364 2317 429 2379 imo
464 2317 549 2380 varii
574 2317 750 2400 scriptores
775 2316 934 2379 encomiis
957 2313 1047 2378 hunc
1069 2313 1154 2377 Pon·

45 2411 155 2476 titieem
179 2411 357 2478 celebrant.
377 2451 415 2462 -
432 2413 579 2478 loannes
592 2413 678 2477 XIX
700 2414 820 2477 restitit
836 2411 1039 2477 Graecorum
1063 2433 1153 2496 prae-

45 2510 222 2595 sumptioni,
247 2531 349 2596 quum
363 2513 426 2597 ipsi
449 2511 567 2594 legatis
591 2513 699 2574 missis
723 2509 936 2595 postularent,
961 2519 998 2574 ut
1014 2508 1156 2574 ecclesio

45 2602 168 2672 UPtena
192 2609 226 2672 in
248 2629 307 2674 suo
330 2608 426 2690 orbe,
452 2608 733 2694 quemadmodum
755 2609 905 2674 Romana
928 2609 962 2672 in
987 2617 1054 2672 toto
1073 2604 1154 2671 orbe

44 2701 221 2787 christiano,
246 2708 457 2770 oecumenicae
481 2706 613 2770 titulum
637 2716 671 2770 et
693 2705 851 2770 honorem
875 2704 1021 2770 liaberet.
1053 2703 1155 2770 Anno

48 2801 118 2866 1027
144 2806 214 2888 ipse
238 2827 360 2888 magno
384 2826 460 2868 cum
485 2827 607 2890 pompa
631 2802 822 2869 Conradum
845 2803 880 2868 ΙΙ
904 2804 1076 2868 coronavit
1089 2802 1152 2866 Im·
1204 2861 1206 2866 .

43 2911 225 2984 portitorem,
252 2901 349 2966 simul
374 2925 450 2966 cnm
475 2903 547 2989 ejus
571 2925 674 2968 uxore
698 2901 820 2967 Gisele.

120 3045 174 3109 52.
220 3045 319 3109 Anno
354 3045 439 3110 1033
478 3045 532 3109 die
563 3045 806 3110 8Novembris
836 3045 983 3110 Joannes
1011 3041 1095 3107 XIX
1135 3065 1155 3124 c

42 3140 119 3203 vivis
142 3145 292 3209 excessit.
340 3143 393 3207 Ex
418 3143 515 3207 dictis
539 3143 713 3228 colligitur,
738 3146 795 3230 qui
820 3142 950 3208 soeculo
974 3141 1154 3206 undecimo

40 3256 174 3325 cousque
206 3240 375 3305 Ecclesiae
406 3241 636 3327 praefuerunt,
679 3241 797 3327 dignos
832 3243 932 3306 fuisse
963 3240 1152 3305 Pontifices.

39 3333 97 3399 Sel
122 3339 155 3402 in
180 3361 337 3424 magnum
362 3339 541 3404 discrimen
573 3350 652 3404 tunc
676 3339 827 3404 Ecclesia
850 3339 995 3405 adducta
1020 3349 1078 3420 est,
1114 3359 1154 3401 eo

40 3435 120 3516 quod
143 3435 324 3502 Tusculani
358 3439 496 3502 comites
521 3438 593 3524 jam
618 3439 847 3524 pontificatum
872 3436 975 3502 veluti
1005 3435 1152 3500 haeredi·

39 3533 153 3598 tarium
175 3557 254 3599 suae
278 3535 424 3600 familiae
449 3557 645 3601 conserve-re
669 3537 848 3618 studerent,
873 3537 953 3623 quin
979 3535 1021 3599 ud
1045 3534 1159 3618 digni:

40 3681 207 3694 uta...
224 3689 244 3694 --

105 3765 124 3834 ¹)
144 3763 240 3821 Chron.
260 3765 289 3820 L.
307 3767 355 3820 IV.
382 3783 403 3820 c.
426 3765 774 3822 1.M.G.Scr.vss.61.
809 3797 836 3806 -
865 3766 1022 3836 Rudolphns
1043 3767 1152 3833 Glsber,

38 3849 152 3899 mortuus
171 3861 241 3899 suno
256 3845 332 3910 1048,
352 3845 473 3900 vireret
492 3847 635 3915 religiosus
655 3853 683 3902 et
701 3849 803 3912 doctus,
822 3847 868 3900 sed
878 3846 1018 3914 irrequieti
1037 3847 1153 3914 ingenii,

37 3922 77 3985 qui
95 3923 123 3978 in
142 3925 226 3980 variis
244 3927 415 3981 monesteriis
433 3933 612 3982 commoratus
625 3935 674 3994 est,
694 3929 836 3995 exquibus
858 3927 920 3982 dein
941 3928 984 3982 vel
997 3927 1154 3984 voluntarie

38 4003 76 4056 vel
93 4010 185 4060 coacte
203 4006 333 4062 dioceses
371 4007 510 4062 Postremo
534 4012 625 4062 tumen
650 4024 735 4075 nsque
759 4009 793 4062 ud
819 4008 895 4063 vites
913 4009 993 4063 finem
1012 4009 1041 4062 in
1059 4025 1153 4065 mons*

38 4083 113 4138 sterio
131 4085 304 4142 cluniacensi
327 4088 484 4155 permensit.
522 4087 646 4155 Quinque
664 4088 741 4143 libris
763 4088 916 4142 chronicum
942 4088 1004 4142 inde
1024 4090 1057 4144 ab
1077 4107 1151 4145 enno

35 4164 83 4216 000
101 4181 186 4232 osque
203 4167 239 4220 sd
256 4182 356 4222 annum
377 4169 445 4222 1047
464 4165 587 4224 confecit.

102 4261 123 4328 ι)
143 4263 176 4318 v.
196 4264 400 4332 nogentum
419 4266 453 4320 n.
472 4265 505 4324 o.
524 4267 547 4323 1.
566 4267 590 4320 e.
609 4249 670 4320 612.¹
