<?xml version="1.0" encoding="UTF-8"?>
<!DOCTYPE html PUBLIC "-//W3C//DTD XHTML 1.0 Transitional//EN"
    "http://www.w3.org/TR/xhtml1/DTD/xhtml1-transitional.dtd">
<html xmlns="http://www.w3.org/1999/xhtml" xml:lang="en" lang="en">
 <head>
  <title>
</title>
<meta http-equiv="Content-Type" content="text/html;charset=utf-8" />
  <meta name='ocr-system' content='tesseract 3.04.00' />
  <meta name='ocr-capabilities' content='ocr_page ocr_carea ocr_par ocr_line ocrx_word'/>
</head>
<body>
  <div class='ocr_page' id='page_1' title='image "./dissertationess01junggoog_0508.png"; bbox 0 0 2898 4836; ppageno 0'>
   <div class='ocr_carea' id='block_1_1' title="bbox 383 474 1138 546">
    <p class='ocr_par' dir='ltr' id='par_1_1' title="bbox 383 474 1138 546">
     <span class='ocr_line' id='line_1_1' title="bbox 383 474 1138 546; baseline -0.012 -13"><span class='ocrx_word' id='word_1_1' title='bbox 383 480 437 534; x_wconf 82' lang='lat' dir='ltr'>Leo</span> <span class='ocrx_word' id='word_1_2' title='bbox 456 481 480 532; x_wconf 88' lang='lat' dir='ltr'>V</span> <span class='ocrx_word' id='word_1_3' title='bbox 500 485 528 534; x_wconf 89' lang='lat' dir='ltr'>et</span> <span class='ocrx_word' id='word_1_4' title='bbox 547 477 764 546; x_wconf 71' lang='lat' dir='ltr'>christophorus.</span> <span class='ocrx_word' id='word_1_5' title='bbox 1103 474 1138 524; x_wconf 77' lang='grc'>37</span> 
     </span>
    </p>
   </div>
   <div class='ocr_carea' id='block_1_2' title="bbox 20 617 1277 3843">
    <p class='ocr_par' dir='ltr' id='par_1_2' title="bbox 20 617 1277 3843">
     <span class='ocr_line' id='line_1_2' title="bbox 34 617 1138 706; baseline -0.005 -20"><span class='ocrx_word' id='word_1_6' title='bbox 34 625 155 688; x_wconf 84' lang='lat' dir='ltr'>latenter</span> <span class='ocrx_word' id='word_1_7' title='bbox 184 625 322 690; x_wconf 85' lang='lat' dir='ltr'><strong>Romam</strong></span> <span class='ocrx_word' id='word_1_8' title='bbox 357 623 555 706; x_wconf 84' lang='lat' dir='ltr'>ingrediens,</span> <span class='ocrx_word' id='word_1_9' title='bbox 588 623 713 688; x_wconf 89' lang='lat' dir='ltr'>eisdem</span> <span class='ocrx_word' id='word_1_10' title='bbox 737 617 976 706; x_wconf 81' lang='lat' dir='ltr'><strong>opitulantibus</strong></span> <span class='ocrx_word' id='word_1_11' title='bbox 999 618 1138 682; x_wconf 84' lang='lat' dir='ltr'>Francis</span> 
     </span>
     <span class='ocr_line' id='line_1_3' title="bbox 32 715 1138 832; baseline -0.004 -48"><span class='ocrx_word' id='word_1_12' title='bbox 32 721 214 832; x_wconf 69' lang='lat' dir='ltr'>spostolatus</span> <span class='ocrx_word' id='word_1_13' title='bbox 235 723 404 806; x_wconf 77' lang='lat' dir='ltr'>fastigium</span> <span class='ocrx_word' id='word_1_14' title='bbox 419 721 645 786; x_wconf 82' lang='lat' dir='ltr'>conscendit.“</span> <span class='ocrx_word' id='word_1_15' title='bbox 650 720 676 806; x_wconf 84' lang='lat'>¹)</span> <span class='ocrx_word' id='word_1_16' title='bbox 692 758 735 768; x_wconf 90' lang='lat'><em>-</em></span> <span class='ocrx_word' id='word_1_17' title='bbox 752 720 795 784; x_wconf 85' lang='lat' dir='ltr'>Et</span> <span class='ocrx_word' id='word_1_18' title='bbox 808 718 872 782; x_wconf 86' lang='lat' dir='ltr'>alio</span> <span class='ocrx_word' id='word_1_19' title='bbox 888 717 960 782; x_wconf 92' lang='lat' dir='ltr'>loeo</span> <span class='ocrx_word' id='word_1_20' title='bbox 976 715 1138 782; x_wconf 85' lang='lat' dir='ltr'>invehens</span> 
     </span>
     <span class='ocr_line' id='line_1_4' title="bbox 34 815 1277 929; baseline -0.003 -48"><span class='ocrx_word' id='word_1_21' title='bbox 34 822 60 882; x_wconf 93' lang='lat' dir='ltr'>in</span> <span class='ocrx_word' id='word_1_22' title='bbox 82 843 130 882; x_wconf 86' lang='lat' dir='ltr'>eos</span> <span class='ocrx_word' id='word_1_23' title='bbox 152 822 208 905; x_wconf 90' lang='lat' dir='ltr'>qui</span> <span class='ocrx_word' id='word_1_24' title='bbox 233 819 382 884; x_wconf 84' lang='lat' dir='ltr'>Formosi</span> <span class='ocrx_word' id='word_1_25' title='bbox 408 819 630 882; x_wconf 80' lang='lat' dir='ltr'>ordinationes</span> <span class='ocrx_word' id='word_1_26' title='bbox 654 815 863 902; x_wconf 70' lang='lat' dir='ltr'>rejiciebant:</span> <span class='ocrx_word' id='word_1_27' title='bbox 893 817 1136 929; x_wconf 78' lang='lat' dir='ltr'>„Quapropter,</span> <span class='ocrx_word' id='word_1_28' title='bbox 1180 872 1277 922; x_wconf 55' lang='lat' dir='ltr'>vm</span> 
     </span>
     <span class='ocr_line' id='line_1_5' title="bbox 32 915 1269 998; baseline -0.005 -20"><span class='ocrx_word' id='word_1_29' title='bbox 32 919 140 996; x_wconf 80' lang='lat' dir='ltr'>scribit,</span> <span class='ocrx_word' id='word_1_30' title='bbox 165 919 218 984; x_wconf 88' lang='lat' dir='ltr'>isti</span> <span class='ocrx_word' id='word_1_31' title='bbox 244 917 441 980; x_wconf 80' lang='lat' dir='ltr'>sanctissimi</span> <span class='ocrx_word' id='word_1_32' title='bbox 466 938 618 980; x_wconf 78' lang='lat' dir='ltr'>censores</span> <span class='ocrx_word' id='word_1_33' title='bbox 634 916 674 979; x_wconf 87' lang='lat' dir='ltr'>de</span> <span class='ocrx_word' id='word_1_34' title='bbox 692 915 781 979; x_wconf 90' lang='lat' dir='ltr'>coelo</span> <span class='ocrx_word' id='word_1_35' title='bbox 798 916 968 978; x_wconf 78' lang='lat' dir='ltr'>venientes</span> <span class='ocrx_word' id='word_1_36' title='bbox 985 917 1011 978; x_wconf 89' lang='lat' dir='ltr'>si</span> <span class='ocrx_word' id='word_1_37' title='bbox 1028 915 1137 998; x_wconf 88' lang='lat' dir='ltr'>aequi·</span> <span class='ocrx_word' id='word_1_38' title='bbox 1186 936 1269 974; x_wconf 67' lang='lat' dir='ltr'>uzon</span> 
     </span>
     <span class='ocr_line' id='line_1_6' title="bbox 32 1013 1140 1098; baseline -0.003 -22"><span class='ocrx_word' id='word_1_39' title='bbox 32 1017 95 1079; x_wconf 81' lang='lat' dir='ltr'>ntis</span> <span class='ocrx_word' id='word_1_40' title='bbox 117 1026 149 1078; x_wconf 90' lang='lat' dir='ltr'>et</span> <span class='ocrx_word' id='word_1_41' title='bbox 171 1037 238 1080; x_wconf 89' lang='lat' dir='ltr'>nou</span> <span class='ocrx_word' id='word_1_42' title='bbox 263 1015 330 1080; x_wconf 91' lang='lat' dir='ltr'>odii</span> <span class='ocrx_word' id='word_1_43' title='bbox 354 1025 517 1078; x_wconf 85' lang='lat' dir='ltr'>amotores</span> <span class='ocrx_word' id='word_1_44' title='bbox 541 1026 666 1094; x_wconf 82' lang='lat' dir='ltr'>essent,</span> <span class='ocrx_word' id='word_1_45' title='bbox 701 1013 916 1078; x_wconf 88' lang='lat' dir='ltr'>decernerent</span> <span class='ocrx_word' id='word_1_46' title='bbox 940 1013 1069 1098; x_wconf 90' lang='lat' dir='ltr'>utique,</span> <span class='ocrx_word' id='word_1_47' title='bbox 1104 1021 1140 1074; x_wconf 93' lang='lat' dir='ltr'>ut</span> 
     </span>
     <span class='ocr_line' id='line_1_7' title="bbox 30 1109 1140 1196; baseline -0.003 -21"><span class='ocrx_word' id='word_1_48' title='bbox 30 1112 296 1196; x_wconf 84' lang='lat' dir='ltr'>quemadmodum</span> <span class='ocrx_word' id='word_1_49' title='bbox 331 1111 408 1176; x_wconf 89' lang='lat' dir='ltr'>huie</span> <span class='ocrx_word' id='word_1_50' title='bbox 442 1111 642 1176; x_wconf 87' lang='lat' dir='ltr'>ordinationi</span> <span class='ocrx_word' id='word_1_51' title='bbox 676 1133 790 1176; x_wconf 90' lang='lat' dir='ltr'>omues</span> <span class='ocrx_word' id='word_1_52' title='bbox 822 1109 1019 1193; x_wconf 85' lang='lat' dir='ltr'>generaliter</span> <span class='ocrx_word' id='word_1_53' title='bbox 1049 1131 1140 1194; x_wconf 88' lang='lat' dir='ltr'>prae-</span> 
     </span>
     <span class='ocr_line' id='line_1_8' title="bbox 33 1208 1139 1294; baseline -0.002 -22"><span class='ocrx_word' id='word_1_54' title='bbox 33 1210 163 1276; x_wconf 89' lang='lat' dir='ltr'>buerunt</span> <span class='ocrx_word' id='word_1_55' title='bbox 186 1232 368 1290; x_wconf 81' lang='lat' dir='ltr'>assensum,</span> <span class='ocrx_word' id='word_1_56' title='bbox 394 1212 441 1274; x_wconf 80' lang='lat' dir='ltr'>ito</span> <span class='ocrx_word' id='word_1_57' title='bbox 465 1219 497 1274; x_wconf 89' lang='lat' dir='ltr'>et</span> <span class='ocrx_word' id='word_1_58' title='bbox 519 1209 672 1294; x_wconf 86' lang='lat' dir='ltr'>generale</span> <span class='ocrx_word' id='word_1_59' title='bbox 690 1208 868 1274; x_wconf 87' lang='lat' dir='ltr'>concilium</span> <span class='ocrx_word' id='word_1_60' title='bbox 885 1209 1044 1272; x_wconf 88' lang='lat' dir='ltr'>canonice</span> <span class='ocrx_word' id='word_1_61' title='bbox 1066 1229 1139 1270; x_wconf 86' lang='lat' dir='ltr'>cou-</span> 
     </span>
     <span class='ocr_line' id='line_1_9' title="bbox 31 1304 1139 1393; baseline 0.001 -28"><span class='ocrx_word' id='word_1_62' title='bbox 31 1319 185 1390; x_wconf 83' lang='lat' dir='ltr'>rocarent,</span> <span class='ocrx_word' id='word_1_63' title='bbox 210 1319 243 1371; x_wconf 91' lang='lat' dir='ltr'>et</span> <span class='ocrx_word' id='word_1_64' title='bbox 266 1309 313 1371; x_wconf 87' lang='lat' dir='ltr'>sic</span> <span class='ocrx_word' id='word_1_65' title='bbox 338 1307 471 1370; x_wconf 89' lang='lat' dir='ltr'>demum</span> <span class='ocrx_word' id='word_1_66' title='bbox 495 1329 554 1393; x_wconf 91' lang='lat' dir='ltr'>per</span> <span class='ocrx_word' id='word_1_67' title='bbox 570 1305 757 1372; x_wconf 84' lang='lat' dir='ltr'>universale</span> <span class='ocrx_word' id='word_1_68' title='bbox 776 1306 943 1370; x_wconf 85' lang='lat' dir='ltr'>decretum</span> <span class='ocrx_word' id='word_1_69' title='bbox 956 1304 1139 1390; x_wconf 87' lang='lat' dir='ltr'>justissima</span> 
     </span>
     <span class='ocr_line' id='line_1_10' title="bbox 29 1403 1139 1492; baseline -0.002 -24"><span class='ocrx_word' id='word_1_70' title='bbox 29 1427 156 1470; x_wconf 86' lang='lat' dir='ltr'>censura</span> <span class='ocrx_word' id='word_1_71' title='bbox 182 1405 420 1488; x_wconf 87' lang='lat' dir='ltr'>deliberarent,</span> <span class='ocrx_word' id='word_1_72' title='bbox 446 1415 479 1468; x_wconf 91' lang='lat' dir='ltr'>et</span> <span class='ocrx_word' id='word_1_73' title='bbox 502 1407 528 1469; x_wconf 91' lang='lat' dir='ltr'>si</span> <span class='ocrx_word' id='word_1_74' title='bbox 553 1405 735 1492; x_wconf 82' lang='lat' dir='ltr'>praefatam</span> <span class='ocrx_word' id='word_1_75' title='bbox 760 1404 1020 1483; x_wconf 87' lang='lat' dir='ltr'>ordinationem,</span> <span class='ocrx_word' id='word_1_76' title='bbox 1050 1403 1139 1488; x_wconf 91' lang='lat' dir='ltr'>quod</span> 
     </span>
     <span class='ocr_line' id='line_1_11' title="bbox 29 1500 1140 1582; baseline -0.002 -17"><span class='ocrx_word' id='word_1_77' title='bbox 29 1525 83 1566; x_wconf 93' lang='lat' dir='ltr'>uon</span> <span class='ocrx_word' id='word_1_78' title='bbox 107 1504 282 1582; x_wconf 89' lang='lat' dir='ltr'>eredimus,</span> <span class='ocrx_word' id='word_1_79' title='bbox 309 1502 399 1566; x_wconf 86' lang='lat' dir='ltr'>velut</span> <span class='ocrx_word' id='word_1_80' title='bbox 423 1501 599 1566; x_wconf 83' lang='lat' dir='ltr'>ficulneam</span> <span class='ocrx_word' id='word_1_81' title='bbox 625 1503 862 1566; x_wconf 86' lang='lat' dir='ltr'>infructuosam</span> <span class='ocrx_word' id='word_1_82' title='bbox 877 1500 1005 1564; x_wconf 88' lang='lat' dir='ltr'>abscidi</span> <span class='ocrx_word' id='word_1_83' title='bbox 1023 1510 1055 1564; x_wconf 87' lang='lat' dir='ltr'>et</span> <span class='ocrx_word' id='word_1_84' title='bbox 1071 1511 1140 1564; x_wconf 87' lang='lat' dir='ltr'>tan-</span> 
     </span>
     <span class='ocr_line' id='line_1_12' title="bbox 27 1597 1139 1685; baseline -0.002 -23"><span class='ocrx_word' id='word_1_85' title='bbox 27 1623 115 1684; x_wconf 85' lang='lat' dir='ltr'>quam</span> <span class='ocrx_word' id='word_1_86' title='bbox 149 1612 275 1664; x_wconf 89' lang='lat' dir='ltr'>stereus</span> <span class='ocrx_word' id='word_1_87' title='bbox 309 1601 349 1664; x_wconf 94' lang='lat' dir='ltr'>de</span> <span class='ocrx_word' id='word_1_88' title='bbox 380 1599 477 1664; x_wconf 90' lang='lat' dir='ltr'>domo</span> <span class='ocrx_word' id='word_1_89' title='bbox 502 1601 565 1664; x_wconf 88' lang='lat' dir='ltr'>Dei</span> <span class='ocrx_word' id='word_1_90' title='bbox 599 1600 713 1685; x_wconf 87' lang='lat' dir='ltr'>procul</span> <span class='ocrx_word' id='word_1_91' title='bbox 743 1599 861 1684; x_wconf 85' lang='lat' dir='ltr'>expelli</span> <span class='ocrx_word' id='word_1_92' title='bbox 895 1609 1057 1683; x_wconf 85' lang='lat' dir='ltr'>oporteret</span> <span class='ocrx_word' id='word_1_93' title='bbox 1086 1597 1139 1662; x_wconf 81' lang='lat' dir='ltr'>uel</span> 
     </span>
     <span class='ocr_line' id='line_1_13' title="bbox 27 1697 1140 1784; baseline -0.001 -25"><span class='ocrx_word' id='word_1_94' title='bbox 27 1700 126 1780; x_wconf 82' lang='lat' dir='ltr'>ctiam,</span> <span class='ocrx_word' id='word_1_95' title='bbox 151 1701 182 1762; x_wconf 82' lang='lat' dir='ltr'>si</span> <span class='ocrx_word' id='word_1_96' title='bbox 196 1697 325 1784; x_wconf 78' lang='lat' dir='ltr'>Serqius</span> <span class='ocrx_word' id='word_1_97' title='bbox 342 1709 440 1784; x_wconf 82' lang='lat' dir='ltr'>peter</span> <span class='ocrx_word' id='word_1_98' title='bbox 463 1699 583 1762; x_wconf 81' lang='lat' dir='ltr'>duobus</span> <span class='ocrx_word' id='word_1_99' title='bbox 600 1697 772 1762; x_wconf 78' lang='lat' dir='ltr'>uiuentibus</span> <span class='ocrx_word' id='word_1_100' title='bbox 787 1697 971 1782; x_wconf 81' lang='lat' dir='ltr'>apostolicis</span> <span class='ocrx_word' id='word_1_101' title='bbox 988 1699 1140 1762; x_wconf 72' lang='lat' dir='ltr'>teutonica</span> 
     </span>
     <span class='ocr_line' id='line_1_14' title="bbox 28 1796 1140 1884; baseline 0 -28"><span class='ocrx_word' id='word_1_102' title='bbox 28 1799 206 1860; x_wconf 72' lang='lat' dir='ltr'>auctoritate</span> <span class='ocrx_word' id='word_1_103' title='bbox 221 1799 437 1884; x_wconf 82' lang='lat' dir='ltr'>superpositos</span> <span class='ocrx_word' id='word_1_104' title='bbox 454 1807 509 1874; x_wconf 85' lang='lat' dir='ltr'>est,</span> <span class='ocrx_word' id='word_1_105' title='bbox 535 1797 723 1860; x_wconf 87' lang='lat' dir='ltr'>evidentius</span> <span class='ocrx_word' id='word_1_106' title='bbox 740 1796 997 1877; x_wconf 77' lang='lat' dir='ltr'>claresceret.“²)</span> <span class='ocrx_word' id='word_1_107' title='bbox 1029 1796 1140 1858; x_wconf 86' lang='lat' dir='ltr'>Etiam</span> 
     </span>
     <span class='ocr_line' id='line_1_15' title="bbox 28 1894 1141 1980; baseline 0 -24"><span class='ocrx_word' id='word_1_108' title='bbox 28 1895 54 1956; x_wconf 90' lang='lat' dir='ltr'>in</span> <span class='ocrx_word' id='word_1_109' title='bbox 83 1895 268 1980; x_wconf 76' lang='lat' dir='ltr'>Appendice</span> <span class='ocrx_word' id='word_1_110' title='bbox 301 1894 344 1958; x_wconf 88' lang='lat' dir='ltr'>od</span> <span class='ocrx_word' id='word_1_111' title='bbox 377 1894 504 1960; x_wconf 84' lang='lat' dir='ltr'>libellos</span> <span class='ocrx_word' id='word_1_112' title='bbox 538 1895 683 1975; x_wconf 73' lang='lat' dir='ltr'>auxilii,</span> <span class='ocrx_word' id='word_1_113' title='bbox 724 1916 789 1979; x_wconf 90' lang='lat' dir='ltr'>qua</span> <span class='ocrx_word' id='word_1_114' title='bbox 823 1896 1009 1958; x_wconf 84' lang='lat' dir='ltr'>continetur</span> <span class='ocrx_word' id='word_1_115' title='bbox 1041 1895 1141 1956; x_wconf 84' lang='lat' dir='ltr'>series</span> 
     </span>
     <span class='ocr_line' id='line_1_16' title="bbox 29 1991 1141 2078; baseline 0.001 -26"><span class='ocrx_word' id='word_1_116' title='bbox 29 1991 235 2072; x_wconf 87' lang='lat' dir='ltr'>Pontificum,</span> <span class='ocrx_word' id='word_1_117' title='bbox 270 1993 326 2078; x_wconf 92' lang='lat' dir='ltr'>qui</span> <span class='ocrx_word' id='word_1_118' title='bbox 361 1991 438 2056; x_wconf 90' lang='lat' dir='ltr'>inde</span> <span class='ocrx_word' id='word_1_119' title='bbox 466 2017 486 2055; x_wconf 88' lang='lat' dir='ltr'>a</span> <span class='ocrx_word' id='word_1_120' title='bbox 515 2004 618 2056; x_wconf 88' lang='lat' dir='ltr'>morte</span> <span class='ocrx_word' id='word_1_121' title='bbox 642 1993 782 2057; x_wconf 77' lang='lat' dir='ltr'>Ioannis</span> <span class='ocrx_word' id='word_1_122' title='bbox 808 1991 890 2056; x_wconf 81' lang='lat' dir='ltr'>VIII</span> <span class='ocrx_word' id='word_1_123' title='bbox 913 1996 954 2073; x_wconf 75' lang='lat' dir='ltr'>(a.</span> <span class='ocrx_word' id='word_1_124' title='bbox 980 1991 1058 2076; x_wconf 73' lang='lat'>882)</span> <span class='ocrx_word' id='word_1_125' title='bbox 1083 2013 1141 2076; x_wconf 90' lang='lat' dir='ltr'>per</span> 
     </span>
     <span class='ocr_line' id='line_1_17' title="bbox 26 2088 1141 2176; baseline 0 -26"><span class='ocrx_word' id='word_1_126' title='bbox 26 2093 121 2154; x_wconf 78' lang='lat' dir='ltr'>annos</span> <span class='ocrx_word' id='word_1_127' title='bbox 145 2092 266 2176; x_wconf 86' lang='lat' dir='ltr'>viginti</span> <span class='ocrx_word' id='word_1_128' title='bbox 291 2112 349 2154; x_wconf 88' lang='lat' dir='ltr'>sex</span> <span class='ocrx_word' id='word_1_129' title='bbox 364 2089 534 2154; x_wconf 85' lang='lat' dir='ltr'>Ecclesiae</span> <span class='ocrx_word' id='word_1_130' title='bbox 549 2090 763 2175; x_wconf 84' lang='lat' dir='ltr'>praefuerunt</span> <span class='ocrx_word' id='word_1_131' title='bbox 777 2089 911 2154; x_wconf 90' lang='lat' dir='ltr'>dicitur:</span> <span class='ocrx_word' id='word_1_132' title='bbox 936 2089 1037 2169; x_wconf 88' lang='lat' dir='ltr'>„Post</span> <span class='ocrx_word' id='word_1_133' title='bbox 1051 2088 1141 2152; x_wconf 88' lang='lat' dir='ltr'>hune</span> 
     </span>
     <span class='ocr_line' id='line_1_18' title="bbox 26 2184 1142 2278; baseline -0.001 -29"><span class='ocrx_word' id='word_1_134' title='bbox 26 2210 147 2274; x_wconf 91' lang='lat' dir='ltr'>quoque</span> <span class='ocrx_word' id='word_1_135' title='bbox 177 2187 365 2252; x_wconf 85' lang='lat' dir='ltr'>Iohannem</span> <span class='ocrx_word' id='word_1_136' title='bbox 395 2187 471 2276; x_wconf 87' lang='lat' dir='ltr'>(IX)</span> <span class='ocrx_word' id='word_1_137' title='bbox 504 2189 567 2252; x_wconf 85' lang='lat' dir='ltr'>fuit</span> <span class='ocrx_word' id='word_1_138' title='bbox 594 2188 811 2259; x_wconf 79' lang='lat' dir='ltr'>Benedictus,</span> <span class='ocrx_word' id='word_1_139' title='bbox 845 2187 932 2252; x_wconf 85' lang='lat' dir='ltr'>filius</span> <span class='ocrx_word' id='word_1_140' title='bbox 960 2184 1142 2278; x_wconf 84' lang='lat' dir='ltr'>hlammali,</span> 
     </span>
     <span class='ocr_line' id='line_1_19' title="bbox 25 2284 1139 2372; baseline 0 -24"><span class='ocrx_word' id='word_1_141' title='bbox 25 2297 89 2368; x_wconf 88' lang='lat' dir='ltr'>post</span> <span class='ocrx_word' id='word_1_142' title='bbox 113 2287 203 2350; x_wconf 90' lang='lat' dir='ltr'>hunc</span> <span class='ocrx_word' id='word_1_143' title='bbox 228 2287 306 2370; x_wconf 86' lang='lat' dir='ltr'>Leo,</span> <span class='ocrx_word' id='word_1_144' title='bbox 327 2299 401 2372; x_wconf 83' lang='lat' dir='ltr'>post</span> <span class='ocrx_word' id='word_1_145' title='bbox 423 2287 501 2350; x_wconf 78' lang='lat' dir='ltr'>hone</span> <span class='ocrx_word' id='word_1_146' title='bbox 529 2286 771 2372; x_wconf 68' lang='lat' dir='ltr'>Christophoruc</span> <span class='ocrx_word' id='word_1_147' title='bbox 793 2288 932 2363; x_wconf 70' lang='lat' dir='ltr'>iutrooor,</span> <span class='ocrx_word' id='word_1_148' title='bbox 956 2293 1028 2370; x_wconf 91' lang='lat' dir='ltr'>post</span> <span class='ocrx_word' id='word_1_149' title='bbox 1052 2284 1139 2348; x_wconf 90' lang='lat' dir='ltr'>bunc</span> 
     </span>
     <span class='ocr_line' id='line_1_20' title="bbox 26 2383 1141 2470; baseline 0.003 -25"><span class='ocrx_word' id='word_1_150' title='bbox 26 2387 85 2466; x_wconf 76' lang='lat' dir='ltr'>istc,</span> <span class='ocrx_word' id='word_1_151' title='bbox 112 2387 170 2470; x_wconf 91' lang='lat' dir='ltr'>qui</span> <span class='ocrx_word' id='word_1_152' title='bbox 194 2383 350 2470; x_wconf 86' lang='lat' dir='ltr'>praesens</span> <span class='ocrx_word' id='word_1_153' title='bbox 365 2395 423 2464; x_wconf 89' lang='lat' dir='ltr'>est,</span> <span class='ocrx_word' id='word_1_154' title='bbox 448 2383 646 2468; x_wconf 81' lang='lat' dir='ltr'>Sergius“.³)</span> <span class='ocrx_word' id='word_1_155' title='bbox 671 2421 709 2432; x_wconf 85' lang='lat'>-</span> <span class='ocrx_word' id='word_1_156' title='bbox 731 2384 907 2468; x_wconf 82' lang='lat' dir='ltr'>Vulgarius</span> <span class='ocrx_word' id='word_1_157' title='bbox 924 2394 1033 2448; x_wconf 83' lang='lat' dir='ltr'>autern</span> <span class='ocrx_word' id='word_1_158' title='bbox 1052 2405 1141 2448; x_wconf 89' lang='lat' dir='ltr'>mau-</span> 
     </span>
     <span class='ocr_line' id='line_1_21' title="bbox 24 2481 1141 2568; baseline 0.003 -25"><span class='ocrx_word' id='word_1_159' title='bbox 24 2481 90 2546; x_wconf 80' lang='lat' dir='ltr'>dato</span> <span class='ocrx_word' id='word_1_160' title='bbox 118 2485 225 2567; x_wconf 76' lang='lat' dir='ltr'>b&#39;ergii</span> <span class='ocrx_word' id='word_1_161' title='bbox 250 2493 415 2568; x_wconf 88' lang='lat' dir='ltr'>postremo</span> <span class='ocrx_word' id='word_1_162' title='bbox 439 2482 582 2546; x_wconf 89' lang='lat' dir='ltr'>Leonem</span> <span class='ocrx_word' id='word_1_163' title='bbox 608 2492 640 2546; x_wconf 91' lang='lat' dir='ltr'>et</span> <span class='ocrx_word' id='word_1_164' title='bbox 655 2482 928 2568; x_wconf 78' lang='lat' dir='ltr'>Christopborum</span> <span class='ocrx_word' id='word_1_165' title='bbox 953 2485 1141 2548; x_wconf 82' lang='lat' dir='ltr'>interlectos</span> 
     </span>
     <span class='ocr_line' id='line_1_22' title="bbox 24 2581 1142 2666; baseline 0.004 -26"><span class='ocrx_word' id='word_1_166' title='bbox 24 2603 84 2644; x_wconf 78' lang='lat' dir='ltr'>csse</span> <span class='ocrx_word' id='word_1_167' title='bbox 109 2582 274 2666; x_wconf 87' lang='lat' dir='ltr'>perhibet,</span> <span class='ocrx_word' id='word_1_168' title='bbox 304 2581 470 2644; x_wconf 87' lang='lat' dir='ltr'>scribens:</span> <span class='ocrx_word' id='word_1_169' title='bbox 508 2581 698 2665; x_wconf 80' lang='lat' dir='ltr'>„Scriptum</span> <span class='ocrx_word' id='word_1_170' title='bbox 724 2582 812 2644; x_wconf 91' lang='lat' dir='ltr'>enim</span> <span class='ocrx_word' id='word_1_171' title='bbox 836 2591 900 2644; x_wconf 90' lang='lat' dir='ltr'>est:</span> <span class='ocrx_word' id='word_1_172' title='bbox 940 2582 1016 2644; x_wconf 84' lang='lat' dir='ltr'>Nou</span> <span class='ocrx_word' id='word_1_173' title='bbox 1033 2591 1142 2666; x_wconf 79' lang='lat' dir='ltr'>potest</span> 
     </span>
     <span class='ocr_line' id='line_1_23' title="bbox 21 2679 1141 2767; baseline 0.004 -30"><span class='ocrx_word' id='word_1_174' title='bbox 21 2679 148 2744; x_wconf 64' lang='lat' dir='ltr'>latumano</span> <span class='ocrx_word' id='word_1_175' title='bbox 166 2680 371 2744; x_wconf 77' lang='lat' dir='ltr'>condemnari</span> <span class='ocrx_word' id='word_1_176' title='bbox 386 2682 541 2758; x_wconf 79' lang='lat' dir='ltr'>examine,</span> <span class='ocrx_word' id='word_1_177' title='bbox 556 2701 644 2764; x_wconf 86' lang='lat' dir='ltr'>quem</span> <span class='ocrx_word' id='word_1_178' title='bbox 656 2679 742 2742; x_wconf 82' lang='lat' dir='ltr'>Deos</span> <span class='ocrx_word' id='word_1_179' title='bbox 757 2701 812 2742; x_wconf 81' lang='lat' dir='ltr'>eoo</span> <span class='ocrx_word' id='word_1_180' title='bbox 829 2679 1141 2767; x_wconf 82' lang='lat' dir='ltr'>reeeroooitjudicio.</span> 
     </span>
     <span class='ocr_line' id='line_1_24' title="bbox 25 2775 1139 2861; baseline 0.003 -24"><span class='ocrx_word' id='word_1_181' title='bbox 25 2779 108 2854; x_wconf 69' lang='lat' dir='ltr'>Quoue</span> <span class='ocrx_word' id='word_1_182' title='bbox 133 2800 188 2841; x_wconf 90' lang='lat' dir='ltr'>res</span> <span class='ocrx_word' id='word_1_183' title='bbox 211 2777 294 2840; x_wconf 87' lang='lat' dir='ltr'>adeo</span> <span class='ocrx_word' id='word_1_184' title='bbox 320 2777 426 2856; x_wconf 88' lang='lat' dir='ltr'>viluit,</span> <span class='ocrx_word' id='word_1_185' title='bbox 452 2788 577 2841; x_wconf 90' lang='lat' dir='ltr'>utnon</span> <span class='ocrx_word' id='word_1_186' title='bbox 602 2775 706 2840; x_wconf 87' lang='lat' dir='ltr'>solum</span> <span class='ocrx_word' id='word_1_187' title='bbox 732 2798 799 2840; x_wconf 90' lang='lat' dir='ltr'>nou</span> <span class='ocrx_word' id='word_1_188' title='bbox 823 2776 1057 2861; x_wconf 83' lang='lat' dir='ltr'>dijudicentur,</span> <span class='ocrx_word' id='word_1_189' title='bbox 1083 2777 1139 2840; x_wconf 85' lang='lat' dir='ltr'>sed</span> 
     </span>
     <span class='ocr_line' id='line_1_25' title="bbox 23 2873 1140 2960; baseline 0.003 -26"><span class='ocrx_word' id='word_1_190' title='bbox 23 2878 112 2940; x_wconf 76' lang='lat' dir='ltr'>ctiam</span> <span class='ocrx_word' id='word_1_191' title='bbox 143 2874 267 2939; x_wconf 85' lang='lat' dir='ltr'>acerba</span> <span class='ocrx_word' id='word_1_192' title='bbox 295 2886 328 2938; x_wconf 90' lang='lat' dir='ltr'>et</span> <span class='ocrx_word' id='word_1_193' title='bbox 355 2874 488 2960; x_wconf 85' lang='lat' dir='ltr'>publiea</span> <span class='ocrx_word' id='word_1_194' title='bbox 518 2874 679 2938; x_wconf 90' lang='lat' dir='ltr'>seditione</span> <span class='ocrx_word' id='word_1_195' title='bbox 704 2873 1027 2959; x_wconf 85' lang='lat' dir='ltr'>comprehendantur</span> <span class='ocrx_word' id='word_1_196' title='bbox 1051 2876 1140 2938; x_wconf 91' lang='lat' dir='ltr'>etin</span> 
     </span>
     <span class='ocr_line' id='line_1_26' title="bbox 23 2971 1140 3058; baseline 0.001 -23"><span class='ocrx_word' id='word_1_197' title='bbox 23 2973 93 3037; x_wconf 72' lang='lat' dir='ltr'>reali</span> <span class='ocrx_word' id='word_1_198' title='bbox 110 2995 246 3037; x_wconf 87' lang='lat' dir='ltr'>carcere</span> <span class='ocrx_word' id='word_1_199' title='bbox 261 2973 518 3058; x_wconf 84' lang='lat' dir='ltr'>proscribantur,</span> <span class='ocrx_word' id='word_1_200' title='bbox 538 2973 641 3036; x_wconf 88' lang='lat' dir='ltr'>donee</span> <span class='ocrx_word' id='word_1_201' title='bbox 658 2971 769 3036; x_wconf 88' lang='lat' dir='ltr'>subtili</span> <span class='ocrx_word' id='word_1_202' title='bbox 788 2983 973 3036; x_wconf 89' lang='lat' dir='ltr'>commento</span> <span class='ocrx_word' id='word_1_203' title='bbox 991 2973 1140 3036; x_wconf 85' lang='lat' dir='ltr'>factioso-</span> 
     </span>
     <span class='ocr_line' id='line_1_27' title="bbox 22 3070 1139 3153; baseline 0.004 -23"><span class='ocrx_word' id='word_1_204' title='bbox 22 3093 77 3153; x_wconf 91' lang='lat' dir='ltr'>que</span> <span class='ocrx_word' id='word_1_205' title='bbox 108 3082 189 3136; x_wconf 89' lang='lat' dir='ltr'>actu</span> <span class='ocrx_word' id='word_1_206' title='bbox 222 3072 436 3136; x_wconf 82' lang='lat' dir='ltr'>carnificinus</span> <span class='ocrx_word' id='word_1_207' title='bbox 460 3093 573 3134; x_wconf 91' lang='lat' dir='ltr'>eorum</span> <span class='ocrx_word' id='word_1_208' title='bbox 598 3072 749 3134; x_wconf 90' lang='lat' dir='ltr'>interitus</span> <span class='ocrx_word' id='word_1_209' title='bbox 774 3070 998 3148; x_wconf 84' lang='lat' dir='ltr'>machinetur,</span> <span class='ocrx_word' id='word_1_210' title='bbox 1030 3081 1139 3134; x_wconf 89' lang='lat' dir='ltr'>utrum</span> 
     </span>
     <span class='ocr_line' id='line_1_28' title="bbox 21 3167 1141 3254; baseline 0.003 -25"><span class='ocrx_word' id='word_1_211' title='bbox 21 3167 186 3233; x_wconf 84' lang='lat' dir='ltr'>eliminato</span> <span class='ocrx_word' id='word_1_212' title='bbox 211 3170 311 3234; x_wconf 85' lang='lat' dir='ltr'>exilio</span> <span class='ocrx_word' id='word_1_213' title='bbox 336 3193 378 3232; x_wconf 87' lang='lat' dir='ltr'>au</span> <span class='ocrx_word' id='word_1_214' title='bbox 403 3170 530 3234; x_wconf 79' lang='lat' dir='ltr'>concito</span> <span class='ocrx_word' id='word_1_215' title='bbox 556 3171 668 3250; x_wconf 84' lang='lat' dir='ltr'>exiti0,</span> <span class='ocrx_word' id='word_1_216' title='bbox 694 3168 774 3253; x_wconf 90' lang='lat' dir='ltr'>quid</span> <span class='ocrx_word' id='word_1_217' title='bbox 798 3191 897 3254; x_wconf 87' lang='lat' dir='ltr'>super</span> <span class='ocrx_word' id='word_1_218' title='bbox 921 3168 971 3232; x_wconf 89' lang='lat' dir='ltr'>bis</span> <span class='ocrx_word' id='word_1_219' title='bbox 988 3171 1141 3252; x_wconf 83' lang='lat' dir='ltr'>situgeu-</span> 
     </span>
     <span class='ocr_line' id='line_1_29' title="bbox 21 3264 1140 3352; baseline 0.002 -26"><span class='ocrx_word' id='word_1_220' title='bbox 21 3264 92 3329; x_wconf 91' lang='lat' dir='ltr'>dum</span> <span class='ocrx_word' id='word_1_221' title='bbox 128 3267 379 3333; x_wconf 88' lang='lat' dir='ltr'>determinetur.</span> <span class='ocrx_word' id='word_1_222' title='bbox 428 3267 525 3348; x_wconf 80' lang='lat' dir='ltr'>Quod</span> <span class='ocrx_word' id='word_1_223' title='bbox 550 3290 657 3352; x_wconf 88' lang='lat' dir='ltr'>nuper</span> <span class='ocrx_word' id='word_1_224' title='bbox 680 3267 721 3330; x_wconf 82' lang='lat' dir='ltr'>clo</span> <span class='ocrx_word' id='word_1_225' title='bbox 745 3267 857 3331; x_wconf 91' lang='lat' dir='ltr'>Leone</span> <span class='ocrx_word' id='word_1_226' title='bbox 882 3281 914 3329; x_wconf 91' lang='lat' dir='ltr'>et</span> <span class='ocrx_word' id='word_1_227' title='bbox 938 3266 1140 3330; x_wconf 75' lang='lat' dir='ltr'>Christol&#39;oro</span> 
     </span>
     <span class='ocr_line' id='line_1_30' title="bbox 20 3365 1140 3451; baseline 0.003 -27"><span class='ocrx_word' id='word_1_228' title='bbox 20 3368 115 3429; x_wconf 84' lang='lat' dir='ltr'>sacris</span> <span class='ocrx_word' id='word_1_229' title='bbox 141 3366 331 3451; x_wconf 86' lang='lat' dir='ltr'>apostolicis</span> <span class='ocrx_word' id='word_1_230' title='bbox 355 3377 465 3430; x_wconf 82' lang='lat' dir='ltr'>aetum</span> <span class='ocrx_word' id='word_1_231' title='bbox 491 3376 576 3430; x_wconf 88' lang='lat' dir='ltr'>totus</span> <span class='ocrx_word' id='word_1_232' title='bbox 602 3365 745 3428; x_wconf 89' lang='lat' dir='ltr'>mundus</span> <span class='ocrx_word' id='word_1_233' title='bbox 768 3367 981 3430; x_wconf 86' lang='lat' dir='ltr'>contremuit:</span> <span class='ocrx_word' id='word_1_234' title='bbox 1007 3365 1140 3450; x_wconf 84' lang='lat' dir='ltr'>quando</span> 
     </span>
     <span class='ocr_line' id='line_1_31' title="bbox 21 3463 1141 3550; baseline 0.001 -27"><span class='ocrx_word' id='word_1_235' title='bbox 21 3463 111 3526; x_wconf 77' lang='lat' dir='ltr'>simul</span> <span class='ocrx_word' id='word_1_236' title='bbox 137 3476 204 3528; x_wconf 85' lang='lat' dir='ltr'>tres</span> <span class='ocrx_word' id='word_1_237' title='bbox 227 3463 441 3529; x_wconf 83' lang='lat' dir='ltr'>luctabantur</span> <span class='ocrx_word' id='word_1_238' title='bbox 464 3464 645 3549; x_wconf 83' lang='lat' dir='ltr'>apostolici,</span> <span class='ocrx_word' id='word_1_239' title='bbox 672 3486 811 3550; x_wconf 90' lang='lat' dir='ltr'>quorum</span> <span class='ocrx_word' id='word_1_240' title='bbox 837 3486 922 3527; x_wconf 91' lang='lat' dir='ltr'>uuus</span> <span class='ocrx_word' id='word_1_241' title='bbox 947 3464 1002 3548; x_wconf 91' lang='lat' dir='ltr'>qui</span> <span class='ocrx_word' id='word_1_242' title='bbox 1027 3463 1141 3525; x_wconf 83' lang='lat' dir='ltr'>sortior</span> 
     </span>
     <span class='ocr_line' id='line_1_32' title="bbox 21 3559 1141 3648; baseline 0.002 -28"><span class='ocrx_word' id='word_1_243' title='bbox 21 3562 159 3648; x_wconf 73' lang='lat' dir='ltr'>reliquos</span> <span class='ocrx_word' id='word_1_244' title='bbox 184 3562 266 3626; x_wconf 91' lang='lat' dir='ltr'>duro</span> <span class='ocrx_word' id='word_1_245' title='bbox 292 3562 430 3626; x_wconf 85' lang='lat' dir='ltr'>domans</span> <span class='ocrx_word' id='word_1_246' title='bbox 453 3562 616 3646; x_wconf 83' lang='lat' dir='ltr'>ergastulo</span> <span class='ocrx_word' id='word_1_247' title='bbox 642 3564 746 3625; x_wconf 84' lang='lat' dir='ltr'>vitum</span> <span class='ocrx_word' id='word_1_248' title='bbox 771 3583 883 3626; x_wconf 90' lang='lat' dir='ltr'>eorum</span> <span class='ocrx_word' id='word_1_249' title='bbox 910 3559 1012 3623; x_wconf 83' lang='lat' dir='ltr'>crudo</span> <span class='ocrx_word' id='word_1_250' title='bbox 1037 3582 1141 3623; x_wconf 87' lang='lat' dir='ltr'>ruore·</span> 
     </span>
     <span class='ocr_line' id='line_1_33' title="bbox 22 3659 1138 3742; baseline 0.001 -24"><span class='ocrx_word' id='word_1_251' title='bbox 22 3661 142 3724; x_wconf 86' lang='lat' dir='ltr'>rutione</span> <span class='ocrx_word' id='word_1_252' title='bbox 168 3659 317 3742; x_wconf 84' lang='lat' dir='ltr'>decoxit,</span> <span class='ocrx_word' id='word_1_253' title='bbox 351 3683 389 3722; x_wconf 86' lang='lat' dir='ltr'>ae</span> <span class='ocrx_word' id='word_1_254' title='bbox 413 3659 547 3730; x_wconf 85' lang='lat' dir='ltr'>taudem</span> <span class='ocrx_word' id='word_1_255' title='bbox 574 3662 749 3724; x_wconf 85' lang='lat' dir='ltr'>miseratus</span> <span class='ocrx_word' id='word_1_256' title='bbox 774 3659 845 3722; x_wconf 90' lang='lat' dir='ltr'>diro</span> <span class='ocrx_word' id='word_1_257' title='bbox 871 3661 1027 3742; x_wconf 79' lang='lat' dir='ltr'>martyrio</span> <span class='ocrx_word' id='word_1_258' title='bbox 1052 3659 1138 3720; x_wconf 86' lang='lat' dir='ltr'>tiuiri</span> 
     </span>
     <span class='ocr_line' id='line_1_34' title="bbox 20 3756 1139 3843; baseline 0.005 -32"><span class='ocrx_word' id='word_1_259' title='bbox 20 3757 193 3843; x_wconf 75' lang='lat' dir='ltr'>compulit,</span> <span class='ocrx_word' id='word_1_260' title='bbox 228 3767 261 3820; x_wconf 88' lang='lat' dir='ltr'>et</span> <span class='ocrx_word' id='word_1_261' title='bbox 284 3757 326 3820; x_wconf 84' lang='lat' dir='ltr'>ab</span> <span class='ocrx_word' id='word_1_262' title='bbox 352 3759 426 3820; x_wconf 85' lang='lat' dir='ltr'>iruis</span> <span class='ocrx_word' id='word_1_263' title='bbox 451 3756 604 3821; x_wconf 86' lang='lat' dir='ltr'>medullis</span> <span class='ocrx_word' id='word_1_264' title='bbox 629 3757 776 3820; x_wconf 87' lang='lat' dir='ltr'>dolentes</span> <span class='ocrx_word' id='word_1_265' title='bbox 800 3759 928 3821; x_wconf 85' lang='lat' dir='ltr'>animas</span> <span class='ocrx_word' id='word_1_266' title='bbox 952 3757 1139 3841; x_wconf 86' lang='lat' dir='ltr'>extorqueri</span> 
     </span>
    </p>
   </div>
   <div class='ocr_carea' id='block_1_3' title="bbox 1168 810 1288 854">
    <p class='ocr_par' dir='ltr' id='par_1_3' title="bbox 1168 810 1288 854">
     <span class='ocr_line' id='line_1_35' title="bbox 1168 810 1288 854; baseline -0.025 0"><span class='ocrx_word' id='word_1_267' title='bbox 1168 810 1250 854; x_wconf 77' lang='lat' dir='ltr'>huxilii</span> <span class='ocrx_word' id='word_1_268' title='bbox 1265 811 1288 851; x_wconf 72' lang='lat' dir='ltr'>et</span> 
     </span>
    </p>
   </div>
   <div class='ocr_carea' id='block_1_4' title="bbox 29 3919 229 3929">
    <p class='ocr_par' dir='ltr' id='par_1_4' title="bbox 29 3919 229 3929">
     <span class='ocr_line' id='line_1_36' title="bbox 29 3919 229 3929; baseline -0.015 1"><span class='ocrx_word' id='word_1_269' title='bbox 29 3921 39 3926; x_wconf 88' lang='lat'><em>-</em></span> <span class='ocrx_word' id='word_1_270' title='bbox 54 3923 138 3929; x_wconf 47' lang='lat'>-----</span> <span class='ocrx_word' id='word_1_271' title='bbox 139 3919 229 3928; x_wconf 73' lang='lat'><em>-.-.·-</em></span> 
     </span>
    </p>
   </div>
   <div class='ocr_carea' id='block_1_5' title="bbox 20 4010 1141 4166">
    <p class='ocr_par' dir='ltr' id='par_1_5' title="bbox 20 4010 1141 4166">
     <span class='ocr_line' id='line_1_37' title="bbox 88 4010 1141 4082; baseline -0.007 -12"><span class='ocrx_word' id='word_1_272' title='bbox 88 4017 108 4078; x_wconf 73' lang='lat'>¹)</span> <span class='ocrx_word' id='word_1_273' title='bbox 130 4015 269 4070; x_wconf 80' lang='lat' dir='ltr'>huxiiii&#39;</span> <span class='ocrx_word' id='word_1_274' title='bbox 263 4031 291 4068; x_wconf 89' lang='grc' dir='ltr'>ιιι</span> <span class='ocrx_word' id='word_1_275' title='bbox 317 4013 497 4068; x_wconf 81' lang='lat' dir='ltr'>defensionem</span> <span class='ocrx_word' id='word_1_276' title='bbox 517 4029 608 4068; x_wconf 81' lang='lat' dir='ltr'>sacrae</span> <span class='ocrx_word' id='word_1_277' title='bbox 628 4013 805 4068; x_wconf 80' lang='lat' dir='ltr'>ordinationis</span> <span class='ocrx_word' id='word_1_278' title='bbox 825 4029 909 4082; x_wconf 80' lang='lat' dir='ltr'>pupae</span> <span class='ocrx_word' id='word_1_279' title='bbox 929 4013 1048 4066; x_wconf 82' lang='lat' dir='ltr'>lorurosi</span> <span class='ocrx_word' id='word_1_280' title='bbox 1067 4010 1141 4065; x_wconf 90' lang='lat' dir='ltr'>libel·</span> 
     </span>
     <span class='ocr_line' id='line_1_38' title="bbox 20 4091 890 4166; baseline 0.002 -22"><span class='ocrx_word' id='word_1_281' title='bbox 20 4093 98 4149; x_wconf 81' lang='lat' dir='ltr'>lusI.</span> <span class='ocrx_word' id='word_1_282' title='bbox 117 4114 140 4152; x_wconf 94' lang='lat' dir='ltr'>c</span> <span class='ocrx_word' id='word_1_283' title='bbox 158 4093 605 4166; x_wconf 74' lang='lat' dir='ltr'>1;sp.nu1n1n1er,uuxruusu.</span> <span class='ocrx_word' id='word_1_284' title='bbox 626 4093 826 4162; x_wconf 73' lang='lat' dir='ltr'>Vulgariusp</span> <span class='ocrx_word' id='word_1_285' title='bbox 847 4091 890 4146; x_wconf 88' lang='lat'>60.</span> 
     </span>
    </p>
   </div>
   <div class='ocr_carea' id='block_1_6' title="bbox 89 4159 1140 4344">
    <p class='ocr_par' dir='ltr' id='par_1_6' title="bbox 92 4159 1140 4344">
     <span class='ocr_line' id='line_1_39' title="bbox 92 4159 1140 4300; baseline -0.01 -57"><span class='ocrx_word' id='word_1_286' title='bbox 92 4189 114 4254; x_wconf 78' lang='lat'>²)</span> <span class='ocrx_word' id='word_1_287' title='bbox 131 4187 165 4242; x_wconf 89' lang='lat' dir='ltr'>Iu</span> <span class='ocrx_word' id='word_1_288' title='bbox 185 4183 368 4243; x_wconf 75' lang='lat' dir='ltr'>defensionem</span> <span class='ocrx_word' id='word_1_289' title='bbox 387 4179 563 4239; x_wconf 71' lang='lat' dir='ltr'>erenbertus</span> <span class='ocrx_word' id='word_1_290' title='bbox 583 4183 619 4237; x_wconf 88' lang='grc' dir='ltr'>ΙΙ.</span> <span class='ocrx_word' id='word_1_291' title='bbox 640 4202 659 4238; x_wconf 88' lang='lat' dir='ltr'>e</span> <span class='ocrx_word' id='word_1_292' title='bbox 681 4184 734 4247; x_wconf 75' lang='grc' dir='ltr'>ΙΙ,</span> <span class='ocrx_word' id='word_1_293' title='bbox 759 4200 800 4252; x_wconf 85' lang='lat' dir='ltr'>ap</span> <span class='ocrx_word' id='word_1_294' title='bbox 821 4159 998 4300; x_wconf 77' lang='lat' dir='ltr'>Dhrnruleil.</span> <span class='ocrx_word' id='word_1_295' title='bbox 1013 4199 1034 4236; x_wconf 89' lang='lat' dir='ltr'>e</span> <span class='ocrx_word' id='word_1_296' title='bbox 1054 4199 1078 4250; x_wconf 86' lang='lat' dir='ltr'>p.</span> <span class='ocrx_word' id='word_1_297' title='bbox 1097 4183 1140 4235; x_wconf 90' lang='grc'>86</span> 
     </span>
     <span class='ocr_line' id='line_1_40' title="bbox 89 4275 1116 4344; baseline -0.018 -13.805"><span class='ocrx_word' id='word_1_298' title='bbox 89 4275 453 4344; x_wconf 59' lang='grc' dir='ltr'>1)Ι)ι“ιιιιιιι1οι1.ο.,ριιό</span> <span class='ocrx_word' id='word_1_299' title='bbox 1030 4302 1034 4313; x_wconf 50' lang='lat'>1</span> <span class='ocrx_word' id='word_1_300' title='bbox 1111 4303 1116 4312; x_wconf 91' lang='lat'><strong>.</strong></span> 
     </span>
    </p>
   </div>
   <div class='ocr_carea' id='block_1_7' title="bbox 0 0 1454 4836">
    <p class='ocr_par' dir='ltr' id='par_1_7' title="bbox 0 0 1454 4836">
     <span class='ocr_line' id='line_1_41' title="bbox 0 0 1454 4836; baseline 0 1"><span class='ocrx_word' id='word_1_301' title='bbox 0 0 1454 4836; x_wconf 95' lang='lat' dir='ltr'> </span> 
     </span>
    </p>
   </div>
  </div>
 </body>
</html>
