2932 4836
398 463 511 551 Phasias
529 493 794 566 pseudopatriarcha.
1104 495 1156 552 aas

59 649 109 716 tas,
130 651 157 702 et
176 639 256 726 quod
268 641 358 704 Dens
376 641 497 719 statuit,
517 602 651 723 innam,
675 639 874 724 validamque
891 640 1042 704 emnistit
1083 639 1156 704 Ille·

57 758 105 820 qae
120 737 313 821 potissimam
330 745 458 822 peccat,
489 739 543 824 qai
566 738 630 802 Dei
652 737 851 802 ordinationi
880 739 1024 802 resistere
1048 747 1156 801 tentat.

59 833 226 920 Priuileqio,
249 836 397 919 inquam,
428 837 521 900 istic-s
544 835 629 900 sedis
651 833 700 899 vet
723 834 869 898 ecclesiae
889 845 1045 950 perpensa
1069 847 1158 913 eant;

56 929 191 995 tisana
224 931 393 996 radicata
409 944 502 1018 atqne
530 929 688 1020 peameca
721 943 810 1012 aant;
848 934 991 1020 impinqi
1010 945 1156 1020 poseant,

59 1027 212 1113 transferri
239 1052 303 1094 non
328 1041 481 1115 poseant;
516 1032 600 1095 tradi
623 1041 776 1117 poscant,
813 1027 904 1094 evelli
931 1053 995 1118 non
1012 1043 1157 1116 poseant.

59 1123 133 1196 Quae
154 1137 226 1190 ante
249 1129 415 1213 imperinm
428 1139 562 1192 ceennm
576 1127 715 1214 fecerant
737 1138 767 1192 et
783 1139 982 1214 pennanent,
1006 1129 1074 1192 Deo
1088 1151 1158 1214 qra-

56 1225 124 1300 tias,
154 1225 301 1290 tamenne
325 1222 470 1308 illibata,
506 1227 732 1312 manebantque
751 1236 826 1314 post
847 1248 917 1305 eoa,
953 1236 982 1288 et
1004 1247 1159 1312 quousque

56 1321 243 1384 &medanam
273 1345 384 1386 nomen
409 1325 634 1411 praedicatum
655 1325 778 1410 snserit,
814 1324 875 1388 itta
903 1324 1070 1388 subsistere
1096 1345 1160 1388 non

54 1417 202 1482 assabant
238 1421 439 1486 immutilata.
493 1423 562 1486 ista
590 1423 689 1509 iqitar
719 1422 892 1508 privileqia
929 1423 998 1486 duic
1032 1433 1160 1486 sanctae

55 1513 184 1580 aetesiae
208 1541 230 1580 a
258 1515 384 1582 Christo
408 1519 547 1598 donata,
578 1543 599 1583 a
622 1521 751 1604 nneodis
773 1541 837 1584 noa
861 1519 982 1584 donata
1011 1520 1067 1584 sed
1089 1524 1161 1610 jam

53 1612 229 1680 solumnodo
259 1613 418 1680 mledrata
440 1627 471 1680 et
492 1627 660 1695 cementa,
685 1641 747 1704 per
776 1641 855 1703 qnae
885 1640 947 1682 non
976 1629 1040 1682 tam
1062 1619 1161 1682 donor

54 1733 133 1793 qssam
155 1735 234 1776 onus
257 1713 348 1779 nodis
370 1713 537 1795 incumbit,
569 1716 641 1779 ticet
663 1717 766 1802 speum
789 1717 933 1780 honorem
955 1739 1019 1780 non
1041 1717 1161 1780 meritas

56 1812 173 1887 nom,
206 1811 265 1874 aad
288 1811 488 1876 ordinatione
511 1815 635 1897 qratiac
659 1814 722 1877 Dei
748 1837 808 1899 per
829 1812 952 1876 beatam
975 1813 1099 1876 Pennana
1133 1823 1162 1876 et

55 1907 82 1966 in
101 1905 185 1971 danto
210 1909 305 1972 Petro
335 1911 429 1974 simois
455 1910 582 1997 adepti,
612 1933 671 1974 nos
694 1921 805 1995 coynnt
836 1933 951 1996 nosque
974 1909 1162 1999 compellant

52 2005 174 2068 onnam
196 2005 311 2071 tatae
335 2007 580 2072 solticitudinem
603 2009 802 2074 ecclesiaram
825 2009 897 2072 Dei.
905 2007 928 2093 ¹)

129 2139 181 2202 49.
206 2135 275 2202 Sed
299 2149 335 2204 ut
351 2141 537 2206 ostenderet
552 2142 716 2224 Pontifex,
742 2149 943 2228 quantopere
960 2139 1161 2206 desideraret
1202 2148 1298 2192 Marwa

53 2235 131 2313 pacis
153 2244 185 2299 et
210 2237 407 2302 concordiae
431 2241 713 2321 restaurationem,
738 2249 947 2324 separatum
972 2236 1108 2302 exhibet
1125 2248 1161 2302 ut
1182 2221 1258 2252 Μ
1209 2222 1323 2314 ’3ιῦ

54 2327 159 2412 Ignatii
185 2345 219 2397 et
235 2334 346 2398 Photii
372 2357 507 2400 causam
530 2358 616 2401 novo
641 2338 787 2400 examini
813 2335 978 2422 subjiciat.
1021 2334 1085 2400 Sed
1107 2337 1161 2399 doc

52 2431 206 2495 seeundum
230 2433 470 2515 indadqentiam,
495 2435 612 2520 inquit,
636 2435 841 2512 concedimus,
864 2456 930 2497 non
952 2433 1112 2498 licentiam
1127 2434 1163 2497 iat

52 2524 199 2608 efficiendi
231 2553 295 2616 pro
332 2529 422 2595 libito
455 2530 620 2621 cujuslibet
659 2531 833 2597 tribuimus.
884 2529 938 2594 Ab
971 2529 1161 2616 Apostolica

54 2623 125 2688 tede
148 2627 308 2692 videlicet
330 2627 490 2714 appellari
511 2651 577 2694 non
592 2651 696 2715 posse,
722 2629 868 2694 sedeam
885 2651 954 2694 esse
971 2651 1162 2714 supremum

54 2721 205 2804 tribunal,
232 2729 312 2790 scite
336 2727 573 2791 animadvertit
596 2739 629 2791 et
651 2725 778 2813 probat.
825 2725 985 2813 Propanit
1008 2729 1109 2812 igitur
1132 2739 1164 2792 et

55 2832 166 2906 monet,
202 2834 240 2887 ut
264 2823 414 2910 [gnatius
447 2835 479 2889 et
502 2825 640 2891 Photius
662 2826 803 2891 Romam
827 2829 964 2889 veniant
995 2824 1039 2888 ad
1071 2847 1162 2889 reno-

53 2919 187 2984 vandum
232 2944 351 2986 causae
390 2945 549 3004 examen,
592 2925 690 3010 idque
726 2924 842 2988 merito
878 2945 898 2986 a
937 2945 971 2987 se
1005 2921 1162 3007 postulari

51 3017 184 3084 ostendit
208 3020 361 3106 exemplo
376 3020 458 3086 Jutii
474 3021 656 3105 Pontificis,
681 3023 737 3108 qui
760 3020 927 3108 qnondam
942 3019 1162 3085 Athanasium

52 3127 79 3175 st
99 3116 306 3182 adversarios
330 3119 401 3206 ejus
425 3119 563 3183 Romam
588 3121 772 3184 accersivit.
819 3119 884 3185 Sed
909 3121 935 3182 si
958 3119 1107 3204 Ignatius
1131 3128 1164 3181 et

54 3210 178 3279 Photius
203 3217 318 3280 venire
341 3226 516 3302 nequeant,
545 3218 727 3304 acquiescit
749 3227 787 3280 ut
809 3216 957 3302 deputati
980 3218 1162 3298 mittantur,

52 3322 79 3370 et
106 3314 243 3397 quinam
277 3336 318 3377 ex
342 3325 436 3400 parte
459 3313 580 3400 ¹Ignatii
606 3313 770 3399 dirigendi
802 3317 868 3379 sint
890 3313 1029 3379 Romam
1061 3315 1162 3379 deter-

54 3409 155 3475 minat.
195 3411 306 3491 Porro,
331 3411 458 3494 scribit,
483 3414 512 3476 si
534 3415 640 3477 venire
663 3413 718 3477 iili
734 3435 796 3499 pen
818 3435 850 3476 se
873 3423 1036 3499 nequeant,
1054 3413 1162 3499 pmcne

51 3507 166 3588 quidem
198 3511 265 3596 ipsi
295 3514 384 3597 cujas
406 3512 455 3574 rei
477 3534 575 3574 caasa
606 3513 712 3576 venire
741 3533 806 3575 non
828 3509 951 3590 nalem,
986 3511 1075 3574 nodia
1101 3533 1165 3596 per

52 3605 281 3690 satisfactorias
304 3631 379 3672 enas
402 3607 527 3673 litteras
549 3609 698 3673 indicent.
745 3608 871 3672 Deinde
903 3609 1033 3672 veniant
1055 3607 1094 3671 de
1115 3607 1164 3672 ta's

52 3704 100 3786 qni
120 3729 187 3768 cam
212 3704 412 3794 &cassano
441 3704 593 3793 Greqoric
618 3716 692 3770 eant
714 3715 862 3792 qaotqcot
883 3705 1053 3782 voluerint,
1082 3705 1164 3768 vices

51 3811 236 3868 caeterorum
260 3814 396 3868 tenentes
418 3805 474 3889 qai
496 3814 569 3868 esent
591 3805 694 3890 ipsius
710 3805 830 3890 paras.
873 3803 1047 3868 Mittantur
1070 3803 1164 3866 etiam

52 3896 87 3959 de
116 3912 213 3986 parte
248 3902 369 3986 anatii
407 3901 636 3988 archiepiscopi
670 3902 814 3988 qnidam,
854 3899 1012 3966 Antonine
1050 3897 1163 3987 Cyzici,

52 3995 189 4064 Basilim
222 3998 486 4078 Thessalonicae,
522 3997 749 4064 Constantinus
777 4001 945 4077 Larissae,
983 3997 1165 4062 Theodorus

62 4167 255 4182 '--——--—

122 4263 144 4332 ¹)
160 4265 247 4332 Epist.
265 4267 315 4333 8¹,
333 4263 423 4320 Iaabbe
441 4263 516 4317 VIII.
535 4265 597 4320 314.
