2904 4834
296 489 350 544 390
613 485 701 600 XYII.
739 491 779 546 De
797 491 942 548 schismate
958 491 1102 548 Photieno.

296 633 404 719 palam
423 632 596 696 custodire:
620 633 733 699 minae
750 659 771 700 o
785 636 963 700 constitutis
977 636 1041 700 Dei
1055 647 1085 700 et
1092 645 1226 722 patrum
1239 632 1413 699 urdlatenue
1448 641 1449 706 ἒ

298 731 439 795 deviare·
474 729 575 794 Unum
598 733 713 818 quippe
736 734 845 798 domun
868 733 912 796 ad
925 732 1026 818 fidem
1042 735 1194 820 pertinet,
1219 732 1352 797 alterurn
1373 731 1414 794 ad

298 851 377 914 opus
408 829 520 891 bonum
629 831 672 894 Et
703 833 779 916 quia
810 853 875 896 non
900 841 1008 917 potest
1032 831 1164 895 Domini
1195 831 1309 896 Nostri
1341 831 1412 895 Jesu
1448 835 1449 840 ’

301 921 418 991 Oniten
434 929 650 1012 praetermitti
665 931 820 994 sententia
842 929 996 994 dicentis:
1024 928 1071 992 Tu
1089 950 1122 992 es
1136 928 1258 1008 Petrum,
1281 940 1311 993 et
1325 951 1414 1014 asper

297 1027 377 1088 itanc
403 1034 531 1110 petrum
563 1025 735 1110 aedificabo
769 1026 929 1092 ecelesiam
961 1048 1078 1105 meam;
1116 1026 1192 1089 daec
1224 1051 1302 1112 psas
1335 1027 1414 1089 dieta

298 1133 388 1200 sunt,
420 1145 525 1186 rerum
549 1123 731 1208 probantur
762 1123 938 1212 effectibus,
969 1123 1044 1209 quia
1072 1123 1108 1187 in
1132 1119 1211 1188 Sede
1236 1124 1412 1212 Apostolicc

298 1219 502 1284 immaculata
525 1231 571 1285 est
595 1245 715 1310 semper
737 1223 892 1288 catholica
914 1232 1077 1286 reseruata
1099 1219 1227 1307 reiipio,
1258 1233 1288 1286 et
1310 1233 1413 1285 sancta

299 1319 456 1383 celebrata
479 1319 634 1384 doctrina.
682 1321 731 1385 Ab
755 1323 845 1412 hujus
869 1342 941 1406 erpo
961 1321 1030 1405 fide
1054 1330 1084 1384 et
1107 1320 1254 1384 doctrina
1276 1319 1418 1406 separari

300 1419 424 1480 mimimo
448 1417 623 1502 cupientes,
654 1431 684 1483 et
700 1430 850 1506 patrum,
880 1429 911 1483 et
926 1420 1102 1506 praecipue
1130 1428 1309 1481 sanctorum
1333 1414 1418 1480 Sedis

300 1514 502 1601 Apostolicae
522 1515 718 1596 Praesutnm,
742 1527 901 1603 sequentes
924 1519 959 1580 in
982 1516 1123 1580 omnibns
1142 1515 1322 1592 constituta,
1346 1537 1417 1577 anu-

301 1613 535 1678 tdematiramus
549 1635 654 1678 omues
669 1615 821 1693 haereses,
846 1615 939 1680 simsd
953 1637 1021 1677 cum
1037 1613 1257 1678 Ioouomadsis.
1288 1612 1416 1676 Anatis·

300 1712 484 1774 matizemus
519 1711 614 1774 etiarn
637 1712 801 1792 Pictium,
835 1715 889 1798 qui
1042 1711 1209 1798 superstite
1241 1711 1365 1794 anatio
1386 1711 1414 1771 in

304 1805 466 1872 Cl'tanam
489 1819 535 1871 est
553 1811 754 1894 pervasorie,
778 1812 840 1877 imo
865 1811 1045 1896 tyrannice,
1079 1833 1101 1872 a
1123 1807 1312 1894 quibusdam
1333 1808 1417 1871 sao-

302 1906 424 1968 matieia
440 1906 488 1969 vel
504 1907 778 1972 anathematizatis
794 1919 886 1994 atque
904 1907 1058 1993 depositis
1074 1907 1238 1970 ineamus
1254 1901 1419 1968 ecetesiam.

301 2041 345 2070 .—
369 2000 525 2088 Sequitur
555 2005 712 2089 professio
736 2005 947 2071 adhaesionis
977 2003 1019 2070 ad
1052 2003 1197 2089 synodos
1227 2013 1261 2065 et
1294 2001 1417 2066 decreta

302 2100 430 2166 Nicolai
454 2101 472 2165 1
495 2111 528 2166 et
550 2101 715 2169 Hadriani
738 2103 782 2185 II,
807 2113 840 2168 et
862 2101 1031 2168 damuatio
1054 2100 1175 2179 Photii,
1200 2099 1353 2186 Gregorii
1367 2099 1418 2184 Sy-

302 2199 456 2264 racusani
487 2221 665 2286 eorumque
689 2203 892 2287 sequacium.
939 2198 1087 2265 Deinde:
1111 2199 1212 2263 Porro
1236 2198 1275 2262 de
1299 2221 1417 2264 oenac-

303 2295 456 2362 bilissimo
479 2299 603 2383 lpnatio
621 2301 813 2384 patriarcha
836 2309 958 2377 nostro,
992 2308 1022 2361 et
1051 2297 1090 2360 de
1117 2297 1160 2361 iis
1186 2297 1241 2382 qui
1271 2319 1313 2360 ear
1329 2307 1419 2382 parte

302 2395 394 2483 injus
417 2405 505 2474 sunt,
529 2396 612 2480 quod
635 2400 809 2461 auctoritas
837 2395 1040 2483 Apostolicae
1064 2392 1157 2458 Sedis
1179 2405 1302 2458 vennae
1326 2395 1418 2458 deere-

304 2493 362 2570 uit,
397 2503 463 2557 tota
490 2505 590 2559 mente
618 2496 774 2582 sequimur
803 2507 833 2559 et
863 2493 1013 2579 relipiosa
1041 2493 1204 2556 devotiores
1231 2515 1419 2566 veneramur,

304 2600 396 2674 atque
416 2615 477 2676 pro
501 2614 590 2656 nosse
621 2604 650 2656 et
667 2614 763 2679 posse
792 2603 899 2657 nostro
924 2594 988 2679 pia
1014 2591 1186 2654 intentione
1216 2613 1254 2654 ac
1284 2587 1422 2676 spiritaii

304 2688 448 2776 conflictu
472 2691 679 2775 defendimus.
720 2689 886 2768 Quoniam,
911 2692 991 2754 sicam
1011 2687 1243 2774 praediscimus,
1267 2697 1420 2772 sequentes

306 2787 340 2848 in
368 2787 510 2852 omnibus
533 2787 749 2873 Apostolioam
777 2787 906 2865 Sedem,
940 2797 969 2850 et
999 2785 1196 2850 ottomanus
1226 2789 1295 2873 ejus
1321 2784 1419 2848 omnic

306 2885 491 2966 constituta,
525 2907 702 2971 speramus,
733 2897 768 2951 nt
800 2889 835 2950 in
864 2909 930 2950 uno
952 2884 1179 2960 communione,
1210 2905 1304 2967 pam
1333 2879 1420 2944 &aa

306 2981 492 3066 Apostolica
512 2985 697 3069 praedicat,
726 3007 790 3049 csse
814 3005 1003 3060 mereamur,
1036 2983 1072 3045 in
1095 3003 1158 3066 qua
1180 2990 1227 3043 est
1253 2981 1376 3066 intepra
1396 2987 1419 3038 st

306 3101 381 3142 rora
405 3080 594 3144 christianae
617 3080 780 3168 relipiomis
800 3081 964 3159 soliditas;
982 3079 1202 3166 promittentes
1217 3078 1313 3141 etiam
1327 3099 1420 3162 sepne-

307 3186 424 3240 stratos
447 3201 468 3241 a
491 3183 702 3244 communione
731 3179 878 3244 eeclesiae
908 3177 1092 3258 androtione,
1123 3175 1159 3239 id
1191 3185 1238 3238 est
1265 3197 1329 3239 reon
1358 3195 1421 3236 eou-

307 3277 474 3339 sentientes
498 3275 576 3340 Sodi
597 3276 817 3365 Apostolicae,
851 3299 956 3340 eorum
978 3275 1107 3339 nomina
1134 3274 1217 3336 iuter
1242 3293 1336 3335 sacro
1363 3293 1419 3332 non

309 3373 473 3436 recitanda
497 3397 561 3438 esse
585 3374 776 3463 mysteria.¹)
797 3425 803 3440 .
821 3425 853 3440 ..
879 3372 1153 3460 Splendidissima
1177 3391 1255 3434 sane
1279 3369 1331 3432 his
1354 3389 1420 3432 con-

308 3471 431 3534 tinetur
454 3472 612 3557 professio
636 3475 798 3560 primatus
822 3471 917 3537 Sedis
933 3468 1145 3556 Apostolicae
1169 3469 1306 3554 ejusque
1330 3465 1420 3552 privi-

308 3567 478 3652 legiorum,
503 3581 535 3634 et
558 3570 733 3636 submissio
758 3570 819 3635 sub
844 3569 959 3634 eadem
985 3567 1080 3634 Sede.

136 3679 218 3722 reem
234 3687 294 3729 ene
399 3667 451 3732 83.
475 3668 729 3733 Advertendum
753 3690 848 3754 porro
873 3676 937 3749 est,
967 3667 1002 3730 in
1026 3674 1122 3730 textu
1144 3683 1263 3750 graeco
1288 3658 1418 3726 Consilii

196 3751 244 3784 ⁰¹¹¹·
309 3765 364 3849 qui
390 3775 497 3829 exstat
530 3766 616 3832 hano
644 3765 819 3831 formulam
843 3765 978 3830 brevius
1002 3785 1071 3828 esse
1095 3769 1303 3846 conceptam,
1333 3767 1364 3820 et
1385 3779 1419 3819 es

309 3871 437 3926 tantum
462 3864 494 3928 iu
520 3864 575 3930 illa
598 3865 713 3930 haberi
738 3886 823 3951 quae
848 3863 1093 3928 damnationem
1106 3857 1216 3926 Photii
1240 3867 1271 3920 et
1290 3855 1418 3941 agnitio-

310 3983 385 4024 nem
410 3961 530 4047 Ignatii
563 3972 722 4048 spectant,
756 3961 868 4026 deesse
893 3981 970 4024 vero
995 3957 1161 4045 generalia
1185 3954 1241 4020 illa
1265 3953 1418 4040 principis

311 4058 352 4122 de
375 4061 519 4144 primatu
543 4059 683 4125 Romani
707 4058 919 4139 Pontificis.²)
966 4055 1124 4120 Attamen
1155 4075 1197 4116 ex
1225 4050 1419 4138 gravissimis

385 4263 405 4332 ¹)
425 4263 502 4316 Cone
513 4278 612 4316 aecum.
620 4261 694 4318 VIII.
703 4264 763 4317 Act.
772 4261 793 4314 I.
803 4257 1047 4314 nabbevmmss.
1086 4257 1110 4325 2)
1128 4251 1417 4312 νᾸΛΙὼθῊΙΙᾸΞῦΒ.
