2932 4836
336 496 376 550 De
393 495 580 551 Decretalibus
599 447 883 552 Pseudo-Isidouanisl
1119 497 1172 552 303

62 637 196 722 episcopi
231 636 432 704 Senoncnsis
472 638 639 704 consuluit
673 638 848 703 Nicolaum
890 639 930 703 de
966 639 1171 704 Herimanuo

65 736 204 820 episcopo
225 736 432 802 Nevsrnensi
456 735 627 800 laborante
652 737 771 801 mentis
795 737 996 802 infirmitate.
1042 737 1083 802 Iu
1106 741 1172 824 epi·

63 831 135 896 stola
156 835 217 898 ists
240 834 373 900 scribit:
397 835 526 899 Dicitur
549 845 654 898 autem
669 832 863 898 Melcliades
878 858 974 922 papa
990 835 1171 914 accusso,

62 951 94 992 ae
113 933 178 1015 quis
199 955 339 1018 anquam
355 933 509 1019 pouts‘seae
531 934 598 996 aas
622 955 773 998 cosueusu
790 956 901 1020 papae
916 935 1057 998 Romani
1078 935 1172 1020 depo-

63 1039 182 1094 neretur.
234 1029 324 1095 Uada
354 1031 585 1118 supplicamus,
617 1041 653 1094 ut
676 1041 797 1095 statuta
825 1030 917 1096 illius
945 1033 1069 1116 intepra
1092 1034 1172 1096 ss'csd

56 1146 144 1209 penes
172 1150 228 1192 vos
250 1128 405 1192 habeatur
436 1127 527 1192 nodis
551 1129 687 1214 diripere
715 1127 897 1215 dipaeusiai.
905 1129 929 1210 1)
967 1165 1010 1176 ·-
1042 1128 1081 1194 In
1106 1132 1171 1215 epi-

61 1222 131 1287 stola
153 1246 219 1310 qua
234 1225 396 1291 Nicolaus
411 1225 580 1291 Weniloni
606 1224 816 1312 responditll,
840 1247 917 1290 eum
933 1226 1048 1292 laudat
1071 1249 1170 1314 quam

60 1323 202 1404 maxime,
227 1324 317 1410 quod
340 1325 384 1389 ad
400 1322 521 1390 Sedcm
542 1324 769 1410 Apostolicam
793 1327 827 1390 in
852 1326 1044 1410 quaestione
1067 1324 1170 1391 dubia

58 1439 88 1481 se
108 1419 281 1502 direxerit,
306 1421 364 1486 sed
386 1421 470 1486 nihil
494 1421 593 1507 plane
617 1421 698 1486 dicit
722 1423 763 1488 de
788 1422 950 1508 ejusmodi
973 1421 1171 1488 Melchisdis

59 1515 189 1600 decreto,
214 1519 303 1605 quod
328 1521 363 1584 in
376 1519 752 1584 Pseudo-Decretalibus
776 1519 927 1586 habetur.
966 1520 1064 1586 Unde
1081 1522 1170 1586 dixe-

56 1615 110 1695 ris,
142 1627 222 1682 tnnc
247 1619 278 1681 ei
301 1617 422 1682 Isidori
448 1616 684 1683 Collectionem
708 1618 809 1682 fuisse
833 1621 990 1703 ignotam.
1014 1657 1058 1666 -
1087 1617 1170 1686 Sub-

59 1715 262 1799 sequentibus
285 1727 397 1780 tamen
421 1717 518 1780 annis
547 1717 581 1781 in
605 1715 752 1802 epistolis
776 1718 843 1781 suis
866 1716 1024 1782 Nicolaus
1046 1719 1169 1803 passim

58 1825 284 1878 commemorat
321 1815 505 1900 priscorum
540 1813 740 1879 Pontificum
775 1814 967 1880 Decreteles
1008 1836 1093 1900 qnae
1135 1818 1170 1880 in

59 1907 170 1976 Codice
200 1933 268 1976 nou
293 1913 534 1978 contineantur.
581 1911 697 1976 Plures
729 1912 865 1998 quidem
888 1912 1018 1979 Nicolai
1042 1923 1169 1978 senteu-

58 2007 116 2072 tiss
147 2011 321 2094 aptissime
355 2009 565 2096 explicantur
599 2009 641 2074 dc
675 2009 908 2076 Decretalibus
941 2013 1095 2096 genuinis
1130 2035 1170 2076 ac

50 2097 243 2189 jamdudum
267 2109 370 2190 notis;
395 2107 595 2194 quibusdam
619 2118 730 2172 tamen
752 2109 860 2172 effatis
875 2108 1021 2174 alludere
1037 2109 1170 2174 videtur

56 2203 93 2268 sd
114 2204 185 2270 illas
201 2205 538 2272 Pseudo-Decretales
556 2207 730 2270 recentiori
749 2217 896 2292 tempore
913 2210 949 2272 in
964 2207 1168 2273 Francorum

56 2323 147 2386 regno
171 2325 270 2390 saepe
294 2307 422 2369 citatas.

134 2402 189 2466 98.
219 2402 420 2468 Praesertim
445 2403 478 2466 in
504 2401 643 2487 epistola
671 2401 728 2466 illa
758 2402 803 2467 ad
832 2403 1004 2488 episcopos
1028 2401 1167 2484 Galliae,
1188 2401 1331 2506 Ἓξ*

54 2519 146 2582 quam
176 2523 265 2566 anno
289 2499 355 2566 865
378 2499 542 2564 Rothadio
572 2501 721 2564 restituto
744 2502 792 2565 cis
816 2502 963 2586 scripsit,
982 2501 1167 2584 mandans,

55 2607 87 2658 nt
107 2596 192 2662 bene
223 2597 317 2662 illum
341 2599 543 2683 reciperent,
577 2597 689 2683 aliqua
712 2598 877 2664 habentur
907 2621 992 2686 quae
1015 2623 1035 2664 a
1058 2599 1168 2686 pleris-

54 2713 110 2776 que
129 2691 323 2760 auctoribus
336 2694 381 2759 ad
395 2694 732 2762 Pseudo-Decretales
750 2697 947 2762 referuntur.
983 2697 1169 2763 Sententiae

55 2788 105 2855 hss
142 2791 301 2858 exhibere
336 2795 501 2858 convenit.
548 2795 591 2858 Et
626 2796 673 2874 si,
708 2795 773 2874 ait,
811 2793 921 2860 Sedens
950 2794 1168 2882 Apostolioam

54 2888 258 2973 (Rothadius)
292 2889 476 2956 nullatenus
510 2888 723 2978 appellasset,
759 2904 869 2957 coeca
903 2904 948 2956 tot
980 2903 1102 2971 tauseu,
1139 2905 1169 2958 et

54 2996 136 3053 tanta
158 3011 213 3052 vas
237 2988 411 3054 decretalia
434 2986 544 3076 efferre
567 2999 703 3066 statuta,
728 2992 959 3076 aepiscopum
982 2989 1168 3056 immutat

53 3084 134 3151 nodis
157 3087 315 3174 deponere
346 3085 434 3151 nullo
458 3087 549 3151 modo
574 3086 735 3152 delusistis.
785 3087 877 3161 Quod
907 3099 1009 3154 tamea
1031 3113 1103 3168 vos,
1132 3099 1168 3153 ut

50 3195 171 3248 mata
192 3186 350 3250 caducum
372 3183 555 3251 medullitus
577 3187 711 3250 cavitate
734 3185 852 3264 dicam,
871 3188 1091 3273 postposuisse
1113 3188 1167 3252 do·

53 3277 152 3360 huus,
175 3294 206 3347 et
227 3283 422 3348 diversorum
445 3281 539 3347 Sedis
553 3283 757 3370 Apostolicae
778 3285 962 3370 praemium
984 3285 1110 3350 deusta
1132 3286 1167 3348 ia

51 3377 100 3440 doc
129 3403 184 3445 ves
217 3383 436 3466 contempsisse
459 3383 603 3466 rsepots'e,
635 3383 871 3446 necimmerito
902 3383 1165 3469 reprehendimus.

52 3473 136 3540 Alcis
167 3481 252 3543 assim
282 3490 317 3543 ut
348 3484 563 3570 eujssscampve
595 3502 690 3566 usque
723 3479 767 3543 ad
799 3479 942 3544 ultimum
973 3482 1056 3546 vitae
1089 3505 1164 3547 suae

53 3573 127 3638 dmm
148 3579 204 3662 qvi
225 3579 261 3642 s'a
275 3577 345 3661 fide
368 3577 523 3642 catholica
542 3579 801 3664 perseveraverit,
825 3577 875 3642 vel
898 3578 1073 3642 demutatio
1095 3601 1164 3644 coa-

53 3673 156 3738 stituta
184 3673 235 3738 vel
257 3675 296 3740 da
320 3675 533 3740 ecclesiastica
555 3673 730 3761 disciplina
760 3674 916 3761 quaelibet
944 3677 1091 3764 capacite
1115 3677 1165 3742 dc-

54 3767 109 3834 bito
131 3773 217 3837 calta
250 3784 279 3838 et
302 3797 370 3838 cum
393 3795 513 3838 masma
536 3773 724 3838 discretione
754 3795 818 3838 aen
841 3774 1068 3861 amplectamur
1091 3797 1165 3860 opv-

50 3866 148 3948 sala,
181 3893 261 3956 qaae
285 3872 455 3936 dumtaxat
478 3880 508 3934 et
530 3873 708 3957 antiquitus
731 3881 842 3936 sancta
865 3872 1013 3936 Romana
1035 3871 1165 3937 ecelesia

53 3987 246 4048 conservem
269 3971 361 4034 aedis
383 3993 501 4055 quoque
524 3969 729 4034 custodienda
751 3969 933 4048 mandavit,
964 3981 993 4034 et
1010 3991 1109 4055 perses
1132 3992 1164 4033 sc

51 4063 83 4124 it
108 4068 174 4130 suis
196 4069 333 4133 archivis
362 4079 392 4132 et
414 4069 544 4132 vetustis
573 4070 633 4132 rv‘te
657 4069 862 4132 marcescatis
892 4068 1054 4132 recondita
1077 4090 1164 4132 usae·

118 4267 136 4330 ¹)
155 4269 187 4324 V.
205 4269 297 4325 leslse
316 4270 381 4326 Coll.
401 4270 489 4336 Cone,
507 4271 538 4328 Τ.
557 4269 632 4326 vm.
652 4269 701 4328 eol
720 4272 781 4326 511.
837 4270 859 4338 ¹¹)
879 4269 981 4324 Ibidem
999 4269 1045 4324 col
1067 4271 1127 4325 ola.
