3054 4834
419 511 558 566 i'indieiae
577 515 602 565 ι’.
623 511 748 580 Gregorii
769 511 831 566 ΙἸΙ.
1154 515 1209 566 aaa

76 683 101 722 a
125 656 270 722 subditis
294 655 466 725 collectum
491 654 675 738 solvebant,
709 654 827 720 aliisve
858 655 965 720 modis
988 677 1083 724 suam
1107 655 1210 724 fidoli-

78 769 204 834 tatem‚
241 755 482 834 obedientiam,
520 754 732 819 devotionem
780 756 815 819 in
851 775 997 820 summos
1032 754 1211 822 Pontifices

80 853 299 920 testabantur.
347 851 460 932 Quum
485 873 563 918 vero
595 851 704 918 medio
737 873 821 916 aevo
845 851 929 916 adeo
953 851 1148 918 invaluisset
1171 875 1211 918 oc

79 961 302 1040 propagatum
328 959 413 1014 esset
437 960 582 1035 systema
605 949 747 1030 laudale,
773 961 805 1014 et
828 949 1048 1030 obedientiae,
1073 950 1212 1016 submis-

77 1053 197 1132 sionis,
233 1049 437 1114 reverentiae
471 1050 555 1112 varii
588 1047 722 1114 habitus
752 1071 793 1112 ac
823 1047 998 1112 relationes
1026 1048 1211 1113 secundum
1346 1129 1348 1138 Ι

80 1150 151 1214 tale
186 1159 331 1232 systema
361 1146 651 1210 considerarentur
685 1155 718 1208 et
746 1145 1020 1232 dijudicarentur,
1055 1145 1213 1211 facillime
1261 1149 1291 1226 j,
1306 1137 1348 1226 [ζ’

77 1246 235 1312 confusio
259 1244 422 1331 quaedam
452 1245 487 1308 in
511 1243 623 1308 verbis
647 1245 724 1308 oriri
749 1254 888 1330 poterat.
935 1246 1046 1331 Atque
1071 1245 1119 1310 sic
1142 1244 1212 1308 ubi·

81 1366 229 1432 cumque
253 1343 364 1429 aliqua
388 1342 611 1428 dependentia
627 1343 872 1428 auctoritasque
893 1340 986 1408 alteri
1003 1342 1214 1430 aliquatenus

81 1443 252 1508 submissa
268 1442 420 1522 occurrit,
440 1440 512 1525 jam
527 1439 731 1504 adhibentur
745 1463 784 1504 ea
800 1439 974 1521 vocabula,
992 1439 1213 1523 obedientiae,

83 1540 266 1621 fidelitatis,
295 1538 420 1622 militis,
445 1561 530 1625 quae
554 1541 686 1624 proprie
710 1538 753 1602 ad
778 1537 1067 1603 determinandum
1092 1549 1230 1603 statum-

81 1637 254 1703 feudalem
279 1635 515 1702 inserviebant.

180 1755 253 1818 122.
301 1753 447 1833 Quinam
472 1753 597 1818 fuerint
620 1753 680 1818 sub
706 1755 866 1837 Gregorio
893 1753 956 1818 Vll
988 1753 1122 1820 habitus
1146 1778 1243 1841 spc—
1227 1763 1326 1812 rugam
1328 1775 1390 1800 ·'²·

85 1852 189 1918 ciales
223 1855 389 1917 sariorum
421 1873 598 1935 regnorum
633 1852 675 1916 ad
705 1876 729 1916 s
756 1852 887 1932 Sedem,
926 1852 1024 1916 modo
1049 1849 1243 1937 exponere'
1227 1841 1271 1876 ''¹'‘
1288 1829 1386 1873 '‘M''

85 1973 154 2016 non
181 1951 325 2031 vacat¹).
372 1949 515 2014 Juvabit
546 1960 658 2014 temen
682 1950 824 2035 exempli
860 1953 962 2014 instar
989 1973 1028 2014 ca
1053 1953 1217 2036 imprimis

83 2051 218 2130 afferre,
243 2070 327 2135 quae
342 2047 451 2134 quoad
467 2046 612 2112 Galliam
628 2047 787 2112 Pontifex
811 2047 926 2112 scribit
941 2071 970 2113 a.
992 2049 1073 2114 1081
1100 2048 1218 2132 legatis

87 2149 158 2211 suis
182 2147 279 2210 Petro
304 2146 458 2232 episcopo
482 2144 668 2210 Albanensi
694 2157 726 2209 et
750 2144 880 2210 Gisulfo
908 2149 1052 2233 principi
1076 2147 1218 2214 Salerni-

89 2257 189 2310 tano:
228 2243 321 2330 Vobo'o
345 2247 508 2308 commissa
532 2245 662 2329 nepotia
685 2267 748 2308 ooo
772 2245 881 2308 lateat.
928 2245 970 2308 Et
986 2249 1059 2334 jam
1081 2269 1137 2310 vos
1159 2249 1218 2331 itu,

89 2367 128 2406 ac
161 2343 191 2406 a·
214 2352 333 2422 norae,
364 2343 426 2404 imo
450 2344 527 2427 qaia
549 2353 660 2406 nostra
693 2343 738 2406 ibi
765 2343 800 2404 ia
833 2342 919 2405 trebio
947 2346 1132 2428 praesentia
1162 2356 1220 2424 aar,

92 2451 205 2505 cuneta
228 2441 321 2523 dique
340 2441 496 2525 percipite.
543 2441 721 2504 Dicendum
745 2453 846 2504 uatem
872 2453 918 2504 eet
941 2441 1084 2506 cornibus
1111 2443 1221 2526 Gallia

94 2551 124 2602 et
152 2561 214 2625 per
246 2560 352 2600 aeram
394 2537 605 2602 obedientiam
632 2539 912 2624 praecipiendam:
946 2551 980 2602 at
1013 2565 1220 2627 unaquaequo

88 2639 206 2702 domur
227 2636 339 2700 saltem
362 2659 457 2698 aream
481 2636 649 2700 ‹leram-iam
684 2639 851 2704 annotarim
874 2637 977 2702 solvat
999 2639 1089 2702 beato
1114 2641 1219 2718 Petro,

87 2738 123 2800 ai
147 2757 215 2798 eum
237 2745 460 2817 reeoqooecaat
477 2743 605 2819 patrem
629 2745 659 2797 et
677 2743 839 2820 pastorem
856 2759 954 2814 aarum,
978 2759 1062 2799 more
1078 2738 1219 2823 antiqua

94 2833 184 2898 Nam
211 2830 344 2896 Carolus
367 2833 555 2918 Imperator,
587 2834 668 2896 oe'cat
692 2833 807 2920 lepitar
837 2835 873 2896 ia
897 2843 977 2898 torno
1009 2840 1076 2924 ejas
1109 2838 1164 2920 qui
1187 2837 1220 2897 ia

88 2931 234 2994 archivio
257 2930 403 2996 ecclesiae
436 2929 521 2994 beati
544 2931 632 2994 Petri
658 2931 799 3010 labetur,
835 2934 868 2996 ia
893 2932 993 2996 tribuo
1017 2933 1093 2996 loca
1122 2957 1220 2998 ‹torru-

88 3032 174 3094 atim
198 3027 364 3114 eollipebat
389 3027 473 3090 mille
497 3039 527 3090 et
543 3027 695 3091 demeritas
719 3026 820 3091 libras
844 3030 889 3092 ad
911 3033 1072 3094 seruitium
1096 3043 1222 3116 aposto-

93 3129 176 3191 licae
194 3125 296 3203 seder,
320 3126 356 3188 id
380 3135 425 3188 est
442 3125 645 3210 riquira-ara,
671 3126 759 3211 opud
783 3127 917 3192 Pedium
939 3141 1068 3192 sanetae
1093 3131 1222 3194 Mariae

94 3235 125 3290 et
156 3225 245 3311 apud
277 3235 417 3288 eoactum
453 3224 620 3307 Eyidiam,
654 3235 783 3309 emeepto
816 3226 871 3288 lroc
900 3226 985 3309 qaod
1011 3227 1222 3312 aarosqao'aqar

87 3323 230 3410 propria
258 3322 420 3386 devotione
453 3321 612 3408 offerebat.
664 3324 752 3386 Idem
781 3345 852 3386 acero
885 3347 1016 3407 raamias
1045 3327 1224 3412 Imperator·

95 3420 275 3484 Samonium
306 3417 419 3482 obtolit
443 3419 532 3482 beato
558 3419 661 3499 Petro,
699 3423 787 3507 arjos
818 3444 887 3484 eam
911 3421 1027 3484 devicit
1049 3421 1222 3509 adjutorio.

94 3531 125 3582 et
147 3519 255 3604 posuit
276 3519 399 3600 siparum
422 3517 599 3580 deuotionis
623 3529 653 3580 et
676 3516 835 3598 libertatis
843 3517 880 3602 ²),
905 3521 986 3583 meat
1001 3521 1065 3604 ἱροί
1078 3519 1224 3586 Saxones

90 3616 211 3680 babeat
238 3617 386 3701 seriphum
411 3626 441 3677 et
459 3603 635 3700 prudentes
664 3614 790 3698 illorum
823 3619 903 3680 satae
927 3619 1029 3682 sciant
1042 3617 1079 3702 ³).
1127 3618 1223 3682 Certi·

95 3737 159 3778 nec
192 3711 335 3776 Galliam
371 3732 432 3776 nec
463 3714 646 3778 saxoniam
685 3712 937 3778 considerarunt
974 3715 1152 3782 Pontifices
1188 3731 1224 3780 ut

173 3971 192 4031 Ἰ
211 3969 280 4024 Vide
300 3969 349 4024 bac
361 3971 400 4024 de
420 3986 448 4024 re
469 3969 680 4038 Hergeuromer,
701 3969 800 4024 Kirohe
813 3969 867 4022 uud
880 3969 967 4028 Staat
985 3969 1037 4036 ΙΙΙ
1058 3972 1128 4039 Pap
1124 3977 1142 4022 t
1157 3975 1180 4024 G
1184 3987 1224 4024 re·

92 4067 148 4122 gor
166 4051 231 4104 vn.
249 4065 293 4104 ιιιι.
314 4052 347 4104 ΙΙ)
366 4065 422 4116 sqq

172 4143 193 4204 ¹)
213 4139 322 4192 Carolus
341 4139 467 4192 videlicet
487 4139 599 4206 primam
619 4139 755 4192 ecclesiam
770 4155 849 4204 quarn
869 4137 905 4191 ibi
919 4139 1082 4204 aedificavit,
1101 4157 1122 4195 a.
1142 4145 1224 4195 Petro

82 4219 209 4277 dicarit

173 4300 283 4368 ³)Reg.
302 4299 333 4352 L.
352 4299 429 4354 VIII.
451 4315 491 4367 ep.
512 4301 554 4354 23.

927 4349 930 4355 ⁵
1008 4389 1063 4440 ar*
