2922 4832
316 506 369 557 lto
584 501 658 556 XIX.
678 499 884 555 Controversice
902 503 932 551 et
949 497 1059 566 Imperii
1077 495 1188 552 indoles.

316 648 485 713 decretum
509 653 577 726 est,
613 665 668 707 eas
691 663 758 706 non
781 642 937 728 permitti,
962 641 1025 704 nisi
1049 642 1084 705 in
1108 641 1206 706 certis
1229 662 1332 704 rerum
1355 643 1414 704 arti·

315 747 408 826 culis,
433 767 495 811 nec
511 745 582 807 sine
601 739 726 804 indicta
741 741 826 826 parti
842 740 1061 804 incontinenti
1078 741 1288 824 poenitentia.
1314 737 1414 819 Quoad

314 853 450 930 quartas
478 862 556 905 vero
591 840 722 924 nuptias
755 849 918 903 statuunt:
953 836 1117 902 Βωίυπίία
1142 837 1324 926 judicioque
1353 861 1413 900 eoa·

315 945 403 1006 maai
424 941 636 1014 decernimos,
669 961 707 1000 ae
741 935 781 999 ab
811 937 866 1000 boc
898 958 982 1002 uuae
1001 938 1168 1022 prooemii
1190 935 1283 1020 (921)
1305 947 1417 1021 quarta

313 1040 447 1124 scaptiae
469 1037 554 1101 tellas
577 1035 753 1112 contrahat,
777 1034 833 1098 sed
847 1045 882 1098 ct
902 1055 1036 1120 prorata
1052 1053 1107 1098 eae
1121 1036 1316 1124 rejiciantur.
1342 1031 1417 1106 Quod

313 1139 344 1200 si
366 1138 437 1222 qais
459 1135 504 1198 od
527 1133 681 1223 ejusrnodi
704 1133 881 1221 wajcpiam
898 1132 1054 1217 propredi
1076 1133 1260 1211 aeaeae
1288 1133 1420 1196 eboraci

313 1243 401 1298 coeto
425 1232 633 1296 acclamasticc
649 1230 795 1294 cadarus
818 1239 892 1302 esto,
917 1240 946 1293 et
962 1229 1001 1294 ab
1025 1231 1096 1316 ipso
1120 1231 1155 1294 in
1169 1242 1314 1295 sanctam
1327 1231 1419 1296 eedem

315 1335 458 1418 inpressa
493 1331 649 1416 tantisper
682 1328 823 1404 alienae,
857 1328 955 1391 doe-ec
982 1330 1018 1392 ia
1045 1329 1101 1391 hoc
1128 1331 1272 1418 eonjapio
1290 1351 1419 1416 peuce-

314 1431 399 1493 serit.
447 1429 517 1492 Hoc
540 1429 622 1491 assim
652 1427 771 1491 concas
793 1447 911 1512 qaoque
939 1426 1088 1512 patribus
1117 1429 1172 1512 qui
1205 1439 1279 1492 uate
1314 1451 1369 1492 rios
1387 1431 1420 1488 ci·

311 1550 387 1590 aere
411 1528 510 1589 aierem
525 1525 605 1611 ¹fait.
654 1525 700 1588 Ac
728 1545 786 1588 nos
810 1547 885 1588 sane
908 1527 1095 1588 sententiam
1124 1525 1293 1590 reddentes
1321 1531 1421 1614 operti·

313 1645 413 1701 orem,
448 1647 516 1687 eam
547 1623 631 1686 velat
662 1622 801 1686 alienam
824 1646 845 1684 a
876 1620 1039 1707 republica
1065 1620 1319 1688 Christianorum
1350 1625 1423 1688 abdi·

313 1745 430 1785 eames.
478 1721 520 1784 Et
542 1723 577 1783 ia
600 1721 679 1784 harre
701 1719 826 1806 quidem
848 1719 973 1782 amdam
997 1720 1035 1784 de
1058 1731 1171 1805 quarto
1194 1721 1422 1786 enemimonioh

316 1819 428 1900 Vides,
453 1817 627 1883 Nicolaum
651 1817 786 1902 quidem
820 1818 984 1897 effecisse,
1018 1829 1055 1882 ut
1071 1841 1136 1904 pro
1170 1831 1308 1906 tempore
1323 1821 1424 1906 fisum

314 1937 465 1981 severum
492 1915 661 1980 decretum
686 1915 726 1979 de
751 1916 877 2001 quartis
901 1917 1026 2001 nuptiis
1051 1916 1258 1981 conderetur.
1299 1916 1363 1981 Sed
1385 1939 1424 1978 ea·

313 2025 410 2078 tenus
434 2015 504 2099 ipse
535 2014 690 2094 cedebat,
723 2022 885 2099 quatenus
909 2015 1043 2078 omnino
1077 2014 1207 2080 silentio
1243 2013 1426 2099 tegebantur

313 2133 399 2198 quae
423 2111 484 2176 sub
516 2111 629 2176 Leone
652 2111 702 2174 Vl
725 2110 932 2190 acciderant,
966 2132 1027 2176 nec
1058 2112 1157 2197 hujus
1188 2114 1423 2177 matrimonium

314 2209 546 2274 damnabatur.
592 2209 708 2294 Itaque
739 2209 811 2293 jam
841 2231 905 2273 non
931 2208 1069 2292 urgebat
1102 2212 1302 2274 sententiam
1336 2233 1425 2275 susm.

313 2318 448 2394 quartas
472 2309 604 2393 nuptias
628 2329 698 2371 esse
723 2317 837 2371 contra
865 2306 972 2391 legem
1003 2307 1152 2372 divinam
1185 2329 1247 2372 nec
1274 2307 1426 2395 dispensa-

314 2407 403 2469 tione
429 2427 483 2470 eas
508 2402 714 2470 cohonestari
739 2407 895 2490 potuisse.
920 2405 991 2469 imo
1010 2405 1090 2470 dum
1114 2408 1265 2491 praecise
1295 2407 1375 2472 inde
1395 2406 1427 2468 ab

315 2502 370 2568 illo
395 2526 482 2568 anno
507 2506 568 2568 921
596 2513 732 2589 quartae
757 2503 892 2590 nuptiae
915 2501 1170 2588 prohiberentur
1193 2525 1322 2586 severe,
1346 2504 1428 2568 relin-

315 2605 439 2686 quebat
459 2601 568 2666 locum
593 2603 785 2682 sententiae,
811 2601 931 2666 Leonis
956 2603 1088 2686 nuptias
1112 2601 1363 2687 dispensatione
1387 2625 1428 2664 re·

319 2698 403 2764 lidae
427 2699 539 2764 fuisse.

201 2839 214 2868 o
240 2828 261 2870 is
277 2841 305 2868 ro·
408 2817 461 2880 42.
509 2813 663 2900 Plerique
686 2817 832 2901 episcopi
857 2827 890 2878 et
913 2813 1021 2878 clerici
1047 2815 1293 2899 patriarchatus
1316 2815 1428 2882 CPtsni

318 2913 396 2978 dein
431 2916 465 2978 in
497 2913 708 2978 concordiam
739 2935 816 2977 cum
844 2911 980 2978 Nicolao
1012 2912 1155 2993 rediere;
1189 2912 1295 2999 aliqui
1330 2925 1429 2982 tamm

317 3033 430 3076 eorum
455 3013 511 3097 qui
536 3011 716 3095 Euthymio
742 3010 960 3076 adhaeserant
990 3012 1132 3096 separati
1157 3024 1369 3080 manserunt.
1400 3035 1430 3076 eo

317 3121 501 3196 praetextu,
525 3109 613 3195 quod
637 3106 765 3172 Nicolai
797 3111 959 3172 sententia
982 3131 1003 3172 a
1033 3107 1118 3174 Sede
1142 3109 1297 3176 Romana
1320 3113 1430 3200 rejects

315 3219 411 3274 essct.
459 3209 594 3273 Studuit
625 3217 735 3272 autem
760 3207 916 3272 Nicolaus
940 3229 1060 3292 magno
1085 3231 1159 3272 cum
1185 3209 1319 3274 fervore
1344 3233 1362 3274 a
1385 3211 1430 3275 lo·

314 3329 403 3372 anne
420 3307 452 3371 X
465 3307 625 3372 Pontifice
642 3305 915 3390 approbationem
932 3307 1064 3370 unionis
1086 3315 1119 3370 et
1136 3304 1269 3390 plenam
1295 3329 1430 3372 commu·

317 3407 451 3470 nionem
483 3404 646 3484 obtinere,
681 3403 723 3466 ad
757 3425 854 3489 quem
879 3403 980 3468 finem
1015 3403 1129 3468 iterato
1160 3405 1298 3468 nuntios
1329 3429 1370 3470 ac
1390 3405 1429 3469 lir-

315 3514 403 3566 teras
426 3503 563 3568 Romam
589 3504 687 3568 misit.
725 3500 764 3565 In
788 3500 906 3566 litteris
931 3502 1002 3565 istis
1017 3503 1171 3586 quamvis
1195 3501 1303 3568 multa
1327 3516 1429 3569 contra

314 3611 450 3687 quartas
475 3603 608 3686 nuptias
633 3598 771 3680 scribat,
805 3609 838 3664 et
861 3597 1072 3684 disciplinam
1102 3601 1304 3666 severiorem
1329 3601 1430 3666 Eccle-

315 3701 384 3763 siae
408 3699 576 3764 orientalis
600 3697 735 3778 evehat,
771 3697 915 3762 ostendit
943 3707 1053 3762 tamen
1087 3718 1121 3762 se
1146 3696 1218 3782 jam
1252 3697 1430 3768 admittere.

315 3796 563 3881 dispensatione
586 3807 619 3861 et
642 3795 848 3880 indulgentia
872 3796 1121 3860 matrimonium
1145 3793 1227 3860 illud
1251 3795 1358 3862 Leoni
1385 3819 1429 3882 po·

314 3897 417 3958 tuisse
441 3897 596 3980 permitti.
644 3892 732 3958 Illud
763 3916 834 3956 vcro
866 3891 1077 3980 (concordiae
1100 3893 1279 3980 restitutio)
1313 3897 1430 3958 omniuo

311 3992 377 4076 fiet,
402 3991 517 4056 scribit
540 3991 706 4070 Nicolaus,
732 3991 897 4056 damreodo
922 3991 960 4053 de
978 3990 1134 4054 anteactis
1157 4001 1346 4076 quartorum
1362 4015 1427 4076 nep·

317 4091 433 4154 tiaram
457 4114 568 4170 coare,
601 4093 684 4156 ieter
707 4113 764 4154 eos
795 4091 959 4154 conveniat
984 4087 1042 4154 illc
1066 4099 1176 4154 contro
1192 4093 1249 4176 jus
1264 4089 1365 4174 fucta
1379 4089 1427 4174 ju·

394 4289 411 4350 ¹)
431 4285 492 4338 Vid.
514 4285 611 4339 Baron,
631 4285 664 4338 ad
684 4301 707 4338 a.
727 4287 787 4340 5021.
808 4301 831 4338 n.
853 4289 877 4340 6.
