2952 4832
163 2654 294 2698 Resistentin

162 2727 292 2774 umatum,

324 455 376 506 272
575 455 647 509 XXI.
668 455 707 508 Ite
727 457 744 508 S
773 454 906 522 Gregorio
925 455 978 508 vn
997 457 1072 511 Rern.
1092 457 1233 512 Pontifice.

324 600 455 680 quentis
479 598 639 660 simoniae
654 597 802 662 facinora
819 601 1016 680 incurrerat,
1041 599 1168 663 solutus
1184 614 1243 667 est.
1275 601 1420 668 Consensit

322 700 433 776 etiam,
459 698 518 758 etsi
543 697 652 759 aniano
666 717 782 780 parum
803 697 942 774 sincero,
968 707 1004 760 ut
1018 720 1038 760 a
1052 698 1169 782 legatis
1186 701 1332 784 synodus
1345 702 1419 766 habe-

322 805 412 858 retur
443 793 486 856 ad
518 794 678 856 simoniae
718 803 750 856 et
784 793 1002 876 clerogamiae
1043 795 1167 860 abusus
1204 799 1412 884 exstirpandos

324 892 413 974 „Sed
438 891 651 954 vehementer
675 889 738 954 hoc
761 890 960 972 abnuerunt,
985 893 1100 956 scribit
1125 894 1324 960 Lambertns
1346 899 1381 962 ad
1400 923 1418 962 a

324 991 420 1070 ibid,
445 990 728 1075 omnesepiseopi,
753 999 911 1075 tanquam
936 991 1131 1054 inusitatum
1156 991 1319 1079 longeque
1341 999 1420 1058 asnis

320 1087 505 1152 rationibus
536 1087 694 1166 alienum,
730 1110 789 1151 nec
815 1110 849 1150 se
874 1085 972 1172 hujus
1002 1091 1209 1153 auctoritatis
1233 1093 1419 1176 privilegien

321 1185 379 1248 ulli
404 1186 459 1249 alii
486 1195 716 1270 praeterquam
741 1187 802 1269 ipsi
829 1185 977 1248 Romano
1002 1185 1154 1250 Pontifici
1188 1211 1333 1274 unquam
1356 1189 1412 1252 deb

321 1295 411 1347 turos
435 1283 667 1346 affirmabant:
693 1283 857 1368 siquidem
883 1283 1070 1347 intenderat
1092 1285 1262 1350 Romanus
1280 1287 1418 1354 Pontifex.

322 1393 358 1445 ut
382 1405 494 1446 omnes
520 1383 691 1465 ‹apiscopos
728 1390 760 1443 et
788 1380 935 1460 abbatae,
968 1383 1024 1466 qni
1059 1404 1168 1447 sacros
1193 1385 1317 1467 gradus
1339 1389 1419 1470 pretio

321 1481 536 1543 redemissent
560 1478 764 1542 discussione
789 1477 903 1542 habita
928 1479 1123 1564 deponeret:
1153 1481 1293 1567 ,ianrque
1317 1484 1372 1546 hae
1393 1485 1420 1546 d·

320 1601 421 1641 caiisa
444 1575 755 1660 Babcnbergensem
787 1579 978 1662 episcopum
1014 1588 1045 1641 et
1078 1577 1159 1642 alios
1193 1581 1363 1644 nonnullos
1389 1581 1418 1643 ab

321 1675 435 1738 divino
461 1675 570 1737 officio
595 1674 820 1758 suspenderat,
847 1674 952 1738 tionec
977 1697 1086 1738 coram
1104 1678 1277 1742 venientes
1299 1680 1419 1742 inustum

319 1773 382 1836 sibi
418 1775 543 1836 crimen
577 1771 748 1834 irateroseos
782 1773 884 1854 digna
908 1775 1134 1837 satisiitotione
1163 1787 1349 1859 purgarent.
1391 1776 1420 1838 n

319 1894 378 1934 rex
402 1869 535 1956 quidem
562 1869 682 1953 cupide
706 1868 768 1931 hoc
795 1869 936 1946 volebat,
971 1869 1046 1934 odio
1072 1869 1325 1936 wormatiensis
1356 1875 1419 1958 ‹ab›

319 1970 393 2054 copi
419 1977 451 2031 et
474 1967 692 2052 quorumdam
718 1967 856 2030 aliorum
882 1970 937 2054 qui
956 1991 1031 2031 eum
1050 1968 1134 2032 bello
1151 1970 1315 2035 Saronico
1338 1975 1419 2034 otien-

319 2068 445 2148 (ierant,
476 2089 557 2152 quos
581 2064 644 2127 bac
669 2063 834 2127 calumnia
860 2065 1078 2129 involvendos
1109 2079 1141 2130 ct
1166 2067 1335 2152 dignitatis
1359 2093 1411 2132 suro

319 2165 516 2228 detrirnmrta
547 2186 698 2248 passuros
732 2185 788 2246 spe
827 2165 1008 2227 certissima¹
1047 2177 1322 2252 praesumpserat.
1371 2167 1420 2232 sn

318 2266 397 2349 quia
422 2287 478 2348 per
502 2261 625 2344 legatos
649 2271 805 2324 restante
831 2261 947 2324 confici
974 2285 1067 2346 posse
1092 2263 1338 2348 desperabatur,
1362 2288 1418 2327 cim

318 2361 402 2424 sulto
429 2364 462 2425 iu
486 2359 690 2423 irradientiam
716 2359 854 2421 ltorrrnni
883 2360 1052 2423 l’ontitieis
1077 2359 1183 2423 delata
1210 2367 1290 2428 est.“

408 2461 459 2522 aa.
507 2457 641 2520 Interim
676 2455 854 2540 Gregorius
881 2457 944 2520 VII
979 2457 1117 2541 urgebat
1150 2459 1318 2524 (lucratum
1343 2484 1420 2523 suurn,

319 2571 432 2622 (terit-ra
457 2557 649 2620 elericorum
675 2557 816 2638 nuptias,
852 2555 908 2618 sed
934 2555 1056 2642 ubique
1081 2555 1147 2619 fere
1172 2557 1380 2622 vehementer
1400 2558 1421 2616 ·i

318 2658 507 2719 restiterunt
525 2653 646 2716 clerici.
682 2703 695 2730 „
704 2653 774 2714 Hoc
792 2653 922 2715 ‹leeroto
949 2677 1006 2737 por
1023 2663 1124 2716 totam
1142 2653 1275 2719 Italiam
1301 2653 1421 2742 pronmi-

318 2765 404 2836 gato,
441 2755 487 2815 ait
522 2752 718 2814 Lambcrtus
750 2751 770 2815 i.
796 2775 834 2826 e.‚
870 2751 1000 2814 crebras
1032 2752 1157 2816 litteras
1190 2753 1233 2816 ad
1270 2758 1421 2838 episcopt«

318 2850 501 2916 Galliarum
526 2847 777 2927 transmittebat,
814 2850 1030 2934 praaecipicns,
1069 2862 1105 2912 ut
1138 2852 1198 2934 ipsi
1237 2876 1362 2938 <proque
1397 2853 1421 2912 in

317 2951 385 3014 suis
409 2948 556 3011 ecelesiis
581 2946 731 3009 similiter
754 2947 910 3010 fateorent.
936 2958 1033 3032 atquc
1058 2947 1311 3013 aeontubernio
1334 2971 1420 3012 saeer-

318 3047 432 3111 dotnm
464 3068 576 3108 omncs
610 3047 743 3106 ommno
767 3045 908 3107 seminas
932 3059 1089 3130 perpetuo
1115 3046 1325 3110 anathemate
1356 3071 1422 3110 rua¹¹

318 3156 441 3208 carent.
490 3143 660 3206 Adversus
693 3141 755 3204 hoc
779 3141 947 3205 decretum
981 3144 1129 3227 protinus
1155 3143 1366 3212 vehementer
1388 3145 1423 3204 in·

317 3243 451 3306 fremuit
475 3253 542 3305 tota
565 3240 664 3304 saetio
690 3239 894 3320 clericorum,
920 3239 1087 3304 hominem
1112 3239 1210 3326 plane
1236 3243 1421 3306 haereticum

317 3353 350 3405 et
382 3343 495 3403 uesani
531 3339 694 3424 dogmatis
726 3360 795 3400 esse
827 3337 1010 3418 clamitans,
1043 3341 1099 3424 qui
1134 3338 1258 3402 oblitus
1283 3339 1423 3404 sermonis

323 3438 459 3501 Domini
484 3461 547 3523 qno
572 3439 638 3500 ait:
668 3437 742 3500 Non
766 3460 870 3500 orantes
896 3440 1027 3522 copiunt
1050 3439 1104 3501 boc
1122 3437 1258 3518 verbam,
1284 3443 1423 3526 quipus

316 3561 441 3622 cupere,
475 3537 604 3621 cupint;
635 3585 641 3600 .
669 3586 675 3599 .
702 3584 709 3598 .
747 3533 893 3598 violenta
928 3539 1099 3599 exactione
1143 3536 1295 3602 bomincs
1325 3539 1423 3599 river·-

320 3644 451 3718 cogerot
475 3635 539 3697 ritu
563 3631 765 3716 angelorum.
792 3683 799 3696 .
825 3683 832 3697 .
859 3683 866 3697 .
893 3633 991 3711 Quod
1016 3636 1041 3696 si
1066 3649 1216 3718 pergeret
1241 3636 1422 3698 sententian

316 3734 531 3809 confirmare,
565 3731 660 3794 malle
691 3753 724 3794 se
758 3731 994 3812 sacerdotium,
1029 3753 1128 3816 quam
1163 3733 1353 3818 conjugium
1382 3729 1424 3792 de·

316 3853 435 3915 screre,
460 3839 492 3894 et
515 3840 595 3894 tuno
619 3831 769 3892 visurum
794 3852 868 3892 eum
894 3830 946 3892 cui
972 3828 1121 3893 homines
1145 3831 1324 3897 sorderent.
1349 3829 1423 3892 undo

317 3929 544 4014 gubernandis
568 3950 626 4013 per
651 3927 822 3990 ecclesiam
852 3927 915 3990 Dei
937 3925 1088 4012 plebibus
1112 3927 1247 4010 angelos
1271 3951 1424 4012 comparu-

316 4039 409 4090 turus
434 4037 529 4090 esset.
576 4024 799 4089 Nihilominus
824 4025 877 4088 ille
902 4023 1066 4106 instabat3
1099 4037 1131 4088 et
1154 4025 1294 4089 assiduis
1325 4025 1424 4106 legati·

316 4125 436 4188 onibus
452 4126 621 4210 episcopos
646 4145 758 4186 omnes
783 4123 951 4186 socordiae
976 4145 1015 4186 ac
1039 4122 1185 4186 desidiae
1211 4121 1376 4208 arguebat,
1399 4141 1422 4184 ea

316 4224 379 4284 nisi
397 4244 499 4304 ocyus
516 4222 701 4306 injunctum
718 4221 781 4284 sibi
799 4223 966 4300 negotium
984 4233 1233 4306 exequerentur,
1257 4221 1422 4306 apostoliea
