2898 4836
331 513 366 565 66
514 511 617 568 XVIII.
642 513 682 567 De
701 513 828 568 Romame
848 513 1023 569 Pontiticibns
1042 515 1141 569 saeculi
1161 515 1263 570 decimi.

327 655 399 739 ejus
424 654 554 720 influxu
579 655 677 739 Hugo
702 679 761 720 rex
778 656 869 722 Urbe
893 659 1063 743 potiretur.
1109 658 1143 721 Is
1167 659 1299 744 quidem
1320 660 1412 746 plurim

326 753 431 838 copiis
454 752 607 818 adductis
622 754 761 819 Romam
776 777 967 842 expugnare
992 757 1084 820 nisus
1099 767 1161 838 est;
1188 771 1341 842 postremo
1356 779 1412 820 vem

326 855 367 932 (a.
383 849 463 935 936)
477 849 634 916 Alberico
652 851 754 915 filiam
770 873 864 916 suam
880 852 1002 918 Aldam
1027 855 1061 916 in
1077 856 1322 919 matrimonium
1337 855 1413 918 dedit.
1440 857 1441 930 Ξ

326 947 393 1012 Sed
418 969 458 1012 ne
481 959 561 1012 tunc
585 949 719 1034 quidem
744 951 779 1014 in
796 951 966 1015 civitatem
987 951 1152 1015 admissus
1176 961 1234 1016 est.
1259 951 1414 1016 -Censet

326 1045 496 1125 Muratori,
521 1067 559 1109 eo
583 1057 730 1133 tempore
754 1070 818 1135 quo
836 1049 977 1113 Marotia
1000 1051 1178 1112 attentavit
1193 1052 1347 1113 incestum
1361 1071 1415 1112 cun

326 1133 470 1228 Hugone
505 1144 697 1228 conjugium
725 1168 763 1209 ao
799 1145 876 1209 dein
912 1147 1045 1230 captiva
1080 1169 1101 1210 a
1133 1146 1200 1210 filio
1235 1145 1357 1211 detenta
1376 1157 1416 1212 est.

326 1263 456 1326 sparsos
486 1264 556 1306 esse
581 1263 638 1326 per
669 1240 796 1306 libellos
827 1253 860 1306 et
890 1261 1017 1327 satyras
1048 1243 1272 1323 diffamantes,
1304 1243 1367 1309 illos
1390 1243 1442 1334 dei

326 1340 418 1403 vitiis
441 1339 602 1403 Marotiae
626 1361 789 1420 rumores,
825 1343 870 1403 ita
899 1351 936 1404 ut
959 1342 1046 1404 veris
1070 1340 1148 1404 ficta
1179 1362 1277 1426 quam
1305 1342 1442 1426 plurim

209 1471 213 1480 ·
326 1437 558 1522 adjicerentur.
584 1436 677 1501 Haec
692 1459 771 1502 vero
788 1440 899 1502 omnia
911 1437 1010 1502 avide
1024 1438 1250 1523 Luitprandus
1267 1439 1419 1525 arripuitb

167 1539 263 1642 mi}
274 1538 300 1578 Χῖ
416 1534 469 1598 64„
514 1533 608 1614 Quae
635 1535 783 1600 «Ioannes
806 1534 858 1598 XI
883 1535 1035 1600 detentus
1059 1536 1120 1601 sub
1147 1537 1296 1602 custodia
1323 1536 1419 1610 fecerit,

204 1610 240 1650 ⁸⁰⁵
265 1630 270 1641 ’
327 1634 387 1695 vix
411 1643 489 1696 nota
503 1641 589 1696 sunt.
617 1631 752 1696 Nullum
777 1632 917 1696 refertur
940 1634 1075 1714 factum,
1099 1656 1141 1697 ex
1165 1656 1230 1719 quo
1249 1637 1353 1699 minus
1372 1633 1443 1714 dig·1

327 1752 407 1795 num
438 1729 632 1794 Pontificem
664 1751 738 1794 eum
772 1730 872 1794 fuisse
907 1730 1095 1816 colligatur,
1130 1732 1187 1795 sed
1221 1755 1258 1796 eo
1292 1754 1351 1795 non
1372 1719 1443 1800 erati

327 1827 498 1915 praeditus
521 1829 634 1910 vigore
666 1839 703 1890 ut
725 1830 851 1892 tristem
885 1851 994 1892 rerum
1026 1839 1148 1893 statum
1173 1843 1281 1914 posset
1312 1841 1421 1892 mutare.

328 1926 515 1990 Defunctus
539 1935 588 1988 est
611 1925 758 1990 Joannes
782 1926 831 1990 XI
855 1949 884 1990 a.
909 1926 989 2008 9363
1020 1929 1133 1990 mortis
1157 1940 1268 1991 autem
1291 1927 1420 2012 adjuncti

329 2026 531 2108 ignorantur.
579 2021 689 2087 Citare
720 2023 775 2088 bic
802 2024 902 2108 juvat
932 2045 1079 2109 eaquae
1108 2025 1197 2113 apud
1227 2024 1421 2088 Flodoardmn

328 2123 538 2207 reperiuntur
552 2120 595 2185 ad
611 2121 632 2187 J
635 2123 752 2186 oannis
766 2120 997 2205 pontificatum
1021 2123 1232 2205 pertinentia.
1258 2121 1340 2186 Hist.
1356 2119 1414 2183 Eccl

328 2219 446 2283 Rhem.
461 2219 500 2284 L.
517 2218 575 2282 IV.
596 2241 624 2282 c.
645 2219 688 2281 24
704 2218 835 2282 scribit:
860 2217 1014 2281 Artoldue
1038 2222 1204 2306 epiecopus
1228 2219 1422 2306 (Rhemensis.
1443 2247 1444 2252 ¹

323 2327 400 2404 post
424 2340 541 2380 arreum
569 2317 782 2380 ordinationis
810 2339 885 2378 suae
909 2315 1050 2402 poll-ium
1073 2319 1205 2404 ortecipit
1233 2319 1356 2382 mireum
1381 2313 1424 2376 :di

324 2439 386 2502 per
409 2414 527 2499 leontos
550 2414 696 2480 ecclesiae
711 2415 894 2477 Rdemecsie
918 2414 1100 2477 adeberone
1117 2415 1208 2501 Papo
1227 2415 1298 2496 filio
1314 2415 1424 2478 dimine.

328 2535 409 2597 qaae
433 2523 462 2575 et
485 2513 632 2576 Marocia
660 2512 836 2592 dicebatur,
868 2509 916 2574 vel
939 2511 979 2574 ab
1004 2511 1150 2575 Alberico
1177 2515 1316 2598 patricio
1339 2511 1423 2597 fratre

330 2612 433 2696 apcius
457 2611 575 2696 Papae,
600 2611 654 2694 qai
676 2609 814 2672 eumdem
836 2609 1013 2672 dodooaem
1028 2609 1172 2694 fratrem
1194 2612 1229 2673 in
1253 2633 1311 2673 erm
1334 2609 1445 2682 detine-r

332 2709 386 2772 bot
411 2719 586 2793 potestate,
621 2717 650 2768 et
676 2706 879 2791 praedictam
911 2717 1041 2770 matrem
1071 2709 1211 2793 ipsoram
1243 2710 1275 2770 in
1308 2705 1445 2770 vratoda

331 2806 473 2870 cicutam
497 2803 635 2883 tenebat·
668 2805 831 2889 Hnyonem
862 2826 980 2890 qaoque
1011 2827 1112 2889 reyem
1143 2807 1245 2868 Romo
1274 2803 1425 2890 depulerat

332 2903 363 2968 A
395 2902 526 2988 legatis,
561 2903 617 2987 qui
641 2901 746 2965 Roma
769 2901 943 2965 redeuntes
967 2901 1103 2987 pallium
1128 2901 1335 2970 deferebant.
1366 2900 1425 2964 bae

332 3003 485 3065 nuntiata
509 3022 593 3079 esse,
625 3001 694 3084 ipse
719 2999 801 3062 dicit
825 3002 859 3063 in
883 2997 1048 3063 Chronico
1076 2999 1118 3062 ad
1143 3023 1172 3063 a.
1198 3001 1272 3064 933.
1321 3001 1357 3062 In
1378 3019 1426 3060 mr·

334 3100 423 3162 mino
447 3109 558 3163 antem
582 3098 623 3162 de
646 3097 740 3160 Rom.
765 3097 982 3161 Pontificibus
1005 3097 1137 3162 scribit:

381 3269 485 3352 „Nato
509 3267 673 3332 Patriciae
697 3265 776 3329 binc
801 3265 923 3330 cedunt
946 3266 1001 3352 pia
1019 3266 1098 3350 jura
1120 3264 1275 3344 dohanni‚

379 3366 585 3431 Undecimus
608 3364 697 3428 Petri
722 3363 784 3427 hoc
808 3365 864 3450 qui
889 3366 1021 3428 nomine
1045 3361 1130 3428 Sede
1153 3362 1291 3443 levatur,

378 3464 422 3527 Vi
448 3485 584 3543 vacuus,
609 3459 783 3547 splendore
807 3484 932 3543 carens,
956 3462 1054 3526 modo
1079 3483 1172 3525 sacra
1196 3461 1385 3534 ministrans,
1443 3499 1445 3506 ·

379 3562 495 3626 Fratre
519 3584 538 3624 a
562 3561 704 3625 Patricio
724 3560 810 3645 juris
834 3560 1058 3624 moderamine
1081 3569 1186 3643 rapto,

380 3659 446 3740 Qui
472 3669 609 3722 matrem
634 3659 793 3721 incestam
816 3679 924 3721 rerum
948 3656 1081 3741 fastigia
1104 3655 1240 3720 moecho

379 3757 527 3820 Tradere
551 3767 735 3836 conantem,
760 3754 926 3820 decimum
950 3754 1011 3819 sub
1036 3753 1177 3818 claustra
1199 3751 1379 3818 Johannem

381 3855 476 3935 Quae
500 3854 646 3932 dederat,
671 3853 811 3916 claustro
835 3851 929 3937 vigili
953 3862 986 3915 et
1009 3851 1143 3916 custode
1165 3849 1304 3933 subegit.

381 3951 539 4016 Artoldus
563 3961 670 4015 noster
695 3950 756 4014 sub
781 3972 845 4036 quo
869 3972 962 4014 sacra
986 3949 1086 4035 pallia
1109 3949 1217 4029 sumit,

382 4049 539 4134 Papaque
564 4049 642 4130 obit,
668 4070 788 4113 nomen
811 4049 980 4134 geminum
1005 4045 1171 4132 (maiatum)
1194 4045 1259 4110 fere
1282 4049 1388 4107 nactus
1402 4038 1423 4098 iu

814 4149 969 4210 annum.“

340 4259 416 4266 ⁶—-

413 4308 433 4372 ἱ)
453 4306 487 4361 V.
505 4305 647 4370 iturarum,
666 4305 767 4360 Annali
785 4303 894 4359 d’Itelie
912 4305 946 4358 nd
965 4320 989 4360 a.
1007 4303 1067 4357 9³2.
