2922 4832
392 519 432 574 De
450 518 512 587 lege
530 518 677 574 coelibatus
695 516 806 574 violata.
1127 517 1177 573 165

72 665 225 752 Apostolus
258 665 294 726 in
322 663 459 750 epistola
492 661 537 725 ad
569 663 732 725 Romanos
763 671 930 742 memorat,
967 661 1079 726 scelere
1114 685 1178 726 non

68 787 147 852 posse
168 785 291 844 carcre,
325 783 389 825 non
420 761 479 824 tibi
500 759 626 823 videtur
655 757 803 823 diabolus
833 761 1010 824 invenisse?
1057 757 1177 826 Clerici

70 863 261 926 Veronenses
284 856 442 922 videlicet
465 859 510 921 ita
534 857 656 941 passim
678 856 831 920 mulieres
855 856 1034 940 habebant,
1060 867 1095 921 ut
1110 881 1177 924 cre-

71 959 169 1023 derent
190 956 319 1020 licitum
344 955 432 1041 quod
457 957 628 1018 communi
653 975 714 1018 usu
739 963 810 1018 erat
833 965 1022 1041 receptum,
1055 965 1087 1019 et
1111 979 1177 1021 non

71 1057 160 1121 solum
182 1055 322 1135 licitum,
348 1053 406 1117 sed
430 1055 656 1118 necessarium
680 1054 780 1116 etiam
798 1055 900 1139 impia
925 1053 1063 1118 stultitia
1086 1077 1177 1140 prae·

69 1153 237 1235 tenderent,
263 1174 304 1216 ne
330 1154 404 1238 quis
428 1151 604 1215 mulierum
629 1173 762 1236 expers,
797 1152 941 1216 nefando
972 1174 1011 1215 ae
1035 1155 1177 1238 pessimo

70 1251 176 1315 scelere
201 1250 290 1337 quod
315 1249 498 1314 detestatur
521 1247 701 1336 Apostolus
725 1248 918 1314 deserviret.

146 1367 196 1433 15.
244 1367 318 1430 Hoc
352 1367 472 1430 vitium
504 1374 614 1429 autem
639 1373 706 1429 tam
731 1363 797 1430 late
821 1364 1009 1448 obtinebat,
1043 1374 1081 1428 ut
1111 1389 1176 1431 non

68 1465 159 1530 solum
182 1466 323 1551 majores
357 1473 389 1528 et
423 1463 558 1528 ditiores
590 1462 719 1546 clerici,
751 1463 808 1528 sed
843 1465 986 1528 minores
1022 1465 1121 1528 etiam
1146 1474 1178 1528 et

67 1565 267 1650 pauperiores
302 1585 339 1626 eo
372 1561 572 1626 laborarent.
629 1561 773 1646 Majores
805 1561 959 1647 designat
990 1561 1176 1645 Ratherius,

66 1683 155 1746 quum
178 1683 235 1726 eos
258 1662 401 1748 potiores
425 1669 458 1724 et
473 1659 649 1745 ampliores
673 1659 831 1724 ecclesiae
856 1659 982 1725 reditus
1007 1662 1177 1747 conqueri·

66 1767 110 1823 tur
130 1761 290 1824 tenaciter
314 1760 455 1823 retinere
479 1760 579 1822 etiam
604 1780 643 1821 ea
667 1759 809 1843 ratione,
843 1770 878 1822 ut
899 1759 1035 1823 babeant
1059 1783 1177 1846 quoque

65 1859 136 1922 unde
150 1859 236 1943 filiis
258 1879 383 1936 uxores,
399 1855 536 1941 filiabus
559 1857 727 1942 acquirant
749 1859 891 1931 maritos,
916 1859 1025 1922 cineas
1049 1869 1078 1921 et
1097 1881 1176 1922 caru·

61 1978 120 2039 pos,
140 1968 298 2043 postremo
313 1955 396 2019 unde
413 1977 606 2018 mammonas
626 1955 808 2040 iniquitatis
826 1955 955 2019 ualeant
979 1955 1143 2020 deser-circ.
1152 1953 1176 2042 ¹)

63 2051 270 2140 Pauperiores
294 2053 405 2118 clerici
429 2053 620 2117 indicantur
644 2055 678 2116 in
694 2053 871 2116 Discordia
893 2078 925 2119 n.
942 2054 983 2136 6.,
1008 2054 1066 2118 ubi
1091 2064 1175 2142 post·

64 2172 152 2235 quam
176 2175 232 2218 eos
256 2151 299 2216 ad
316 2151 470 2215 mulieres
495 2150 707 2215 dimittendas
729 2151 892 2237 imperiali
918 2151 1025 2216 edicto
1041 2151 1176 2216 adactos

63 2259 198 2329 enarrat,
232 2248 319 2313 hanc
342 2269 455 2312 corum
480 2249 725 2313 excusationem
752 2249 866 2312 affert:
908 2251 1054 2314 Omnium
1073 2273 1177 2336 paene

63 2352 215 2412 excusatio
239 2349 372 2426 sustitit,
397 2369 461 2410 non
481 2367 574 2432 posse
592 2357 729 2433 propter
752 2349 893 2433 inopium
917 2349 971 2412 boc
995 2348 1060 2413 ullo
1084 2349 1176 2413 modo

54 2443 141 2526 ficri,·
156 2447 317 2534 putruisset
340 2465 422 2508 nero*
436 2454 613 2529 utrumque,
638 2447 668 2508 si
691 2445 885 2532 stipendium
908 2447 1046 2510 debitum
1070 2469 1109 2510 ecc
1131 2470 1177 2510 re·

62 2539 110 2604 bon
131 2544 313 2608 imbuissent
345 2542 502 2606 ecclcsiae.
550 2541 716 2607 Videlicet
747 2567 824 2629 pars
858 2546 996 2608 minima
1028 2543 1107 2608 cleri
1142 2546 1177 2608 in

62 2639 110 2704 illa
132 2641 274 2706 ecclesia
298 2663 412 2706 omnes
435 2641 504 2704 fere
528 2650 709 2726 proventus
734 2639 888 2723 habebat,
919 2641 1038 2728 reliqui
1064 2643 1177 2727 inopie

60 2740 298 2822 premebantur.
346 2738 519 2820 Quatenus
549 2749 660 2802 autem
692 2741 824 2824 inopiae
847 2761 906 2825 per
930 2741 1083 2805 mulieres
1105 2761 1177 2826 pro-

60 2837 226 2920 spicerent,
260 2835 420 2922 explicari
444 2845 552 2922 potest
576 2857 619 2900 ex
643 2836 782 2922 epistola
805 2839 921 2902 coaevi
945 2839 1093 2924 episcopi
1118 2837 1176 2902 At-

59 2937 137 3000 tonis
161 2933 384 3000 Vercellensis
417 2933 460 2998 ad
486 2956 582 2997 strum
614 2933 738 2998 clerum
770 2935 930 3000 adversus
946 2935 1099 3000 -clericos
1129 2937 1176 3000 in·

59 3035 268 3098 coritinentes.
316 3031 406 3114 Sunt,
432 3033 549 3117 inquit,
575 3032 630 3118 qui
652 3033 690 3096 dc
705 3033 905 3119 feminarum
928 3035 1128 3099 contubernio
1145 3057 1177 3098 se

58 3153 203 3196 nouare
227 3141 398 3218 quaerunt,
431 3129 504 3192 duom
534 3152 624 3194 suam
647 3134 739 3217 qrtasi
761 3133 976 3196 necessitatem
1004 3142 1176 3221 eaeponunt.

58 3228 152 3294 Aiunt
175 3233 268 3309 enim,
299 3231 375 3315 quia
398 3228 463 3292 nisi
486 3229 630 3314 ipsarum
653 3229 798 3293 manibus
821 3239 1080 3310 sustentaremur,
1105 3234 1178 3321 jane

49 3325 135 3411 farne
157 3328 208 3392 vel
237 3326 382 3390 nuditate
410 3324 617 3408 dejiceremus.
668 3325 760 3400 Quod
786 3327 914 3413 fatuam
947 3350 1012 3392 esse
1052 3351 1176 3414 coquos·
1236 3373 1240 3380 -

58 3425 162 3502 cimus,
201 3424 277 3488 dum
309 3421 439 3486 illarum
472 3434 607 3487 natiuae
637 3425 883 3488 consideramus.
909 3473 917 3488 .
943 3474 951 3489 .
982 3427 1095 3490 Verum
1118 3427 1178 3490 etsi

56 3519 184 3607 aliquis,
218 3531 252 3585 ut
287 3521 465 3600 adseritur,
499 3521 534 3584 in
568 3523 748 3612 tejasmoctt
780 3523 959 3587 commercio
981 3524 1177 3588 inueniretur

56 3631 208 3702 quaestus,
233 3620 310 3704 quia
331 3629 438 3682 nostro
463 3619 638 3683 ministerio
653 3623 846 3685 contrarium
868 3621 1003 3701 videtur,
1029 3623 1176 3685 omnimo·

55 3714 101 3777 du
124 3728 171 3781 est
195 3717 484 3802 adspernandus.²)

140 3833 194 3898 16.
240 3831 396 3896 Dubitari
421 3841 542 3917 posset,
566 3855 646 3898 num
671 3834 753 3898 haec
777 3835 971 3899 clericorum
998 3833 1177 3899 mulierosi-
1210 3825 1321 3884 uiuunt

54 3939 99 3994 tas
122 3929 207 3994 adeo
232 3933 417 3994 communis
441 3941 474 3994 et
498 3929 644 4016 publicu,
669 3919 755 4018 quae
771 3933 862 3998 licita
886 3932 1175 4019 praetendebatur,
1223 3911 1314 3964 ΨΜ·

54 4025 266 4112 intelligenda
289 4031 332 4093 sit
354 4029 395 4093 dc
420 4028 633 4112 concubinis,
668 4051 750 4116 quas
782 4043 895 4096 tamen
928 4033 998 4118 ipso
1028 4033 1104 4119 jure
1128 4031 1175 4096 di.

56 4160 263 4172 ¹—-——-———

123 4222 143 4290 ¹)
164 4221 205 4276 De
224 4229 379 4292 contemptu
399 4223 464 4278 Can.
484 4239 510 4280 u.
530 4225 554 4278 4.

121 4301 145 4371 ²)
164 4303 290 4370 Epistola
308 4303 341 4360 V.
361 4303 450 4371 Opera
467 4321 492 4372 p.
514 4305 574 4360 305.
