2904 4834
329 497 827 570 meermannianam.
1104 499 1138 556 ra

39 669 108 728 cam,
125 647 193 733 jam
218 647 347 716 dudum
370 644 564 709 allemanie
580 639 798 707 Pontificibus
820 639 1028 724 debellatam,
1054 643 1136 709 adeo

36 745 204 828 generalem
240 746 352 810 fuisse.
397 741 551 827 llludque
587 739 755 805 saeculum
788 738 830 804 ad
863 739 963 805 finem
996 761 1137 829 vergens

37 853 220 908 exornarunt
243 844 307 907 viri
332 840 402 906 nelo
427 837 606 924 apostolico
630 847 850 924 praestantes,
884 841 1004 903 summi
1030 839 1138 904 Ponti·

37 940 113 1022 fices,
142 941 304 1028 episcopi,
334 937 458 1019 elerici,
488 935 626 1001 abbates
650 945 682 1000 et
703 935 874 1016 monachi,
903 937 970 1001 imo
995 947 1028 1000 et
1049 937 1137 1014 laici,

37 1047 64 1100 ot
83 1038 248 1124 expeditio
262 1038 284 1104 J
287 1035 542 1121 erosolymitana
556 1045 628 1098 tum
642 1043 796 1120 suscepta
810 1033 1036 1100 indubitatum
1051 1038 1138 1101 testi-

36 1139 164 1200 monium
189 1135 367 1222 praebet.¹)
407 1135 517 1221 Atque
541 1132 651 1220 quoad
674 1133 785 1197 omnia
808 1131 876 1196 fere
900 1132 1032 1198 saecula
1055 1135 1138 1220 ejus·

35 1233 110 1298 nodi
132 1243 310 1298 occurrunt
333 1234 530 1318 scriptorum
553 1239 680 1314 textus,
714 1229 836 1316 quibus
858 1251 968 1294 rerum
993 1233 1137 1297 conditio

33 1329 208 1416 depingitur
233 1332 489 1415 exaggeratione
513 1327 668 1414 quadam,
698 1350 737 1392 ao
761 1329 788 1392 si
813 1329 925 1391 cuncti
948 1327 1037 1393 illius
1061 1339 1137 1394 tern-

33 1429 108 1510 poris
130 1429 281 1494 homiues
304 1451 370 1493 uno
394 1428 539 1492 alterove
563 1427 649 1491 vitio
669 1426 832 1512 inquinati
849 1425 998 1490 fuissent.
1028 1425 1138 1492 Effata

33 1524 99 1588 ralia
128 1529 239 1613 itaque
270 1549 336 1591 non
368 1534 444 1590 sunt
474 1523 638 1610 urgenda,
669 1523 741 1588 sed·
756 1543 797 1586 ex
820 1523 917 1586 factis
941 1545 1026 1610 quae
1050 1535 1138 1590 certo

32 1633 169 1689 constant
203 1623 426 1709 colligendum
459 1632 523 1702 est,
560 1619 667 1707 qualis
699 1621 817 1707 quovis
850 1629 996 1705 ternpore
1028 1643 1136 1686 rerum

32 1731 124 1786 status
145 1723 255 1787 fuerit.
930 1735 932 1746 ⁴

110 1821 159 1885 14.
183 1819 399 1885 Providentia
422 1827 532 1882 autem
555 1816 671 1881 divina
685 1818 836 1880 evenisse
851 1815 1137 1900 animadvertitur,
1162 1835 1219 1876 com
1233 1833 1293 1874 sura

32 1929 60 1980 nt
82 1920 232 2002 quumvis
254 1915 412 1982 scandala
436 1914 535 1979 valde
557 1913 702 1998 lugenda
725 1916 760 1977 in
776 1913 928 1978 Ecclesia
949 1914 1139 1980 acciderent
1183 1895 1270 1937 'm'

29 2015 147 2080 saeculo
162 2017 303 2096 decimo,
317 2013 467 2078 docuina
481 2022 593 2077 tamen
608 2011 686 2076 fidei
704 2010 901 2076 detrimenta
912 2010 1004 2076 baud
1016 2023 1139 2098 patere-

30 2127 84 2192 tur,
94 2113 244 2178 haereses
256 2135 322 2178 non
335 2110 520 2190 ebullirent,
536 2131 598 2174 nec
611 2108 843 2204 sebismatibus
855 2111 965 2174 unitas
977 2110 1140 2177 catholica

30 2209 272 2296 discerperetur.
304 2209 376 2274 Imo
400 2231 468 2295 pax
492 2218 525 2272 et
547 2207 725 2272 concordia
749 2209 783 2271 in
798 2207 950 2272 Ecclesia
973 2211 1139 2292 universa,

29 2329 62 2372 ac
89 2309 264 2374 submissio
297 2306 357 2372 sub
381 2306 540 2370 Romanis
563 2304 781 2370 Pontificibus
804 2307 910 2390 magis
932 2306 1015 2370 forte
1039 2329 1138 2393 quarn

31 2407 231 2488 praecedenti
263 2417 411 2490 ternpore
445 2405 631 2488 viguerunt.
679 2403 754 2484 Qua
777 2403 818 2468 de
841 2426 876 2468 re
901 2404 1027 2470 Auctor
1049 2400 1141 2470 haud

30 2504 227 2588 spernendus
251 2502 374 2568 saeculi
399 2501 501 2588 elapsi
526 2499 660 2565 scribit:
696 2499 880 2585 „Quamvis
903 2505 991 2567 enim
1015 2501 1141 2568 Rornae

31 2601 114 2666 initio
145 2600 269 2666 saeculi
293 2600 392 2686 hujus
415 2611 449 2664 et
472 2601 506 2662 in
530 2597 627 2662 Italia
650 2597 692 2662 ob
716 2598 904 2684 regulorum
928 2601 1140 2684 tyrannidem

29 2711 56 2761 ct
84 2702 228 2766 intrusos
257 2696 418 2785 quosdam
441 2697 619 2762 Pontifices
649 2719 770 2782 magna
800 2699 965 2762 interdurn
996 2697 1140 2766 turbatio

30 2809 121 2878 emet,
151 2795 265 2861 multis
289 2817 365 2860 cum
389 2792 555 2858 scandalis
579 2793 771 2880 conjuncta,
796 2794 938 2882 indeque
962 2795 1141 2862 vehemens

29 2896 153 2960 llttonis
168 2895 214 2959 M.
226 2893 444 2979 ¹Imperatoris
467 2901 565 2978 atque
589 2893 819 2978 episcoporum
835 2915 911 2958 cum
926 2895 1057 2960 Joanne
1072 2895 1141 2960 XII

29 2991 145 3058 collisio
180 2994 337 3076 oriretur,
370 3013 436 3055 non
461 2990 618 3054 diuturna
641 3001 753 3054 tamen
775 3000 954 3077 tempestae
977 2991 1049 3076 illa,
1083 2993 1141 3058 sed

26 3109 61 3152 ea
88 3091 198 3176 potius
229 3089 362 3154 obscuri
392 3087 514 3152 saeculi
544 3110 623 3173 prae
647 3087 721 3152 aliie
743 3087 886 3154 felicitas
908 3099 941 3154 et
964 3090 1142 3177 singularis

27 3189 252 3272 praerogativa
282 3187 361 3268 fuit,
394 3188 489 3250 utin
512 3206 675 3250 novarum
699 3185 913 3252 ecclesiarum
936 3185 1140 3278 fundatione,

28 3285 57 3348 in
73 3284 279 3350 hierarchica
296 3283 577 3364 subordinatione,
602 3286 637 3347 in
654 3283 782 3370 legibus
796 3285 1045 3372 privilegiisque
1062 3286 1142 3372 pub·

31 3419 235 3430 -t-—n——n-—b

96 3479 114 3542 ¹)
132 3478 189 3533 Cir.
199 3479 316 3548 Paginru
328 3481 363 3536 sd
372 3496 397 3532 a,
408 3481 461 3535 900
470 3493 515 3534 nn
529 3484 552 3533 1.
562 3480 587 3532 3.
598 3507 633 3520 ···
643 3478 757 3547 Scripsit
765 3479 899 3535 Robertns
909 3481 1143 3538 Altissiodoreusis

27 3560 166 3614 cnonicns
191 3559 327 3628 regularis
345 3559 544 3618 monasteriis.
563 3559 681 3614 Mariani
699 3560 754 3616 Ord
781 3561 963 3616 Praemonstr.
983 3561 1143 3618 Chronionnr

28 3637 58 3690 ab
82 3639 188 3709 origine
213 3639 305 3694 rnuudi
323 3657 407 3709 nsque
425 3641 460 3696 ud
478 3656 503 3696 a
523 3639 610 3707 1211;
635 3639 704 3694 obiit
721 3655 785 3696 vero
803 3641 861 3708 ipse
879 3658 902 3696 a
924 3643 1000 3698 1212.
1038 3645 1144 3711 Appen·

26 3717 107 3772 dicem
131 3735 216 3786 usqne
241 3721 275 3774 ad
300 3737 325 3776 a.
352 3723 421 3776 1228
446 3719 546 3790 adjecit
570 3720 665 3789 Engo,
690 3721 795 3788 pariter
819 3721 961 3776 canonicus
986 3739 1007 3777 a.
1028 3722 1143 3776 Mariani

29 3797 265 3855 altissiodorensis.
303 3801 368 3860 (Otr.
389 3802 525 3866 Potthsst,
545 3800 714 3870 Wegweiser
731 3801 814 3856 durch
832 3802 876 3857 die
895 3801 1144 3858 Gasohicbtswerke

26 3877 69 3932 des
87 3879 272 3944 blittelalters,
292 3882 336 3938 tit.
349 3881 484 3937 Robertus
495 3880 731 3949 Altissidorensis.)
759 3881 837 3937 Unde
855 3882 940 3944 videa
958 3881 1034 3936 illurn
1053 3889 1144 3936 aucto·

28 3973 77 4014 run
97 3960 202 4016 manto
221 3960 322 4016 decimo
340 3977 394 4017 non
413 3977 471 4016 esse
490 3977 625 4026 coaevum,
645 3962 763 4030 adeoque
781 3976 814 4017 ea
832 3962 946 4030 quaeda
959 3963 1011 4016 isto
1025 3969 1144 4031 ternpore

28 4037 107 4094 babet
124 4055 172 4106 per
190 4057 219 4095 se
237 4041 289 4097 sibi
308 4043 415 4112 plenam
433 4043 514 4098 fidem
531 4059 585 4098 nou
604 4043 749 4098 vindicare
760 4043 917 4098 -Erravit
935 4049 1026 4097 autern
1038 4042 1144 4112 Pagina

28 4119 142 4174 mitens
160 4121 177 4174 l
196 4137 232 4177 a:
258 4122 294 4176 Ut
313 4124 388 4178 docet
400 4124 484 4192 Hespe
498 4123 746 4176 amamur-mee
764 4123 794 4174 ἐπ
811 4123 942 4176 fflsronico
956 4123 1069 4178 lieberto
1084 4122 1146 4188 ejus

30 4199 209 4253 miraculosi
231 4217 378 4270 perperam
401 4202 541 4255 octabae.
573 4202 623 4255 Est
641 4203 712 4257 enirn
731 4202 890 4258 Chronicum
912 4217 1007 4257 revera
1024 4201 1145 4266 Roberti‚

30 4277 192 4334 continuatio
211 4287 303 4336 antem
322 4281 365 4337 vel
384 4281 527 4350 appendia
545 4281 671 4351 Hngonis
689 4283 929 4338 attissiodorcncis.
