2922 4832
332 503 523 558 Controversia
540 503 573 559 de
592 503 845 558 reordinationibus.
1100 505 1150 557 133

52 648 165 712 nister-io
188 645 457 732 presbyterorum
474 646 615 728 illorum,
640 649 697 733 qui
721 646 763 711 ab
788 648 859 731 ipso
883 646 1025 710 ordinati
1044 657 1149 713 erant.

49 746 111 810 dam
134 743 295 826 vidimus,
325 745 567 810 interveniente
590 743 727 809 Nicolao
751 744 768 808 I
791 754 905 808 contr-a
930 744 1149 810 Hincmarum

51 843 261 924 libanensem,
285 843 405 907 vicisse
430 841 625 906 Wult'edum
643 843 780 928 ejusque
804 843 920 923 socios,
946 863 1067 929 eosque
1091 844 1150 906 mi-

51 942 165 1004 nisterio
196 951 229 1003 et
261 940 414 1024 dignitati
446 941 612 1004 restitutos
642 941 753 1005 fuisse.
801 939 1009 1004 Controverti
1033 947 1150 1026 potest,

50 1051 143 1102 utrum
177 1037 281 1124 aliqui
318 1036 447 1102 Galliae
474 1027 638 1124 episcopi,
670 1047 705 1102 ut
735 1037 840 1101 Immo
876 1037 1151 1123 Noviomagensis

48 1138 215 1221 episcopus,
240 1135 426 1200 nullitatem
450 1134 675 1200 omnimodam
700 1135 917 1200 ordinationis
932 1135 1082 1200 Ebbonis
1097 1136 1150 1200 de-

48 1234 207 1298 fenderint.
258 1233 298 1297 Id
332 1235 501 1298 existimet
539 1234 701 1314 Morinus3
716 1237 739 1314 ¹)
777 1244 877 1318 negat
911 1255 989 1298 vero
1025 1233 1151 1298 Natalis

49 1330 266 1416 .iiexauder,²)
299 1333 356 1417 qui
380 1331 551 1396 contendit
581 1332 621 1395 de
644 1331 768 1395 ordinis
792 1335 986 1409 exoratione,
1017 1353 1083 1396 non
1109 1330 1150 1394 de

46 1428 146 1492 ordine
178 1429 249 1514 ipso
282 1441 393 1494 actum
423 1429 551 1494 fuisse
589 1425 763 1493 Caeterum
797 1431 822 1492 si
857 1432 912 1515 qui
945 1430 1091 1515 episcopi
1116 1431 1152 1492 in

47 1549 168 1590 erronea
190 1529 347 1612 opinione
370 1527 513 1608 fuerunt,
538 1527 573 1590 id
597 1526 804 1590 fluctuationi
831 1524 876 1590 illi
901 1549 987 1613 quae
1011 1547 1048 1590 eo
1073 1537 1150 1590 tem-

47 1646 112 1707 pore
135 1623 410 1688 animadvertitur
432 1623 689 1688 adscribendum
713 1634 771 1687 est.

108 1732 160 1795 33.
185 1731 236 1794 De
252 1733 476 1796 controversia
491 1735 579 1795 circa
591 1730 815 1795 ordinationes
828 1731 975 1794 Formosi
987 1730 1058 1815 jam
1073 1731 1152 1793 satis
1163 1733 1321 1844 {mm

46 1825 133 1891 locuti
153 1851 274 1893 surinus.
305 1827 492 1916 Stephanus
507 1828 555 1892 VI
570 1829 799 1892 exauctoravit
812 1827 945 1914 quidem
961 1851 980 1891 a
995 1828 1152 1892 Formoso
1314 1825 1319 1834 '

44 1925 209 2008 ordinatos,
223 1926 281 1989 sed
294 1925 535 1991 ordinationem
551 1926 641 1990 illam
651 1947 717 1990 non
733 1925 849 1990 habuit
859 1935 896 1988 ut
910 1923 1006 2010 plane
1016 1924 1151 2006 nullam,

45 2043 95 2086 nec
110 2023 181 2087 illos
195 2023 384 2088 reordinare
399 2045 498 2088 ausus
515 2035 573 2088 est.
602 2023 736 2108 Sergius
746 2025 869 2108 pariter
881 2024 1091 2109 impugnavit
1105 2043 1152 2086 or·

44 2118 217 2185 dinationes
233 2121 392 2202 Formosi‚
417 2143 456 2185 ac
470 2143 529 2207 per
544 2145 579 2184 se
597 2121 669 2206 jam
686 2121 847 2206 ejusmodi
871 2123 1076 2206 impugnatio
1092 2143 1153 2206 par

43 2229 104 2281 erat
125 2219 174 2282 liti
199 2218 509 2284 vehementissimae
534 2219 775 2306 provocandae,
800 2220 929 2282 etiamsi
954 2231 1079 2283 tantum
1096 2241 1152 2283 ex·

46 2325 162 2380 ternum
187 2317 288 2381 ritum
321 2316 562 2382 benedictionis
594 2316 875 2381 reconciliatoriae
904 2317 1153 2403 suscipiendum

47 2413 198 2478 ordinatis
221 2415 440 2499 imposuisset.
471 2415 557 2478 Nam
582 2435 620 2478 eo
645 2416 715 2502 ipso
734 2413 933 2496 fatebantur,
958 2415 1152 2478 Formosum

45 2509 136 2574 fuisse
151 2511 360 2596 illegitimum
385 2523 418 2575 ct
431 2533 467 2598 se
492 2523 605 2575 contra
629 2531 772 2575 canones
795 2511 972 2576 ordinatos.
996 2511 1153 2575 Attamen

45 2609 296 2674 reordinationes
325 2610 367 2674 ab
392 2609 528 2674 Auxilio
544 2620 575 2673 et
590 2609 747 2695 Vulgario
772 2609 1014 2696 exprobrantur
1028 2607 1153 2694 Sergio,

42 2707 231 2773 arridetur
254 2710 308 2793 agi
334 2708 374 2772 de
398 2707 700 2772 reordinationibus
723 2709 855 2794 proprie
880 2706 977 2770 dictis
992 2717 1154 2792 quatenus

44 2815 74 2864 ut
95 2806 191 2890 plane
223 2805 333 2869 nullae
358 2806 507 2870 Formosi
540 2805 763 2870 ordinationes
787 2803 1037 2888 habebantur.⁸)
1084 2804 1153 2867 Nec

42 2911 144 2968 tamen
171 2905 252 2968 istae
267 2903 528 2968 reordinationes
541 2905 729 2989 frequentes
745 2903 846 2967 fuisse
859 2904 1024 2983 videntur,
1050 2923 1152 2988 quum

42 3001 222 3065 resisterent
246 3001 403 3084 ordinati3
433 3002 671 3087 frequentiores
695 3001 778 3064 forte
801 3001 935 3066 fuerunt
959 3002 1153 3065 consecrati·

39 3117 113 3161 ones
135 3098 191 3162 vel
215 3099 462 3164 benedictiones
485 3099 778 3165 reconciliatoriae.

123 3215 176 3278 34.
226 3213 320 3294 Quae
353 3215 414 3278 sub
448 3215 578 3280 Joanne
603 3213 672 3278 XII
697 3216 730 3278 in
754 3212 893 3278 concilio
919 3215 1066 3278 Romano
1084 3222 1254 3300 por-trum*
1278 3219 1315 3259 ΧΠ

38 3319 107 3374 ecta
132 3321 225 3392 sunt,
260 3334 325 3376 non
350 3311 545 3392 ostendunt,
577 3311 801 3376 ordinationes
833 3312 954 3376 Leonis
987 3323 1023 3376 ut
1055 3310 1153 3400 plane

40 3406 140 3472 nulius
169 3407 301 3474 habitas
331 3409 441 3476 fuisse.
490 3409 613 3475 Omnia
645 3411 732 3474 enim
763 3419 838 3495 apte
871 3409 1080 3496 explicantur
1112 3398 1153 3473 de

39 3501 239 3589 depositione
263 3531 282 3570 a
296 3507 412 3592 gradu,
438 3507 608 3592 dignitate,
633 3507 756 3572 honore
781 3517 926 3572 externo.
963 3506 1064 3571 Plena
1082 3509 1153 3594 qui-

41 3649 248 3660 —n———u

109 3721 127 3789 ¹)
149 3721 188 3773 De
205 3720 290 3773 saeris
308 3719 431 3774 Ordinst.
452 3719 618 3774 Exercitatio
637 3719 670 3772 V.
689 3735 711 3773 c.
732 3719 780 3773 IV.
800 3736 825 3774 n.
845 3719 878 3774 11.

106 3801 127 3866 ²)
147 3799 181 3853 In
199 3815 268 3855 suec
288 3799 320 3853 X.
353 3800 466 3854 Dissert.
487 3797 548 3854 VH.
581 3799 620 3852 De
640 3815 722 3853 cause
742 3799 872 3854 Wuliadi.

105 3879 126 3945 θ’)
145 3879 237 3933 Verba
255 3880 359 3934 Auxiiii
378 3880 535 3948 citavimus;
563 3879 711 3946 Vulgarins
738 3879 793 3933 ait:
826 3880 945 3946 „Habuit
963 3879 1048 3933 iudas
1068 3877 1155 3944 bapti·

38 3961 110 4014 zandi
130 3966 303 4028 potestatem,
316 3959 420 4025 habuit
439 3967 471 4014 ut
483 3960 585 4014 dictum
598 3968 647 4022 est
668 3967 696 4013 et
708 3960 849 4014 Fennosus
868 3976 916 4027 per
929 3958 1154 4013 consecrationem

38 4038 224 4107 episcoporum.
240 4083 245 4096 .
262 4083 268 4094 .
288 4041 365 4095 Unde
377 4057 443 4110 ergo
462 4039 592 4108 estquod
611 4039 699 4094 Judae
717 4039 851 4108 baptizati
870 4056 922 4094 non
943 4038 1154 4111 rebaptizentur,

38 4119 146 4174 alterius
165 4135 230 4174 vero
248 4120 366 4176 ordinati
380 4119 607 4176 reordinenturi‘*
630 4121 714 4174 [tuin
733 4117 824 4174 libello
843 4120 876 4174 de
889 4135 968 4174 carrea
981 4117 1155 4174 Formosiona

38 4213 75 4264 ap.
95 4197 240 4263 immmlen
260 4200 385 4254 Auxilins
414 4212 443 4254 et
461 4198 610 4268 Vulgarius
636 4216 661 4268 p.
686 4201 743 4252 121.
781 4198 836 4253 Cir.
855 4197 1066 4267 Hergeurdthcr,
1088 4197 1154 4250 Piro-

39 4278 89 4332 tins
109 4280 144 4336 11.
165 4295 191 4348 p.
212 4281 271 4334 367.
