2898 4836
384 537 498 592 Joaunis
517 539 568 591 Xll
588 537 773 594 Pontificatus.
1105 541 1139 593 75

43 683 238 746 tlbdllomam
263 704 463 768 progressus,
488 683 653 745 odoenus
678 681 746 746 XII
770 681 948 746 honorifice
970 695 1137 770 exceptus,

42 797 123 865 atque
144 780 194 844 die
219 781 252 844 2·
277 779 449 844 Februarii
473 782 506 844 in
530 780 766 864 Imperatorem
791 790 966 844 coronatus
990 793 1038 845 est
1063 805 1137 846 eum

42 877 181 942 ,ldelaide
213 901 332 958 uxore,
370 889 541 964 postquam
577 879 756 963 Imperium
792 879 978 942 Romanum
1010 879 1088 944 inde
1119 905 1138 944 a

42 987 126 1038 morte
147 976 339 1060 Berengarii
365 975 380 1038 I
411 977 454 1064 (a.
479 977 559 1059 924)
583 986 742 1040 vacasset.
790 975 868 1040 Otto
893 987 1012 1040 cuncta
1037 978 1138 1063 Apos-

41 1073 138 1137 tolicae
154 1074 250 1138 Sedis
266 1076 488 1159 possessiones
512 1084 545 1138 et
562 1075 640 1160 jura
664 1073 860 1159 temporaIIa
883 1095 922 1136 ac
946 1074 1139 1139 donationes

39 1171 129 1255 I'Ipini
166 1183 198 1235 et
236 1171 345 1236 Caroli
379 1174 424 1237 M.
464 1173 694 1254 confirmavit,
735 1174 829 1235 varia
864 1174 1027 1236 territoria
1060 1171 1137 1240 Sedi

39 1270 228 1352 spostolicae
265 1281 377 1355 erepta
410 1273 567 1352 restituit,
602 1294 640 1334 ae
676 1293 709 1335 se
742 1269 927 1334 Ecclesiam
964 1279 996 1332 et
1019 1270 1139 1334 Sedem

40 1366 201 1432 Romanam
241 1377 466 1454 protecturum
503 1391 574 1432 esse
615 1367 806 1454 promisit.¹)
865 1367 1019 1431 Pontifex
1060 1389 1138 1431 vero

38 1477 62 1525 vt
81 1465 213 1530 Romani
239 1464 378 1550 polliciti
403 1477 493 1549 sunt,
526 1489 560 1530 se
584 1466 714 1531 Ottonis
745 1465 895 1529 hostibus
925 1465 1138 1552 (Berengario

37 1575 60 1623 vt
79 1563 270 1649 Adalberto)
301 1564 427 1628 auxilia
460 1566 673 1650 praestituros
698 1586 763 1628 non
788 1586 868 1628 esse.
915 1564 1040 1628 Verum
1066 1587 1138 1627 con·

36 1660 129 1723 cordia
153 1663 240 1724 inter
255 1661 413 1726 Ottonem
437 1663 482 1727 M.
494 1709 496 1713 -
508 1673 539 1725 et
555 1661 719 1727 loannem
744 1661 813 1725 XII
829 1661 1024 1725 Pontificem
1050 1661 1139 1725 haud

35 1757 171 1823 diuturna
196 1761 271 1823 fuit.
433 1767 437 1774 '
1000 1759 1001 1764 ¹

1149 774 1199 815 Otto
1217 773 1244 815 u.
1267 773 1310 814 lm-

1180 837 1271 885 perator.

107 1885 155 1948 13.
200 1883 491 1964 Quemadmodum
516 1883 594 1947 Otto
613 1884 685 1968 jam
709 1893 785 1947 ante
810 1885 844 1946 iu
869 1881 1048 1948 Germania
1070 1883 1136 1965 dig-
1151 1884 1245 1987 ‘stiffi
1262 1885 1310 1924 2⁰¹¹·

33 1983 150 2046 nitatem
184 2005 279 2046 suam
314 1983 437 2066 regiam
469 1981 689 2066 amplificare,
722 2002 762 2044 ac
790 1991 983 2065 potestatem
1017 1983 1137 2066 prinei·
1201 1960 1212 1988 ⁰
1239 1959 1266 1987 ω’

32 2099 96 2159 pum
118 2080 275 2160 aliorum,
310 2081 366 2164 qui
392 2081 495 2164 ipsius
519 2078 693 2143 feudatarii
719 2089 821 2158 erant,
853 2089 1020 2143 coarctare
1047 2082 1138 2144 uisus

31 2191 76 2252 est,
98 2181 141 2241 ita
165 2179 352 2262 Imperator
374 2177 481 2242 factus
513 2175 597 2240 ultra
627 2176 762 2240 modum
786 2179 1015 2240 auctoritatem
1046 2200 1138 2242 suam

31 2297 166 2338 exercere
201 2285 236 2338 et
267 2276 445 2340 extendere
481 2274 594 2339 voluit.
646 2275 916 2338 Dominationem
951 2297 1138 2360 supremam

32 2373 235 2438 inditionem
267 2373 526 2437 ecelesiasticam
556 2373 619 2437 sibi
654 2394 691 2436 eo
725 2372 822 2435 modo
856 2372 1067 2453 vindicabat,
1106 2383 1141 2436 ut

30 2469 185 2534 Pontificis
225 2471 449 2556 principatum
488 2470 620 2534 civilem
657 2469 811 2534 laederet.
871 2469 945 2533 Non
989 2469 1055 2533 alia
1093 2493 1141 2534 ra-

30 2569 103 2632 tione
127 2571 217 2634 enim
243 2570 479 2655 patrimonium
506 2569 595 2632 Petri
621 2566 866 2649 considerabat,
891 2590 990 2653 quam
1014 2566 1140 2654 reliqua

30 2664 148 2751 Imperii
174 2669 357 2749 territoria,
393 2688 533 2752 quorum
564 2668 732 2752 principes
763 2667 843 2750 ipsi,
878 2677 914 2728 ut
944 2664 1060 2728 vasalli
1090 2687 1140 2729 su-

29 2787 125 2846 premo
150 2765 305 2846 domino,
339 2764 479 2850 subjecti
512 2775 615 2828 erant.
661 2764 701 2827 In
732 2786 783 2827 res
814 2785 947 2849 quoque
973 2761 1140 2826 eeclesias-

28 2863 96 2925 ticas
120 2863 200 2928 Otto
220 2864 292 2948 jam
318 2865 351 2926 in
376 2860 556 2926 Germania
580 2863 702 2947 passIm
728 2883 798 2924 sese
822 2863 1062 2940 immiscuerat,
1094 2861 1140 2923 ita

28 2973 54 3020 ut
76 2961 262 3026 (iulielmus
286 2959 556 3046 archiepiscopus
586 2961 813 3045 lloguntinus,
838 2959 925 3023 tilius
949 2961 1052 3043 ipsius
1076 2958 1139 3021 Im·

27 3061 185 3140 paraturis,
211 3059 393 3123 identidem
406 3059 484 3144 jura
501 3058 672 3122 Ecclesiae
698 3069 811 3121 contra
826 3067 953 3142 patrem
970 3057 1140 3120 vindicare

26 3155 175 3221 debuerit.
224 3157 306 3220 Erat
336 3158 471 3242 quidem
496 3156 575 3221 Otto
600 3157 645 3221 M.
670 3155 841 3220 Ecclesiae
865 3155 1018 3218 addictus
1043 3165 1074 3218 et
1098 3155 1137 3218 ad

26 3253 206 3338 religionem
231 3254 481 3340 propagandam
509 3277 547 3318 ao
572 3253 769 3317 firmandam
785 3261 974 3338 promptus,
1000 3253 1056 3316 sed
1082 3273 1140 3315 suo

25 3353 148 3416 arliitrio
174 3363 247 3416 tum
271 3375 323 3416 res
340 3352 455 3416 civiles
478 3362 549 3415 tum
573 3375 625 3416 res
641 3351 883 3415 ecclesiasticas
907 3359 944 3411 ut
958 3350 1142 3434 imperator

24 3448 189 3534 disponere
227 3451 406 3535 satagebat,
440 3449 692 3535 Ecclesiamque
723 3451 768 3511 ita
801 3446 1009 3533 protegebat,
1044 3457 1080 3510 ut
1106 3449 1140 3512 in

24 3569 84 3611 earn
109 3559 281 3612 exerceret
304 3548 449 3630 tutelam,
475 3571 541 3634 qua
560 3549 637 3634 jura
662 3546 749 3611 illius
773 3547 894 3630 passim
919 3544 1142 3630 postponebat

24 3659 111 3730 arque
136 3646 295 3711 violabat.

104 3774 157 3836 74.
205 3771 295 3835 Hinc
328 3771 475 3837 loannes
503 3771 572 3834 XII
603 3791 680 3832 mox
713 3769 873 3850 advertit,
909 3790 967 3852 per
998 3767 1142 3851 Impera-

25 3882 115 3933 torem
141 3871 374 3934 auctoritatem
390 3891 484 3933 suam
503 3867 646 3948 civilem,
671 3867 737 3930 imo
757 3867 855 3928 etiam
873 3864 1140 3944 ecclesiasticam,

24 3967 110 4030 valde
145 3969 316 4033 coarctari.
362 3968 537 4031 Praeterea
568 3988 646 4029 vero
678 3965 801 4028 Rornae
836 3963 996 4027 factiones
1028 3963 1141 4024 variae

24 4079 122 4150 crant,
164 4088 269 4152 eaque
294 4065 453 4128 nobilium
486 4087 561 4150 pars
593 4085 677 4148 quae
711 4061 1002 4146 independentiam
1040 4061 1141 4122 natio·

89 4311 108 4374 ¹)
127 4311 170 4366 De
182 4305 358 4364 coronatione
371 4304 478 4358 Ottonis
492 4303 519 4357 in
532 4303 724 4370 Imperatorem
736 4300 849 4356 Inferius
862 4300 1015 4354 accuratius
1029 4305 1137 4366 agetur.
