2962 4840
271 525 277 538 ·
323 505 427 560 eam
444 503 627 574 principatum
644 509 846 574 praeparantes.
1093 509 1144 562 105

52 661 139 714 baut.
181 651 255 714 Part
285 650 360 712 baec
392 659 496 712 autam
528 651 558 712 ia
590 649 660 734 ipse
688 671 747 712 ree·
776 671 915 733 opressus
947 650 985 713 de
1018 650 1085 715 loeo
1108 654 1144 716 r'rr

50 747 239 834 brumaeque
262 747 308 812 ad
331 747 453 812 Padum
476 747 576 812 eidem
598 757 706 811 saueto
730 749 798 812 viro
821 749 983 814 romeiatus
1006 750 1144 816 eumdma

50 845 168 910 deducit.
212 847 250 910 la
274 869 334 931 prro
358 845 425 910 loeo
450 847 480 910 ei
503 844 698 932 valefaciens
730 867 798 910 eum
821 846 919 930 diprro
943 845 1143 912 ordinatione

48 967 102 1006 rum
121 943 331 1030 repedandum
363 943 517 1022 obsolvit,
542 945 624 1008 dam
647 945 683 1009 ire
706 943 885 1030 obsequium
908 948 975 1032 ajars
998 943 1092 1008 duces
1115 955 1145 1008 et

47 1043 178 1126 panem
199 1065 283 1124 error,
307 1042 364 1106 aad
388 1052 418 1106 et
440 1041 524 1107 alios
547 1045 644 1120 uiros,
669 1043 723 1128 qui
746 1063 840 1128 saepo
864 1041 950 1105 diota
979 1043 1143 1106 Rooermo·

49 1139 109 1202 aar
128 1141 287 1204 territoria
319 1150 349 1204 et
377 1136 546 1205 Caesemate
570 1152 708 1206 omtrum
739 1141 928 1220 reddereut;
952 1150 981 1208 et
1004 1141 1054 1206 ita
1067 1140 1143 1225 foc-

48 1247 97 1298 tum
115 1249 164 1302 ert
188 1275 230 1286 -
254 1235 360 1302 Vides
383 1259 426 1302 ex
449 1237 511 1319 his,
535 1247 739 1324 quantopere
751 1238 907 1303 Pontifex
930 1236 1142 1321 laboraverit,

48 1343 74 1396 ut
93 1333 294 1421 Imperatoris
326 1335 512 1403 dominium
545 1336 747 1421 subsisteret,
772 1346 805 1400 et
828 1344 990 1422 quantum
1014 1334 1143 1401 elianus

45 1429 124 1494 berit
143 1456 162 1498 a
183 1433 381 1498 dominandi
405 1433 597 1500 ambitione.

114 1530 163 1595 28.
185 1531 397 1618 Lnitprando
421 1553 508 1596 anno
535 1533 599 1596 744
623 1541 751 1596 mortuo
775 1535 933 1598 successit
947 1532 1142 1598 Hildabrarr·
1161 1581 1239 1625 Mi·
1257 1594 1293 1624 m

45 1625 99 1703 dar,
118 1631 167 1694 eni
190 1639 266 1715 post
290 1628 416 1716 aliquot
439 1651 568 1694 menses
590 1654 610 1695 a
641 1629 832 1716 proceribus
856 1629 1005 1716 deposito
1029 1631 1143 1694 auffee·
1166 1643 1298 1695 murt-rd-

44 1731 84 1788 tus
103 1735 146 1790 eat
166 1727 298 1792 Raetis.
344 1727 444 1792 Initio
474 1727 609 1814 quidem
637 1751 713 1792 cum
737 1727 799 1793 hoe
829 1750 906 1812 rege
930 1750 1012 1813 pax,
1037 1730 1071 1792 in
1096 1729 1142 1792 vi·

43 1824 108 1904 giuti
128 1846 227 1890 annos
252 1824 419 1903 eonelusa,
443 1836 602 1891 renovata
635 1836 693 1906 eet,
718 1824 775 1890 sed
797 1827 903 1911 ruptis
926 1828 1032 1910 paetis
1055 1846 1142 1891 anno

45 1919 93 1984 tte
113 1921 229 1986 Rachia
254 1921 465 2009 Pentapolim
499 1927 699 1990 maritimam
728 1922 986 2009 praedabundus
1010 1925 1142 1998 invasit,
1237 1987 1242 2000 ,

43 2027 67 2078 et
76 2018 235 2086 Perusiam
260 2023 298 2086 in
321 2019 494 2087 obsidione
517 2023 634 2088 tenuit.
681 2022 750 2086 Hor
774 2021 908 2086 audieras
927 2011 1144 2087 aomtissimus

44 2113 123 2201 Papa,
144 2119 260 2184 scribit
278 2118 485 2201 Anastasius,
500 2122 647 2184 contiuuo
671 2141 726 2206 ape
742 2119 854 2184 divim
868 2119 987 2206 fietrrs,
1003 2141 1143 2207 assump-

43 2213 257 2301 marquart
282 2239 323 2282 aa
346 2241 401 2282 suo
425 2217 507 2282 aler-o
524 2241 592 2283 arm
615 2217 821 2305 optimatibus
845 2228 962 2302 quarto
987 2239 1075 2304 opus,
1100 2217 1144 2280 od

44 2311 158 2377 toumm
173 2317 327 2401 per-osuit
358 2317 526 2396 ciuitatem,
549 2317 757 2403 imperialique
788 2315 887 2380 eidem
909 2317 976 2401 rapi
994 2315 1144 2402 plurimis

45 2411 197 2477 mmmmm
229 2423 327 2500 atque
350 2415 469 2500 oppido
502 2437 571 2478 eum
593 2414 782 2501 deprecarer,
806 2413 983 2500 opitulante
1006 2414 1143 2478 Domiuo

45 2503 260 2575 aarum
283 2512 386 2598 ipsius
409 2513 549 2576 civitatis
573 2535 642 2576 eum
665 2511 789 2575 amovit.
840 2509 899 2576 tui
921 2521 951 2574 et
973 2510 1146 2598 salutifero

41 2607 220 2688 premium,
233 2609 306 2674 Deo
318 2620 445 2673 auctore
467 2607 570 2674 voluit
583 2613 651 2698 ejus
675 2610 815 2672 om'mam
837 2609 871 2672 r'rr
884 2608 1018 2696 speciali
1040 2608 1144 2674 studio

46 2698 185 2772 inclinare.
234 2708 281 2772 Et
306 2717 379 2792 port
403 2705 583 2792 aliptarrtor
606 2706 676 2772 dias
702 2707 801 2770 isdem
825 2707 941 2772 Rama
968 2729 1027 2770 rea
1048 2704 1144 2771 relia-

44 2819 119 2880 mmr
138 2806 279 2891 reputem
301 2805 497 2891 dipaitotem,
531 2805 641 2869 dooere
665 2828 733 2868 aum
756 2827 855 2870 umore
879 2815 908 2868 et
921 2803 1006 2887 filiis
1029 2804 1073 2868 ad
1096 2801 1144 2868 be·

44 2899 81 2960 eti
99 2901 179 2966 Petri
194 2905 362 2991 principis
376 2901 599 2989 Apostolorum
622 2904 788 2993 mujumoeit
810 2902 932 2982 limiae,
957 2912 1144 2988 acceptaque

45 3003 223 3088 opraefato
253 3003 452 3066 rameseiae
484 3001 577 3087 Papo
610 3002 764 3078 oratioue,
799 3000 986 3086 clericusque
1019 2997 1145 3086 effecere

45 3099 198 3164 mamm
228 3099 362 3164 indutus
395 3109 441 3164 eet
472 3097 579 3162 babitu
602 3121 671 3162 eum
697 3119 795 3162 umore
819 3108 849 3161 et
861 3097 955 3181 filiis.
1002 3095 1054 3160 Ita
1072 3096 1144 3181 jam

44 3205 138 3276 quater
170 3197 308 3264 influxu
341 3217 399 3262 suo
424 3195 540 3260 morali
563 3196 733 3260 Romanus
755 3196 911 3261 Pontifex
933 3193 1034 3259 Italos
1058 3193 1143 3258 Lon·

43 3291 175 3373 gebu-dis
198 3295 351 3362 nondum
381 3294 547 3380 subjectos
570 3293 612 3358 ab
645 3292 764 3358 horum
788 3293 1013 3358 dominatione
1037 3313 1144 3357 serva-

45 3401 126 3471 verat
148 3403 250 3479 atque
274 3415 342 3458 non
366 3391 495 3477 decepti
528 3401 604 3456 sunt
628 3394 684 3478 qui
715 3393 844 3477 inipso
868 3391 1003 3456 uuieam
1027 3391 1144 3455 eonsti-

45 3494 153 3554 taerant
174 3513 282 3578 spem.
328 3491 517 3556 Auctoritas
541 3489 636 3556 Sedis
661 3489 870 3574 Apostolioae
902 3487 945 3556 ad
978 3508 1143 3554 summum

45 3600 218 3664 pervenerat
253 3589 435 3673 fastigium,
466 3586 647 3673 imperialis
674 3608 753 3650 vero
786 3587 992 3652 auctoritatis
1026 3584 1144 3650 umbra

45 3689 151 3750 tantum
174 3697 357 3773 supererat,
379 3685 534 3772 quodque
555 3684 702 3750 nondum
719 3685 850 3770 penitus
870 3685 1030 3770 periisset,
1046 3685 1143 3748 unice

47 3775 171 3850 mnino
195 3783 352 3850 Pontifici
376 3782 569 3848 debebatur.

116 3883 166 3948 29.
191 3883 232 3949 In
256 3905 357 3968 regno
373 3880 669 3966 Langobardorum
685 3881 842 3944 suecessit
855 3878 1010 3942 Mohisio
1032 3901 1062 3943 a.
1080 3877 1144 3942 750
1164 3905 1299 3958 nauum,

48 3975 222 4065 tempera,
246 3983 304 4067 qui
337 4002 416 4045 mox
443 3987 569 4044 armata
593 3999 694 4042 manu
724 3975 941 4042 exarchatum
971 3976 1144 4040 Ravenna·

49 4083 152 4142 tensam
168 4080 303 4144 invamt.
350 4077 546 4162 Eutychiae,
572 4077 627 4162 qui
643 4074 707 4139 luit
730 4073 949 4139 exarcharum
964 4072 1145 4139 Ravennae

49 4169 171 4257 ultimus,
194 4179 265 4262 regi
288 4179 439 4240 resistere
462 4195 529 4238 non
556 4172 672 4237 valens
696 4173 845 4257 confugit
856 4169 1042 4256 Neapolim.
1089 4171 1144 4236 Ai-

50 4269 177 4356 stolpbus
191 4285 263 4340 tum
286 4273 502 4338 exarchatum
525 4283 595 4336 tum
610 4271 675 4336 alia
698 4271 864 4335 territoria
887 4266 1016 4332 mediae
1029 4266 1145 4331 Italiae
