3032 4844
296 485 313 535 6
648 481 689 536 De
707 480 811 536 hieran
829 481 1062 538 Iconoclssturum.

297 637 343 690 est
365 627 437 690 mite
461 635 491 688 et
515 637 724 703 momontum,
740 624 940 704 dissolutum,
953 649 1050 716 neque
1070 631 1155 714 quael
1176 643 1222 696 est
1246 645 1418 714 austerum,

297 725 492 788 astrictisum
515 723 743 809 relinquamus,
767 773 774 788 .
800 725 1040 789 ..muratum
1063 738 1119 792 etc.
1165 730 1311 797 Maxime
1334 751 1418 798 vero

297 843 424 886 canone
447 821 533 886 XIII
557 820 633 886 dein
664 821 705 886 de
729 843 896 886 sacrorum
925 824 1149 890 ministrorum
1173 829 1337 914 conjugiis
1360 833 1415 896 vel

297 919 461 986 coelibatu
484 919 583 982 talem
598 917 809 1004 disciplmam
823 922 1046 1002 constituunt,
1072 943 1156 1008 quas
1179 928 1258 990 satis
1281 927 1420 994 diversa

190 1015 196 1043 ¹
230 1012 261 1042 '¹'
297 1029 347 1082 est
369 1040 389 1082 a
411 1015 577 1097 Romanu,
601 1025 700 1102 atque
724 1015 811 1081 hano
827 1016 1010 1082 acrioribus
1033 1020 1144 1086 vorbis
1167 1033 1320 1106 arguunt.
1345 1025 1418 1092 Sta·

297 1127 394 1179 tuunt
428 1115 600 1178 videlieet:
650 1111 807 1186 Quoniam
835 1116 999 1180 Romanae
1032 1117 1178 1183 ecclesiae
1203 1145 1267 1207 pro
1295 1147 1421 1189 canone

297 1211 345 1300 (ir
367 1211 455 1292 τάξει
478 1209 625 1297 κανόνος)
651 1211 804 1276 traditum
826 1235 891 1276 esse
914 1216 1125 1300 coqrsorrimus,
1155 1229 1189 1281 ut
1205 1222 1422 1304 promovendi

296 1312 340 1376 ad
364 1311 565 1376 diaconatum
597 1309 646 1374 ool
668 1309 932 1396 presbyteratum,
961 1312 1171 1398 profiteantur
1199 1337 1231 1379 se
1263 1339 1327 1381 non
1351 1341 1421 1382 am-

294 1409 382 1496 plius
415 1411 480 1474 suis
512 1407 665 1472 umoribus
694 1409 941 1495 conjunqendos,
978 1432 1035 1474 nos
1072 1413 1233 1497 anaqemm
1265 1437 1421 1480 cononem

296 1507 498 1594 Apostolicae
522 1505 732 1593 perfectionis
760 1507 940 1592 ordinisque
969 1520 1144 1587 sanantes,
1176 1511 1332 1574 hominum
1363 1515 1423 1597 qui

297 1617 370 1668 sunt
402 1607 438 1668 in
470 1607 571 1668 sacris
605 1603 746 1688 leqitima
769 1605 916 1692 coujuqia
950 1604 1097 1691 deinceps
1130 1629 1247 1693 quoque
1262 1607 1363 1692 firma
1387 1621 1421 1673 et

297 1702 428 1768 stabilia
451 1724 515 1766 esse
538 1701 691 1778 nollemus,
725 1724 921 1786 nequaquam
949 1725 1054 1766 eorum
1081 1727 1149 1768 mum
1172 1705 1323 1771 suenone
1346 1731 1421 1771 aon-

289 1803 483 1890 junctionem
507 1799 725 1876 dissolventes,
758 1797 807 1862 uel
842 1822 893 1862 eos
925 1811 1032 1862 mutua
1056 1811 1192 1888 tempore
1215 1806 1422 1868 mnusniente

296 1898 516 1964 cousuetudine
535 1898 711 1984 privantes.
761 1893 968 1968 Quamobrem
991 1899 1020 1962 si
1042 1901 1112 1983 quie
1134 1901 1248 1986 sliquos
1269 1903 1420 1964 inventus

289 1999 413 2084 suerit,
439 1997 493 2080 qui
515 1994 763 2080 hypodiaconus,
778 1994 828 2057 uel
842 1995 1011 2074 diaconus,
1035 1996 1085 2061 uel
1101 1998 1267 2084 presbyter
1289 1997 1418 2062 orel-ine-

298 2107 363 2174 tur,
387 2097 416 2158 is
440 2094 484 2158 ad
507 2092 601 2156 talem
623 2092 758 2177 padum
780 2095 899 2156 assumi
926 2117 1122 2179 nequaquam
1140 2096 1363 2182 prohibeatur,
1387 2097 1420 2158 si

297 2215 365 2256 cum
396 2191 536 2275 leqitima
563 2212 661 2254 umore
689 2189 850 2254 cohabitet.
898 2189 962 2254 Sea
984 2215 1081 2277 neque
1105 2195 1319 2258 ordinationis
1343 2201 1418 2256 tenu

291 2313 372 2376 pore
407 2288 446 2352 ah
484 2310 518 2350 eo
548 2287 744 2375 postuletur,
779 2299 813 2352 ut
835 2287 1027 2373 profiteatur
1063 2313 1094 2354 se
1129 2316 1150 2354 a
1185 2291 1325 2377 leqitima
1348 2317 1421 2356 cum

298 2410 393 2452 rmore
417 2385 637 2450 consuetudine
661 2384 888 2463 abstentumm,
911 2409 950 2450 ne
974 2408 1013 2450 ess
1037 2409 1071 2450 eo
1097 2412 1117 2452 a
1139 2389 1207 2452 Dea
1231 2391 1423 2453 consumtus

297 2498 325 2548 et
350 2509 409 2549 auo
426 2484 613 2570 praesentia
637 2483 957 2570 henedictasnuptias
972 2486 1094 2574 injuria
1110 2485 1236 2572 afficere
1260 2507 1421 2570 eoqomur,

296 2582 476 2666 eranqslica
502 2605 573 2646 uoce
601 2580 812 2646 exclamante:
850 2579 963 2660 ,‚Quae
997 2584 1085 2648 Deus
1117 2585 1296 2671 eonjunuit,
1328 2584 1421 2648 homa

296 2704 360 2746 non
382 2687 544 2766 separet“;
579 2689 609 2744 et
641 2678 794 2764 Apostolo
827 2679 953 2744 docente
988 2681 1207 2759 „honorabiles
1233 2683 1365 2767 nuptiae
1389 2693 1422 2744 st

297 2790 397 2842 torum
419 2777 691 2855 immacutatum,-
715 2786 760 2840 et:
784 2775 968 2862 „Alliqutus
988 2781 1147 2842 conmori?
1169 2802 1207 2843 aa
1231 2799 1345 2863 quaere
1369 2800 1420 2842 so·

297 2877 476 2940 lotionem.“
501 2913 544 2922 -
567 2874 655 2938 Dein
680 2881 841 2956 statuunt,
867 2885 1065 2959 attempero
1088 2877 1262 2942 ministerii
1285 2885 1421 2940 tantum

298 2973 501 3036 continentia
536 2979 702 3052 servetur,
725 2965 770 3033 'et
794 2962 1013 3036 oonhludunt:
1053 2971 1090 3036 Si
1123 2976 1192 3058 qais
1225 2997 1294 3056 erqo
1310 2973 1420 3059 suerit

298 3093 409 3148 ausus,
427 3080 559 3156 praeter
582 3067 772 3154 apostolicos
794 3091 930 3132 conones
964 3071 1122 3152 incitatae,
1153 3071 1288 3157 aliquem
1311 3092 1421 3134 eorum

299 3171 353 3254 qui
376 3179 448 3232 sunt
470 3168 505 3231 in
519 3168 630 3246 sacris,
640 3166 907 3252 presbyterorum,
931 3168 1105 3252 inquimus,
1129 3166 1179 3232 rel
1201 3167 1417 3248 diucmsorum,

299 3266 345 3332 uel
367 3265 669 3352 hypodiaconorum,
694 3266 909 3353 conjunctione
926 3287 994 3328 cum
1016 3265 1157 3349 leqitima
1172 3287 1269 3328 umore
1293 3275 1323 3328 et
1345 3287 1418 3329 con·

297 3364 459 3428 unatim
478 3364 608 3449 privare
613 3411 623 3441 ,
647 3362 832 3447 deponatur.
880 3361 1035 3428 Similiter
1058 3373 1088 3426 st
1110 3365 1139 3426 ei
1161 3365 1230 3446 quis
1250 3360 1419 3447 presbyter

297 3460 345 3525 uel
368 3461 521 3526 dieseonus
545 3483 635 3526 usam
657 3481 784 3524 osorem
801 3461 937 3546 pietatis
962 3471 1136 3548 praetentu
1159 3459 1294 3549 ejecerit,
1319 3481 1419 3545 seqre·

295 3570 401 3644 qetur,·
424 3569 454 3622 et
477 3559 506 3622 si
524 3568 715 3644 perseueret,
733 3559 920 3643 deponatur.
945 3595 987 3606 -
1011 3559 1113 3622 Hisce
1130 3555 1340 3642 disciplinam
1354 3555 1418 3620 Ro-

298 3677 429 3720 manam
455 3664 638 3739 coarguunt
661 3665 697 3718 ut
713 3653 891 3740 Scripturis
915 3655 1035 3736 saeris,
1060 3655 1206 3740 antiquis
1222 3651 1415 3734 canonibus,

297 3751 413 3840 pietati
441 3751 665 3839 oppositam).
712 3753 801 3817 Dum
837 3775 915 3818 vero
949 3753 1183 3818 abstinentiam
1216 3773 1236 3814 o
1268 3749 1417 3833 lagihma

305 3932 398 3940 ...υ-.-
405 3928 504 3937 -ι--ι

371 4031 393 4096 Ι)
412 4026 511 4082 Similis
529 4025 626 4080 indolis
643 4033 687 4079 est
709 4025 792 4080 etium
820 4041 878 4084 cen.
904 4023 989 4089 XXX,
1017 4023 1046 4078 io
1065 4037 1116 4094 qua
1135 4027 1224 4092 agunt
1244 4021 1277 4076 de
1294 4022 1416 4076 musmo·

297 4109 371 4164 tibus
390 4109 419 4162 in
438 4105 594 4174 reginnibus
611 4103 794 4162 babarorum.
833 4107 866 4162 Si
901 4104 1076 4173 apostolieum
1105 4116 1235 4156 canonem
1259 4100 1293 4154 ds
1329 4117 1415 4160 auore

298 4205 354 4243 son
368 4185 503 4255 ejicitrrda
518 4185 634 4252 putatis
652 4199 685 4237 ae
703 4185 841 4254 reiiqianis
856 4185 1004 4253 praetentu
1026 4198 1055 4235 se
1071 4179 1232 4250 superprehi
1248 4180 1342 4234 hebere
1358 4183 1415 4235 sai·

295 4269 417 4331 stimant,
438 4271 461 4318 st
480 4263 555 4316 ultra
574 4279 606 4316 ea
625 4279 694 4332 quoe
712 4263 860 4316 constituta
879 4267 943 4317 suut
960 4263 1065 4329 facus,
1085 4264 1111 4314 et
1127 4257 1188 4313 idea
1205 4261 1337 4312 nmmum
1354 4275 1413 4314 eum
