3002 4836
330 507 365 560 34
679 506 719 559 De
738 504 842 560 haeresi
861 505 1097 559 Icouoolestarum.

328 661 483 712 certamem
515 673 536 712 a
569 647 760 713 sacerdotali
795 648 899 734 officio
935 666 999 712 oeae
1032 647 1205 711 mundricii.
1258 649 1441 734 Imperatori

328 771 445 833 quoque
478 747 614 811 suadeas
647 747 820 824 solatoria,
850 759 885 812 ot
920 771 940 809 α
965 746 1025 809 toli
1048 743 1222 808 execrabili
1243 746 1373 810 miserie
1395 746 1440 806 de-

326 841 469 922 clinaret,
494 847 621 932 comptis
643 847 838 909 commonuit.
863 883 894 894 —
934 844 973 908 In
997 845 1068 906 vita
1090 863 1185 928 porro
1209 842 1361 926 Gregorii
1386 843 1440 910 Ill.

327 945 374 1006 uti
400 945 432 1007 in
449 943 625 1007 Anastasio
649 942 803 1023 habetur,
827 945 928 1006 etiam
952 961 1018 1006 non
1042 953 1203 1026 apparent
1217 941 1359 1024 vestigia
1382 940 1441 1025 ple·

327 1061 389 1104 nae
422 1043 638 1126 separationis
661 1041 776 1105 Italiae
810 1041 852 1106 ab
877 1041 1019 1125 Imperio
1045 1039 1199 1104 Orientis.
1248 1037 1319 1102 Imo
1344 1061 1440 1124 quum

326 1141 460 1203 monitis
493 1142 560 1204 suis
593 1138 681 1204 idem
711 1139 867 1203 Pontifex
895 1139 1062 1218 institerit,
1096 1147 1132 1199 ut
1162 1159 1181 1200 a
1213 1137 1302 1202 lucta
1333 1149 1441 1202 contra

327 1259 436 1301 sacras
472 1238 633 1324 imagines
663 1237 845 1322 Imperator
878 1234 1060 1315 recederet,
1096 1255 1264 1322 quumque
1294 1257 1335 1298 ex
1360 1237 1440 1299 Ana·

327 1336 425 1398 stasio
450 1333 524 1398 Itali
549 1333 816 1420 supplicationum
843 1335 964 1420 scripto
984 1355 1048 1418 pro
1077 1334 1234 1418 eripendis
1256 1333 1442 1418 imaginibus

327 1433 477 1498 miserint
500 1433 542 1496 ad
567 1433 816 1518 Imperatorem,
847 1453 889 1494 ex
908 1431 998 1494 hisce
1022 1431 1131 1515 potius
1156 1430 1322 1512 suadetur,
1347 1431 1443 1495 Italos

326 1529 369 1593 ab
394 1531 536 1615 Imperio
562 1551 628 1594 non
652 1530 822 1593 defecisse.

173 1646 303 1698 neuneu
415 1629 469 1692 37.
493 1629 617 1693 Nititur
650 1627 784 1714 quidem
814 1625 953 1690 Sandini
988 1626 1008 1692 l.
1045 1651 1072 1692 a.
1104 1629 1202 1691 etiam
1238 1627 1320 1691 haec
1354 1649 1442 1710 argu-

183 1709 290 1750 ⁰⁰¹¹⁸³¹²²
326 1737 437 1790 menta
461 1735 557 1790 acute
582 1725 717 1791 diluere.
762 1722 927 1806 Advertit,
952 1747 991 1789 ea
1015 1746 1099 1810 quae
1119 1747 1162 1789 ex
1176 1725 1279 1790 Paulo
1295 1725 1442 1788 Diacono

325 1833 358 1888 et
381 1824 556 1888 Anastasio
581 1826 766 1888 afferuntur
789 1824 963 1903 contraria,
989 1833 1136 1908 spectare
1165 1826 1274 1908 priora
1297 1833 1442 1908 tempora

326 1921 477 2007 Gregorii
497 1923 545 2006 113
576 1923 619 1988 ab
640 1919 829 1987 obedientia
848 1931 881 1984 et
900 1943 920 1983 a
938 1921 1070 1984 tributis
1095 1924 1202 2008 ipsum
1226 1921 1365 1984 solvisse
1386 1920 1442 1984 lta·

324 2019 373 2084 los
398 2021 521 2086 ultimis
545 2021 641 2085 annis
663 2017 875 2106 pontificatus
903 2019 970 2099 sui,
998 2020 1124 2105 maudo
1148 2020 1264 2084 clausit
1288 2021 1334 2103 (a.
1369 2021 1442 2102 7·in

324 2117 451 2183 molitio
479 2121 704 2206 Imperatoria,·
737 2137 845 2202 neque
874 2118 907 2180 in
935 2119 1035 2201 gestis
1059 2116 1209 2201 Gregorii
1239 2117 1290 2180 ΠΙ
1318 2115 1442 2202 aliquid

325 2218 479 2298 inveniri,
504 2215 591 2303 quod
612 2215 791 2280 narrationi
814 2216 1011 2299 scriptorum
1031 2235 1224 2299 graecorum
1249 2225 1443 2300 opponatur.

326 2313 423 2379 Hanc
449 2317 549 2399 igitur
572 2336 642 2379 esse
665 2311 916 2377 admittendam.
960 2313 1088 2377 Similia
1113 2316 1212 2378 etiam
1237 2313 1311 2378 Em.
1348 2311 1442 2376 Oard.

325 2413 485 2478 Bartolini
518 2413 539 2478 l.
573 2435 601 2478 o,
635 2412 744 2476 habet.
783 2449 825 2458 —
864 2409 929 2476 Sed
961 2413 1082 2475 mirum
1115 2432 1194 2476 sane
1227 2421 1292 2492 est,
1326 2409 1444 2474 latinos

325 2512 500 2596 scriptores
534 2511 575 2575 de
609 2510 667 2574 tali
697 2510 784 2573 facto
809 2508 981 2573 Pontificis
1004 2531 1044 2573 ac
1068 2510 1109 2574 de
1132 2519 1266 2595 peraeta
1286 2507 1443 2572 Italorum

326 2607 510 2673 defectione
534 2609 576 2673 ab
600 2609 801 2693 Imperatore
831 2625 872 2669 ne
898 2605 1038 2670 verbum
1062 2608 1197 2693 quidem
1222 2607 1343 2672 dicere.
1384 2607 1446 2670 Iste

325 2717 463 2771 eventus
496 2708 608 2792 magni
638 2705 795 2770 momenti
820 2702 914 2766 haud
937 2703 1033 2769 facile
1057 2705 1217 2771 oblivioni
1243 2705 1341 2771 datus
1373 2706 1446 2770 fuis·

325 2815 383 2871 set.
432 2805 594 2885 Quamvis
624 2803 687 2867 hoc
718 2809 951 2885 argumentum
983 2805 1025 2866 sit
1048 2806 1252 2888 negativum,
1277 2807 1311 2868 vi
1337 2815 1445 2870 tamen

325 2925 384 2967 sua
417 2925 482 2968 non
518 2913 617 2967 earet.
663 2901 714 2965 Ea
749 2919 829 2962 vero
866 2919 949 2983 quae
985 2901 1026 2965 de
1059 2901 1183 2966 ultimis
1215 2925 1347 2989 quoque
1371 2902 1446 2968 Gre-

324 3003 408 3086 gorii
443 3001 476 3064 11
510 3003 605 3065 annis
639 3007 671 3062 et
701 2997 746 3061 de
782 2997 977 3081 pontificatu
1012 2997 1162 3084 Gregorii
1196 3001 1248 3065 111
1281 3001 1324 3066 ab
1362 3002 1448 3066 Ana·

324 3102 424 3164 stasio
448 3099 652 3178 referuntur,
687 3096 841 3181 quamvis
864 3095 1014 3162 absolute
1045 3119 1120 3162 cum
1145 3100 1372 3184 suppositione
1398 3099 1447 3162 de·

324 3197 476 3262 fectionis
497 3196 613 3261 Italiae
637 3215 702 3259 non
727 3201 890 3278 pugnent,
915 3193 1051 3259 difficile
1075 3206 1186 3260 tamen
1210 3217 1286 3260 eum
1310 3220 1350 3262 ea
1376 3219 1447 3260 eon-

325 3297 439 3360 sistere
473 3317 567 3380 posse
600 3293 766 3358 videntur.
813 3288 987 3358 Praeterea
1019 3292 1116 3358 facile
1148 3293 1218 3358 fieri
1252 3296 1376 3380 potuit,
1415 3305 1447 3356 nt

324 3395 436 3477 graeci
470 3394 660 3478 scriptores,
694 3391 748 3455 vel
782 3393 892 3480 potius
920 3391 1139 3478 Theophanes
1169 3415 1211 3456 ex
1240 3414 1304 3478 quo
1327 3393 1447 3479 reliqui

326 3491 520 3570 hauserunt,
551 3492 661 3554 minus
689 3503 842 3556 accurate
873 3513 956 3578 quae
988 3492 1023 3554 in
1051 3489 1147 3554 Italia
1171 3490 1355 3554 acciderint
1379 3513 1447 3555 nos·

325 3599 413 3670 sent,
452 3588 615 3674 quaedam
653 3588 902 3671 confunderent,
938 3598 971 3652 et
999 3590 1033 3652 in
1065 3590 1253 3653 narratione
1290 3599 1447 3653 errarent.

325 3684 413 3752 Sane
435 3686 511 3750 Itali
537 3697 569 3750 et
590 3688 770 3772 praecipue
794 3689 934 3776 Romani
958 3688 997 3752 dc
1012 3686 1106 3773 facto
1127 3688 1249 3752 Leonis
1273 3689 1448 3752 conatibus

326 3787 359 3848 vi
383 3787 582 3866 restiterunt,
608 3795 640 3848 et
663 3806 765 3870 quum
789 3809 809 3850 a
833 3785 1062 3870 Langobardis
1086 3787 1185 3850 etiam
1208 3797 1447 3870 premerentur,

326 3905 364 3948 eo
395 3905 447 3947 res
481 3883 629 3963 devenit,
654 3893 690 3946 ut
723 3881 863 3947 ducibus
887 3905 945 3969 pro
978 3882 1113 3947 arbitrio
1144 3882 1258 3947 electis
1288 3885 1352 3970 ipsi
1386 3884 1447 3948 sibi

326 3980 501 4067 providere
517 3981 695 4063 studerent,
721 3990 752 4044 et
771 3983 949 4045 auctoritas
965 3981 1143 4067 imperialis
1167 3981 1234 4045 fere
1247 3981 1337 4046 nulla
1354 3993 1448 4047 esset.

324 4077 466 4143 Tributa
506 4081 539 4143 in
564 4080 627 4143 ista
665 4080 852 4144 animorum
898 4083 1115 4146 commotione
1157 4082 1256 4144 etiam
1295 4089 1448 4144 recusata

325 4199 411 4260 esse,
435 4177 532 4242 facile
557 4177 695 4261 dixeris,
729 4175 783 4240 uel
816 4177 932 4242 saltem
960 4179 1199 4264 Impositionem
1228 4179 1306 4242 novi
1329 4179 1448 4242 tributi

325 4275 531 4362 impeditam.
578 4275 666 4340 Hinc
690 4275 798 4364 potuit
821 4274 904 4360 fieri,
938 4284 974 4339 ut
1005 4276 1094 4362 apud
1118 4275 1303 4341 Orientales
1333 4277 1448 4362 opinio
