2898 4836
381 553 495 607 loannis
513 553 563 607 XV
584 551 769 608 Pontificatus.
1103 549 1138 604 97

116 695 163 760 ut.
187 695 393 760 Convocavit
416 697 517 781 igitur
542 695 639 782 Hugo
664 696 828 782 synodum
858 696 901 762 ad
933 719 957 762 s.
981 697 1307 762 sacramencum-

46 791 158 857 Rhemia
180 791 422 874 celebrandam,
446 815 531 881 quae
556 793 610 859 die
637 795 695 858 17⁰
715 795 811 860 Junii
835 796 914 859 anni
938 796 999 860 991
1028 795 1139 860 incho·
1187 772 1272 815 Μ’·

43 900 86 952 ata
105 901 157 954 est
208 889 398 954 Adfuerunt
429 893 575 978 episcopi
607 891 767 957 tredecim
800 912 841 955 ex
875 895 977 957 variis
1011 891 1140 959 Galliae

43 989 201 1070 provinciis
225 988 387 1074 multique
407 987 563 1070 abbates3
587 990 754 1075 praesedit
776 988 941 1074 Seguinus
964 991 1140 1076 archiepis-

42 1105 126 1170 copus
147 1085 356 1167 Senonensis,
380 1085 575 1172 Arnulphus
606 1107 685 1152 vero
711 1088 865 1173 captivus
894 1087 1059 1152 adductus
1082 1099 1141 1153 est.

40 1181 243 1248 accusatione
266 1185 301 1247 in
318 1205 393 1248 eum
407 1186 568 1270 exposita,
592 1184 739 1251 defensio
754 1187 930 1250 commissa
950 1186 1014 1250 init
1036 1185 1141 1252 tribus

40 1279 251 1346 ecclesiasticis
282 1281 405 1363 doctis,
440 1283 526 1346 inter
557 1302 640 1368 quos
672 1281 736 1347 fuit
769 1281 868 1348 Abbo
901 1281 1142 1348 Fleuriacensis

38 1376 135 1443 abbas.
180 1379 226 1444 Hi
251 1381 338 1443 inter
360 1377 456 1464 plura
472 1377 538 1445 alia
562 1389 768 1464 argumenta,
793 1379 914 1468 quibua
929 1380 1142 1468 Amulphum

39 1475 170 1541 ‹lamnari
193 1499 262 1542 non
287 1497 381 1562 posse
405 1499 425 1541 a
448 1476 574 1561 syuodo
600 1479 754 1544 evincere
770 1479 880 1543 conati
901 1489 987 1561 sunt,
1011 1501 1049 1543 eo
1065 1501 1142 1566 quo·

37 1595 88 1658 quc
109 1575 171 1639 nisi
202 1583 280 1639 sunt
311 1575 515 1660 praescripto
541 1574 628 1660 juris
651 1576 821 1656 canonici,
854 1597 994 1640 examen
1018 1586 1051 1640 et
1073 1599 1142 1642 sen-

38 1672 155 1736 tentiam
180 1671 223 1736 de
247 1670 451 1758 depositione
475 1674 622 1759 episcopi
629 1695 643 1758 ,·
667 1694 707 1737 ac
731 1674 875 1737 maxime
899 1675 1142 1759 metropolitani

38 1765 226 1849 Rhcmensis,
243 1793 371 1834 causum
390 1791 455 1834 csse
470 1775 629 1859 majorem,
654 1770 802 1856 adeoque
818 1771 862 1836 ad
885 1771 1029 1836 tribunal
1045 1773 1142 1857 perti.

36 1887 99 1928 nere
120 1866 261 1931 Romani
284 1867 471 1932 Pontificio.-
490 1905 532 1914 —
557 1868 608 1932 Ea
629 1869 802 1933 occasione
821 1879 858 1932 ut
874 1868 1039 1955 Arnulphi
1060 1869 1143 1935 Rhe-

35 1966 140 2028 mensis
154 1964 345 2030 defensores
357 1965 524 2048 refutaret,
538 1966 720 2030 orationem
730 1966 885 2030 fusiorem
898 1966 1144 2032 habuitArnul·

35 2061 106 2142 phos
121 2062 375 2128 Aurelianensis
388 2063 571 2148 episcopus.
596 2063 635 2127 In
648 2063 764 2128 eadem
777 2066 943 2148 armganti
958 2064 1144 2151 eloquentia

34 2162 113 2224 varia
136 2160 258 2225 effudit
280 2171 395 2226 contra
418 2159 538 2226 Sedem
562 2161 762 2244 Romanam,
794 2183 878 2247 quae
902 2165 1033 2227 everis
1057 2165 1142 2249 prin-

34 2259 115 2342 cipiis
138 2258 240 2346 plane
263 2257 437 2340 abludunt,
461 2269 494 2322 et
517 2279 646 2324 veneno
670 2259 880 2324 schismatico
908 2260 1030 2324 inlecta
1053 2272 1143 2344 sunt,

33 2356 165 2422 nefastos
190 2367 332 2422 eventus
355 2377 434 2421 vero
458 2358 514 2442 qui
539 2357 662 2421 Romae
686 2357 877 2422 acciderant
900 2368 1088 2443 exaggerat,
1112 2369 1145 2424 et

35 2452 124 2518 veluti
148 2453 293 2520 callidus
317 2454 504 2519 causidicus
524 2455 642 2520 iisdem
665 2456 701 2518 in
716 2445 948 2539 argumentum
972 2477 1030 2541 pro
1046 2479 1145 2522 causa

36 2573 86 2615 sua
107 2556 154 2618 uti
180 2554 310 2618 nititur.
356 2553 406 2616 Eo
438 2551 574 2617 deducit
606 2552 785 2638 sophistica
814 2553 1052 2618 declamatione
1082 2577 1145 2620 ser-

34 2669 163 2734 monem,
180 2661 220 2716 ut
233 2661 367 2736 asserat,
388 2652 616 2716 auctoritatem
630 2649 842 2736 Apostolicae
858 2651 953 2716 Sedis
969 2652 1010 2715 ob
1025 2674 1146 2737 pravos

31 2745 146 2834 aliquot
169 2747 374 2812 Pontificum
398 2769 504 2812 mores
529 2747 729 2834 defecisse.¹)

111 2865 165 2930 98.
196 2863 246 2949 ,0
263 2865 416 2950 lugenda,
434 2863 608 2946 exclamat,
633 2865 754 2930 Romal
780 2887 865 2952 quae
879 2866 1000 2929 nostris
1016 2867 1145 2948 majori·
1161 2885 1268 2930 revetra
1284 2887 1307 2929 re

31 2959 84 3026 bus
113 2963 205 3028 clara
237 2962 372 3027 Petrum
403 2962 529 3027 lumina
558 2961 756 3048 praebuisti,
792 2965 910 3028 nostris
943 2947 1227 3048 ,emporibussaa
1255 2949 1315 2990 ⁸⁰¹²·

31 3071 248 3126 monstruosas
271 3061 424 3126 tenebras
448 3061 557 3125 futuro
582 3061 713 3126 saeculo
737 3061 879 3126 famosas
903 3061 1049 3125 effudisti
1065 3113 1072 3126 .
1089 3111 1096 3126 .
1113 3112 1145 3127 ..

29 3157 179 3224 Vidimus
211 3157 377 3224 loannem
411 3169 628 3244 cognomento
653 3159 876 3223 Octavianum
908 3159 943 3221 in
973 3157 1146 3224 volutabro

31 3253 206 3320 libidinum
241 3257 340 3321 etiam
375 3265 489 3322 contra
526 3277 600 3320 eum
635 3255 790 3321 Ottonem
828 3279 925 3343 quem
959 3257 1146 3341 Augustum

30 3365 200 3419 creaverat
223 3356 438 3440 conspirasse.
472 3353 547 3434 Quo
570 3353 683 3438 fugato
708 3355 775 3419 Leo
800 3353 985 3440 neophytus
1009 3357 1041 3419 in
1064 3355 1146 3420 Pou·

31 3451 148 3517 tilicem
185 3462 324 3517 creatur.
380 3451 446 3518 Sed
479 3451 600 3516 Ottone
633 3451 774 3518 Caesare
807 3453 910 3516 Roma
945 3451 1145 3518 discedente>

27 3547 231 3616 Octavianus
254 3549 392 3615 Romam
423 3550 524 3630 redit,
555 3549 701 3615 Leonem
734 3549 841 3634 lugat,
875 3551 1038 3616 loannem
1073 3551 1139 3616 dia-

59 3702 225 3710 —.-.-—-

94 3782 114 3848 ¹)
135 3779 273 3850 Anrulpbl
286 3780 488 3834 Aurelianensis
507 3780 580 3834 dicta
594 3779 740 3834 Gerbertus
753 3781 782 3835 in
796 3780 871 3833 Actis
889 3779 971 3850 hujus
990 3781 1095 3834 concilii
1113 3780 1147 3836 ab

27 3861 79 3928 ipso
98 3861 264 3928 conscriptis
283 3859 355 3918 bisce
374 3859 472 3915 refert:
493 3861 597 3928 „Multa
615 3876 695 3928 super
713 3861 755 3916 his
773 3867 852 3928 pater
870 3859 1024 3928 Amulphus
1042 3861 1147 3928 publice

27 3941 127 3995 locutus
147 3949 199 4006 est,
219 3941 307 3995 multa
325 3955 385 3995 cnm
404 3947 512 3995 tannim
530 3939 582 3994 sibi
595 3941 776 3994 assidentibus
795 3939 918 4003 contulit,
937 3955 1006 4006 quae
1024 3957 1057 3994 ne
1076 3940 1146 3996 forte

27 4021 109 4075 trinus
128 4020 279 4076 suavitatis
298 4019 417 4075 habeant
435 4021 476 4074 ita
494 4021 608 4089 sparsim
625 4021 716 4090 posita
734 4028 766 4075 ut
783 4027 848 4074 sunt
866 4020 900 4074 ab
919 4035 950 4074 eo
968 4019 1089 4087 prolata,
1115 4037 1147 4076 ea

26 4101 51 4154 in
67 4119 154 4157 unum
175 4101 301 4170 colligere
314 4101 464 4164 maluimus,
482 4107 514 4154 ut
526 4101 685 4156 continuata
703 4101 789 4154 oratio
802 4101 861 4169 plus
879 4099 1010 4155 utilitatis
1028 4100 1148 4156 studioso

27 4181 116 4236 lectori
137 4181 285 4236 conferat.“
325 4182 375 4248 Ap.
396 4181 494 4236 Baron.
514 4181 547 4235 cd
566 4195 590 4237 a.
610 4181 663 4236 992
681 4197 705 4234 n.
728 4183 770 4236 14.
792 4211 823 4220 -
843 4179 932 4245 Vides,
957 4179 1082 4234 Gerbcrti
1102 4197 1146 4248 po·

28 4263 78 4316 tius
96 4261 241 4318 censebis
261 4260 382 4329 exprimi.
420 4257 545 4314 Gerberti
565 4262 634 4314 Acta
653 4260 765 4314 Concilii
778 4259 937 4315 Rhemensis
955 4265 1066 4314 exstant
1084 4259 1145 4314 llll.

28 4341 300 4407 mmmm

52 4443 197 4492 Jurrgmaun,
213 4441 397 4480 ltisscrtotlorrca.
412 4442 476 4480 Tum.
493 4441 532 4482 lv.
1026 4427 1041 4479 7
