2952 4832
292 507 330 560 De
350 505 601 561 Praedecessoribus
620 507 645 560 S.
666 507 794 575 Gregorii
814 509 876 562 Vll.
1111 513 1163 564 2353

132 653 184 716 18.
211 651 331 714 Paucis
345 651 466 736 quibus
482 649 637 714 Nicolaus
651 649 685 714 H
704 649 874 715 Ecclesiae
898 655 1041 738 praefuit
1054 657 1160 728 annis,

53 771 162 834 magna
177 747 399 812 sollicitudine
418 749 518 812 etiam
533 750 602 833 ipse
619 747 690 832 ejus
707 747 803 813 saluti
818 753 999 836 prospexit.
1032 750 1161 817 Summi

53 848 197 911 momenti
224 845 286 908 fuit
309 845 486 909 concilium
504 846 689 909 Romanum
715 869 827 911 mense
841 847 950 934 Aprili
973 851 1051 913 anni
1075 849 1160 916 1059

52 945 257 1023 celebratum,
293 946 327 1007 in
356 965 420 1030 qno
453 946 571 1008 iterum
604 945 806 1030 prescriptae
844 955 921 1010 snnt
956 949 1096 1014 simonia
1129 961 1161 1013 et

51 1043 281 1107 incontinentia
305 1041 510 1123 clericorum,
541 1065 580 1106 ac
604 1043 759 1106 demetam
789 1043 827 1106 de
851 1043 998 1110 electione
1022 1048 1162 1111 Romani
1193 1059 1309 1102 comissa

50 1141 201 1224 Ponn'fiea's
237 1139 408 1203 conditum
448 1147 505 1205 est.
553 1139 694 1204 Multum
727 1141 884 1207 videlicet
914 1143 1087 1226 intererat,
1124 1153 1160 1208 nt
1194 1130 1316 1172 'mm'

49 1239 174 1303 demum
190 1237 270 1302 ordo
285 1247 393 1301 certus
407 1239 441 1302 in
457 1237 615 1302 electione
628 1238 798 1302 Pontificis
813 1249 1018 1323 statueretur,
1042 1241 1159 1306 turbae

49 1339 235 1418 vitarentur,
260 1345 292 1400 et
314 1345 539 1400 removeretur
562 1336 756 1420 periculum,
790 1341 966 1424 quominus
989 1362 1031 1403 ex
1054 1338 1159 1425 Impe-

47 1437 155 1500 ratoris
193 1434 329 1499 arbitrio
363 1433 518 1497 Pontifex
551 1443 726 1498 crearetur.
781 1435 882 1500 Hand
921 1437 1060 1501 dubium
1101 1449 1159 1511 est,

38 1527 307 1598 'Hildebrsndum
338 1535 449 1616 sagaci
480 1531 658 1616 prudentia
682 1553 721 1596 ea
745 1535 963 1614 constituisse,
997 1557 1081 1622 quae
1105 1557 1159 1600 ex·

46 1631 115 1694 inde
139 1633 176 1696 in
201 1630 360 1695 electione
383 1629 555 1694 Pontificis
579 1629 748 1694 observari
773 1631 940 1697 deberent.
977 1633 1042 1698 Sed
1061 1634 1160 1718 juvat

46 1728 153 1792 audire
180 1749 265 1814 quae
280 1729 406 1792 Bonizo
431 1727 472 1790 de
493 1726 549 1792 illa
573 1728 700 1811 synodo
725 1728 856 1793 scribit:
883 1732 960 1795 Non
974 1729 1065 1818 lonpo
1084 1743 1160 1818 post

44 1838 173 1912 tempore
190 1828 387 1914 concrepuerit
394 1827 571 1914 praefatus
584 1825 737 1912 Pontafecc
751 1829 914 1913 synodum,
929 1830 964 1892 in
979 1853 1041 1915 quc
1052 1827 1158 1894 (incido

45 1924 289 1987 lfediolunenm's
313 1926 478 2012 episcopus
500 1923 607 1988 colens
629 1924 740 1988 nolens
762 1925 881 1989 sedisse
904 1927 1082 2012 copentibus
1101 1927 1158 1990 Pu·

42 2023 152 2084 tnn'nis
163 2024 360 2106 copnoseitur
370 2024 405 2104 ¹),
430 2021 546 2085 ducens
558 2045 658 2085 secum
670 2025 805 2086 ceruices
818 2035 926 2088 tauros
935 2023 1158 2107 Lonpoburdos

41 2121 217 2206 episcopua·
254 2119 290 2182 id
325 2131 371 2182 cst
407 2117 607 2184 Cunihertum
645 2119 871 2185 Tostrinensem
913 2132 942 2184 et
984 2120 1159 2186 Giselt‘num

39 2217 201 2280 Astensem
225 2227 254 2282 et
275 2217 449 2282 Benzonem
474 2217 639 2280 Aliensem
667 2229 697 2282 ct
723 2218 908 2303 Grepomum
939 2217 1159 2282 Vercellensem

38 2322 66 2374 et
89 2315 235 2377 Orionem
270 2315 500 2379 Novaniensem
532 2327 560 2378 et
593 2316 760 2401 Opiccnem
784 2317 981 2381 Laudensem
1011 2329 1040 2380 et
1063 2315 1158 2380 Aldu·

37 2435 184 2476 monnum
217 2413 445 2478 Remittensem.
497 2413 616 2486 Quibus
651 2415 792 2478 omnibus
826 2417 861 2480 in
896 2415 1004 2478 codem
1038 2415 1158 2502 syroodo

32 2521 237 2599 praeceptum
261 2522 320 2588 est,
352 2521 387 2575 ut
408 2512 587 2576 sacedotes
611 2524 640 2575 ct
663 2511 775 2578 territas
798 2512 1021 2578 concubinatos
1047 2512 1086 2576 ab
1111 2513 1157 2575 al-

35 2610 112 2670 toris
137 2620 284 2672 arcerent
306 2610 426 2695 0ffi⁰i⁰i
449 2633 524 2697 erpa
546 2613 735 2674 simoniacos
748 2633 820 2674 vero
839 2612 969 2675 multum
985 2612 1156 2674 misericor-

34 2705 118 2769 dium
143 2707 320 2771 habendum
346 2731 409 2772 csse
433 2708 641 2780 decreuerunt,
676 2721 704 2772 et
728 2711 881 2773 communi
912 2710 1049 2773 omnium
1075 2710 1156 2794 epis-

38 2863 96 2869 Ψ-
135 2863 248 2870 ...ψ-ι..

31 2936 188 2992 Fridericos
214 2935 401 3006 Letharingus
428 2944 460 2991 nt
484 2937 654 3005 pontificatui
681 2939 789 2993 idoneos
815 2942 997 3008 proposuerat.
1036 2938 1069 2990 Iu
1092 2935 1156 2988 Vita

30 3015 104 3072 brevi
123 3016 271 3072 Benedicti
295 3033 337 3084 ap.
358 3019 510 3072 Watterich
535 3017 557 3074 l.
583 3019 635 3072 203
661 3018 727 3073 haec
751 3017 915 3082 referuntur,
941 3019 1004 3072 dum
1027 3021 1157 3070 narratur

30 3097 248 3152 Hildebrsndnm
267 3098 418 3166 increpasse
436 3099 544 3153 clericos
558 3099 691 3153 Romanos
709 3099 742 3154 de
760 3099 891 3154 electione
903 3097 1055 3154 Benedicti:
1076 3097 1156 3166 „Qui-

27 3177 88 3232 dam
107 3193 179 3232 vero
194 3177 263 3244 quod
276 3177 398 3232 fecerant
412 3179 603 3234 defendebant:
626 3180 763 3250 Qremoinm
778 3180 873 3244 botrus,
893 3180 1013 3248 supinos,
1032 3179 1154 3244 tinnitu,

28 3265 135 3324 costus,
157 3259 301 3329 bmipnua
322 3265 348 3312 et
366 3260 502 3328 qudquid
521 3261 590 3314 torto
609 3262 639 3313 iu
658 3261 751 3328 utiquo
770 3261 915 3328 reperitur,
935 3265 1109 3312 neomeniae
1125 3260 1154 3310 in

24 3341 82 3394 ilio.
111 3341 158 3394 Et
172 3340 234 3392 ideo
248 3341 322 3408 quod
335 3341 458 3406 secinucs,
479 3341 544 3393 berte
563 3341 700 3394 credinrus
721 3341 827 3405 rectene.
853 3339 896 3393 Sic
914 3339 1028 3404 denique
1047 3343 1155 3392 conteu-

26 3419 101 3473 tione
124 3420 203 3474 inter
216 3435 260 3473 eos
279 3419 324 3472 din
337 3421 509 3488 persistente,
533 3421 606 3474 nullo
623 3421 700 3474 modo
719 3419 837 3474 animum
856 3419 1036 3474 archidiaconi
1054 3418 1155 3483 adhoc,

24 3501 95 3566 qnod
116 3499 234 3566 fecerat,
251 3507 362 3568 propter
376 3505 582 3565 sacramentum,
597 3499 704 3554 flectere
714 3500 866 3566 quiverunt.
887 3499 924 3553 Et
934 3500 1060 3565 quoniam
1069 3499 1155 3567 major

23 3595 86 3646 pars
97 3580 263 3635 clericorum
274 3585 301 3632 et
308 3581 435 3634 laicorum
446 3596 505 3634 cum
516 3581 702 3634 archidiacono
713 3586 779 3634 erat.
790 3581 970 3648 deposuerunt
980 3585 1007 3633 et
1017 3580 1155 3647 ejeccmnt

23 3662 201 3727 praedictum
220 3661 396 3714 Benedictmn
415 3661 447 3714 de
466 3667 568 3730 papatu
587 3665 660 3715 suo.“

99 3813 121 3863 ἰ
145 3811 297 3865 (luidonem
310 3811 535 3866 Mediolanensem
555 3818 645 3865 tamen
658 3827 718 3865 curn
730 3811 829 3866 bonore
848 3810 876 3864 in
898 3808 1009 3863 concilio
1023 3810 1153 3864 resedisse

23 3891 110 3946 tradit
126 3890 265 3945 Amulius
283 3891 310 3944 in
327 3891 419 3945 Gestis
433 3894 622 3960 elo-iscoporum
637 3892 890 3946 illediolunensium
905 3889 950 3954 (ll.
962 3889 993 3943 G.
1008 3889 1061 3942 Sor.
1076 3889 1152 3944 Vlll.

23 3977 56 4027 18
69 3976 157 4040 sqq.).
181 3971 317 4039 alloquens
341 3971 497 4026 Petarinos:
519 3973 610 4038 „Ecce
630 3972 727 4038 iuquit,
746 3971 968 4038 metropolitanus
986 3977 1076 4023 vester
1089 3985 1153 4036 prae

19 4055 104 4108 solito
118 4054 275 4106 Romanum
293 4058 405 4106 vocatur
424 4053 457 4105 od
475 4053 613 4119 synodum.
639 4051 721 4117 Abiit
741 4053 787 4106 sed
806 4055 899 4104 contra
918 4055 1022 4104 vestros
1040 4047 1153 4102 affectus

20 4151 141 4203 prosper
163 4131 197 4184 fit
216 4131 256 4185 iiii
274 4132 307 4184 ad
327 4138 424 4186 cuncta
447 4147 592 4186 antecessus.
630 4129 788 4185 Decibiliter
811 4129 933 4197 equidem
960 4135 1096 4183 tractatur
1119 4128 1153 4181 ab

20 4214 190 4282 Apostolico
208 4213 411 4276 mendiculus,
440 4213 516 4280 cujru
544 4213 640 4266 dextro
662 4211 766 4278 positus
790 4211 879 4264 estin
897 4208 1035 4279 praesenti
1053 4207 1153 4276 synodo

19 4295 111 4350 latere
140 4337 147 4348 .
173 4333 206 4346 ..
232 4291 347 4346 Proinde
370 4291 583 4362 archiepiscopus
607 4309 666 4346 cnm
689 4291 861 4359 promitteret
884 4290 979 4343 domno
1000 4289 1154 4358 Apostolico
