2904 4834
409 502 530 556 Formosi
550 501 735 557 Pontificatus.
1099 505 1131 557 21

38 647 105 708 mosi
127 645 346 710 ordinationes
369 644 460 710 baud
484 644 613 710 validas
636 646 747 710 fuisse.
781 647 833 710 De
857 647 1029 712 validitate
1045 651 1133 712 enim

32 741 259 806 ordinationum
296 743 446 807 Formosi
466 741 757 809 vehementissima
777 747 1000 809 controversia
1020 755 1135 810 exorta

33 851 88 916 est,
117 842 160 904 uti
191 841 330 906 inferius
357 841 556 907 videbimus.
604 839 780 906 Caeterum
805 843 1000 906 Formosum
1024 845 1133 909 virum

34 936 153 1021 dignum
184 939 287 1004 fuisse
319 961 359 1004 ac
391 938 476 1004 bene
499 938 686 1004 Ecclesiam
719 939 936 1024 gubernasse,
971 963 1013 1005 ex
1037 940 1135 1006 docu-

35 1038 137 1100 mentis
164 1035 253 1101 illius
276 1039 393 1102 aetatis
418 1036 592 1122 colligitur.
638 1036 694 1102 Sic
716 1047 798 1102 teste
822 1038 1008 1103 Flodoardo
1032 1050 1296 1124 quamtormutdr

31 1132 125 1198 adbuc
146 1135 361 1200 Portuensem
386 1134 498 1200 sedem
521 1145 656 1216 teneret,
682 1137 813 1221 scripsit
832 1135 1035 1201 Hincmarus
1051 1136 1135 1201 Rbe-
1188 1113 1257 1155 Μ’

34 1235 136 1297 nensis
169 1233 349 1316 „Formosa
455 1232 607 1318 religioso
641 1235 812 1320 episcopo,
847 1233 1039 1300 collaudans
1063 1236 1134 1320 ejus

29 1350 114 1412 quam
136 1329 289 1395 audierat
311 1331 495 1395 sanctitatis
519 1340 552 1395 et
574 1333 732 1396 scientiae
747 1331 881 1412 famam,
907 1355 1134 1418 quaerensque

32 1427 118 1508 ipsius
148 1427 273 1492 babere
306 1427 581 1510 familiaritatem,
615 1439 649 1492 et
681 1439 717 1493 ut
745 1431 816 1514 ipse
839 1452 898 1515 pro
922 1453 956 1494 se
981 1431 1136 1516 dignetur

30 1543 116 1605 orare,
147 1528 258 1590 vicem
283 1526 464 1611 rependere
488 1526 664 1612 spondens,
698 1538 730 1591 et
754 1528 918 1613 quaedam
942 1530 971 1592 ei
998 1551 1135 1592 munera

31 1623 162 1699 mittem,
197 1634 237 1687 ut
268 1626 320 1688 sui
353 1626 545 1689 memoriam
578 1627 611 1688 in
644 1625 848 1690 orationibus
872 1624 1004 1692 habeat.
1051 1627 1136 1692 Item

31 1729 182 1805 postquam
217 1720 343 1786 litteras
383 1745 458 1786 suas
490 1720 579 1786 idem
610 1723 789 1787 Formosus
821 1725 852 1787 ei
880 1726 1066 1806 remiserat,
1099 1726 1135 1790 in

28 1817 133 1901 quibus
165 1819 208 1884 de
243 1823 381 1884 caritate
414 1823 449 1885 in
477 1842 553 1884 eum
577 1821 841 1904 significaverat,
874 1823 1022 1904 intimat,
1056 1824 1136 1908 quia

31 1935 165 2000 nagnam
200 1920 237 1982 in
272 1921 343 2003 ipso
377 1917 513 1983 haberet
545 1919 774 2004 fiduciam.“¹)
820 1919 873 1984 De
907 1941 944 1983 eo
977 1918 1135 1984 Auxilius

29 2014 199 2099 presbyter:
241 2013 294 2097 „Is
327 2027 376 2080 est
407 2017 553 2102 profecto
587 2016 658 2097 ille,
693 2019 749 2103 qui
782 2019 816 2081 in
849 2019 941 2082 omni
972 2019 1043 2080 vita
1075 2039 1135 2082 sua

28 2122 120 2176 urae
136 2115 313 2199 gravitatis
331 2115 436 2178 forma
452 2116 588 2198 exstitit,
611 2127 648 2178 ut
663 2116 780 2179 vinum
799 2136 864 2179 non
875 2115 1014 2196 biberet,
1025 2116 1136 2180 carnis

25 2223 141 2291 gustum
166 2213 321 2294 nesciret,
345 2212 507 2276 femineae
532 2213 670 2299 copulae
694 2235 812 2299 expers
826 2215 1055 2297 octogenarius
1072 2214 1136 2276 vir-

27 2308 144 2389 gineum
169 2332 269 2375 snum
294 2331 414 2396 corpus
430 2309 598 2376 hominem
615 2333 740 2376 exuens
756 2321 861 2374 terrae
878 2309 1135 2377 commendaret.

29 2403 79 2468 late
108 2409 208 2473 etiam
244 2418 359 2493 gentes
382 2407 619 2494 Bulgarorum,
654 2411 758 2474 vitam
791 2410 976 2474 sanctitatis
1007 2408 1136 2496 praedi·

25 2505 139 2570 utiene
171 2507 391 2588 confirmans,
425 2517 462 2570 ut
485 2529 583 2570 verus
608 2506 818 2591 Apostolicus
841 2506 885 2570 ad
908 2505 1007 2571 fidem
1031 2506 1135 2571 addu-

26 2603 122 2690 xit“²)
169 2604 380 2669 Flodoardus
403 2625 481 2670 vero
506 2607 615 2689 ipsum
639 2604 729 2670 bisce
753 2602 905 2668 versibus
929 2604 1087 2669 celebrat:

118 2745 279 2830 „Praesul
301 2746 356 2810 hic
380 2749 531 2832 egregius
555 2748 734 2812 Formosus
756 2745 913 2812 laudibus
937 2746 1012 2811 altis

115 2845 293 2928 Erebitur,
318 2856 437 2925 castus,
461 2867 582 2930 parcus
605 2846 679 2929 sibi,
704 2845 815 2929 largus
839 2846 962 2930 egenis.

114 2943 314 3029 Bulgaricae
338 2945 429 3027 genti
453 2943 530 3008 fidei
555 2945 612 3030 qui
637 2945 763 3007 semina
787 2945 917 3029 sparsit,

116 3040 269 3104 Delubra
293 3041 464 3120 destruxit,
489 3039 648 3126 populum
672 3039 869 3105 coelestibus
892 3042 993 3105 armis

116 3137 292 3220 Instruxit,
317 3138 459 3203 tolerans
483 3139 675 3204 discrimina
698 3137 855 3224 plurima,
878 3149 1027 3224 promtus

116 3235 321 3322 Exemplum
344 3235 504 3316 tribuens,
529 3247 565 3300 ut
588 3238 654 3300 sint
677 3236 818 3300 adversa
841 3235 991 3319 ferenda,

116 3333 160 3397 Et
183 3333 270 3398 bene
294 3335 421 3397 viventi
446 3333 624 3399 metuenda
648 3335 857 3399 incommoda
881 3333 1003 3399 nulla.“

101 3476 267 3558 Quamvis
290 3499 369 3540 vero
392 3477 541 3542 moribus
556 3477 694 3562 dignum
710 3477 906 3541 Formosum
921 3476 1020 3540 fuisse
1035 3475 1132 3561 plane

24 3585 147 3656 constet,
171 3575 265 3639 baud
289 3576 481 3660 negaverim
502 3583 624 3657 umen,
650 3597 707 3661 pro
723 3576 827 3638 animi
842 3573 958 3638 ardore
969 3574 1042 3660 jam
1057 3584 1134 3638 ante

26 3672 241 3752 pontificatum
275 3673 475 3737 factionibus
506 3672 650 3758 politicis
683 3694 758 3736 eum
790 3671 873 3736 forte
905 3673 1046 3736 nimium
1076 3673 1134 3736 im·

28 3767 170 3848 plicatum
202 3771 320 3852 fuisse,
355 3793 416 3835 nec
447 3770 527 3835 dum
550 3771 707 3836 Pontifex
737 3780 807 3834 erat
837 3791 875 3834 eo
899 3772 1066 3856 pervenit,
1099 3780 1136 3834 ut

25 3865 263 3933 adversantium
286 3870 415 3934 animos
438 3867 501 3932 sibi
526 3867 727 3934 conciliaret.
764 3867 876 3948 Quum
901 3889 979 3932 vero
995 3867 1134 3932 factioni

88 4133 107 4202 ¹)
124 4132 229 4189 Histor.
248 4133 311 4187 ecel.
331 4120 496 4196 blemensis,
516 4133 545 4187 L.
566 4132 614 4187 111.
633 4147 655 4187 c.
675 4133 718 4186 al.

86 4211 246 4280 ⁷)Libellus
273 4227 355 4282 snper
382 4227 464 4268 cansa
487 4219 517 4267 et
541 4211 654 4280 nogotio
672 4211 792 4266 formosi
812 4212 915 4280 Papae,
940 4227 983 4278 ap.
1002 4211 1133 4266 llabillon

30 4291 146 4348 inuata
163 4298 219 4348 vet.
239 4293 279 4347 ed.
298 4293 333 4350 ll.
354 4300 417 4349 tom.
437 4293 458 4347 I.
476 4309 503 4362 p.
523 4295 565 4346 30.
