2904 4834
310 487 363 542 402
625 485 715 542 XVII.
753 485 792 540 De
810 485 955 540 mhismate
972 484 1115 540 Photiano.

312 631 374 694 rito
406 651 476 693 esse
500 628 694 693 derelictum
719 627 761 693 ob
785 648 920 694 errores.
966 627 1010 692 Et
1034 627 1106 713 jam
1130 627 1187 691 illa
1210 637 1313 692 aetate
1333 629 1418 690 var-ia

312 725 506 790 acciderunt
529 747 572 790 ex
594 735 688 811 parte
706 724 919 808 Graecorum,
944 724 1066 810 quibus
1089 724 1315 805 ostendebant,
1337 725 1416 788 indo·

312 823 377 888 lem
400 826 561 909 primatus
585 833 618 887 et
635 822 878 909 jurisdictionis
892 824 1032 888 Romani
1049 823 1222 888 Pontificio
1244 821 1332 886 haud
1349 825 1418 886 satis

313 923 355 986 ab
386 920 450 986 illis
474 923 617 1007 perspici
641 931 674 985 ct
697 920 949 1008 comprehendi,
981 932 1014 986 et
1035 943 1133 1006 aegre
1160 931 1290 984 tantum
1313 919 1351 985 ob
1373 943 1417 982 ne-

314 1021 499 1084 cessitatem
522 1017 687 1105 suscipi.¹)

149 1117 294 1222 fflffll‘l
402 1119 455 1180 93.
479 1116 590 1202 Atque
622 1116 684 1180 hoc
709 1115 779 1181 loco
803 1115 1093 1180 commemoranda
1116 1117 1258 1180 veniunt
1286 1137 1325 1180 ea
1345 1137 1419 1201 qnae

188 1193 202 1221 ⁸
249 1193 264 1221 ¹⁸
313 1214 508 1278 acciderunt
542 1215 652 1301 quoad
689 1214 812 1279 libellos
840 1214 932 1293 fidoi,
964 1233 1047 1298 quos
1076 1233 1190 1276 omnes
1224 1215 1364 1298 episcopi
1394 1227 1419 1275 et

313 1312 424 1376 clerici
453 1313 495 1376 ad
521 1311 707 1378 Concilium
738 1312 873 1376 admissi
902 1312 1033 1395 signare
1064 1310 1257 1376 debuerant.
1304 1311 1353 1375 Ex
1381 1310 1420 1373 di·

314 1411 428 1476 cendis
452 1413 540 1474 enim
565 1409 686 1475 dubius
709 1431 819 1474 rerum
843 1419 946 1472 status
970 1407 1199 1494 fluctuansque
1214 1407 1418 1473 Orientalium

312 1510 459 1590 animus,
483 1530 523 1570 ac
547 1507 694 1593 pericula
718 1507 795 1572 inde
819 1509 1028 1570 imminentia
1051 1507 1307 1592 conspicientur.
1350 1505 1418 1568 Rem

313 1607 394 1691 ipsis
418 1604 530 1668 verbis
545 1606 713 1669 Anastasii
739 1625 938 1685 enarremus,
963 1605 1020 1690 qui
1044 1605 1079 1667 in
1103 1605 1170 1668 suis
1189 1603 1418 1668 adversionem

315 1702 455 1768 Concilii
480 1704 565 1767 notis
582 1724 666 1788 quae
681 1702 875 1766 acciderunt
894 1701 1070 1765 advivam
1087 1702 1246 1786 depingit.
1264 1739 1306 1749 -
1326 1701 1419 1782 „Post-

313 1822 424 1888 quam,
449 1821 571 1878 omnes,
597 1799 720 1880 scribit,
743 1822 802 1863 sua
826 1798 1045 1885 chirographa
1069 1799 1220 1863 fecerunt
1241 1809 1274 1862 et
1297 1797 1421 1862 testibus

313 1897 467 1963 roborata
495 1898 719 1980 tradiderunt,
755 1909 969 1961 surrexerunt
1000 1897 1136 1984 quidam
1169 1919 1297 1977 eorum,
1331 1909 1360 1960 et
1386 1896 1419 1958 ad

314 1997 559 2059 sanctissimum
596 1994 819 2080 patriarcham
856 1995 1023 2078 Ignatium
1063 2004 1161 2080 atque
1198 1996 1241 2060 ad
1274 1994 1418 2059 Basiliam

314 2095 406 2178 pium
429 2092 667 2178 Imperatorem
692 2093 887 2157 accedentes
911 2103 1036 2157 secreto
1061 2093 1231 2174 dixerunt,
1261 2114 1327 2157 non
1350 2091 1419 2155 bene

313 2191 438 2254 factum
462 2190 573 2275 fuisse,
597 2200 634 2254 ut
657 2191 828 2256 ecclesiam
848 2190 1017 2255 CPtanam
1041 2199 1133 2255 tanta
1156 2190 1359 2276 subjectione
1372 2191 1418 2254 Ro·

315 2309 432 2351 manae
456 2286 552 2352 subdi
579 2289 737 2352 ecclesiae
761 2289 979 2374 permiserint,
1005 2291 1050 2352 ita
1067 2299 1103 2351 ut
1122 2288 1209 2352 hane
1231 2290 1262 2352 ei
1278 2299 1418 2374 tanquan

314 2386 467 2450 dominae
500 2385 653 2450 ancillam
689 2385 896 2450 tradiderint.
944 2387 1074 2466 Quibus
1111 2387 1220 2450 verbis
1252 2387 1419 2472 Imperator

314 2493 510 2565 commotus,
539 2485 639 2570 jussit
671 2484 887 2569 primoribus,
921 2487 975 2569 qni
1002 2487 1200 2548 vicariorum
1225 2483 1417 2570 Apostoliear

315 2580 410 2646 Sedis
434 2580 591 2666 obsequio
617 2582 765 2667 deputati
790 2592 894 2662 erant,
920 2592 955 2646 ut
979 2603 1054 2645 cum
1079 2581 1125 2646 illi
1149 2582 1190 2646 ad
1215 2582 1358 2668 aliquam
1381 2603 1417 2642 ec·

315 2678 450 2742 clesiam
474 2701 549 2742 cum
574 2682 642 2743 suis
657 2691 840 2765 pergerent,
866 2681 927 2764 ipsi
947 2682 1150 2744 mansionem
1167 2701 1282 2744 corum
1298 2679 1417 2764 ingres-i

316 2775 534 2862 chirographa
559 2777 615 2842 illa
637 2777 777 2842 latenter
800 2778 974 2842 auferrent.
1021 2778 1107 2841 Nam
1132 2801 1186 2842 eos
1209 2778 1321 2863 palam
1344 2799 1418 2840 scan-

316 2873 459 2938 dalizare
492 2878 623 2961 penitus
656 2875 839 2939 recusabat.
888 2873 972 2939 Cum
1005 2897 1081 2960 ergo
1116 2878 1251 2958 vicarii,
1287 2877 1418 2941 Donatus

315 2970 440 3034 scilicet
463 2983 495 3036 et
518 2971 705 3058 Stephanus
728 2975 874 3058 episcopi
898 2983 996 3058 atque
1024 2975 1171 3038 Marinus
1195 2975 1363 3053 diaconus,
1385 2971 1417 3034 al

316 3067 564 3134 collocutionem
582 3071 788 3156 patriarchae
803 3072 1043 3156 perrexissent,
1058 3072 1218 3149 custodes,
1244 3072 1332 3136 fures
1345 3071 1417 3134 lacti.

315 3178 525 3255 penetrantes
556 3168 690 3232 domum
715 3168 894 3254 quamdam
923 3179 1049 3254 partem
1075 3168 1224 3234 clanculo
1256 3193 1299 3233 ex
1325 3189 1418 3234 nune·

315 3269 398 3331 rosis
431 3265 495 3330 illis
529 3265 757 3352 chirographis
789 3265 964 3332 abstulere.
1011 3267 1086 3347 Quo
1119 3267 1165 3331 illi
1195 3270 1321 3332 reversi
1350 3285 1416 3328 com-

317 3374 408 3452 perto
437 3364 546 3428 taliter
577 3365 661 3428 inter
690 3364 756 3428 alia
779 3365 972 3449 Imperatori
1002 3363 1172 3450 loquentes
1202 3364 1329 3429 dixere:
1364 3363 1417 3426 Nos

317 3462 452 3550 quidem
467 3462 606 3526 Romam
630 3462 671 3526 ob
696 3464 818 3525 amissa
841 3462 1060 3547 chirographa
1083 3463 1190 3527 redire
1213 3485 1281 3528 non
1305 3458 1415 3528 audebi-

318 3583 400 3642 mus,
426 3570 462 3622 tu
486 3569 596 3623 tanimi
621 3559 794 3624 inchoatae
819 3582 877 3644 pro
901 3559 1071 3623 Ecclesiae
1095 3571 1181 3624 statu
1201 3563 1332 3646 pietatis
1351 3553 1414 3622 nihil

317 3659 451 3724 omnino
477 3657 637 3721 mercedis
661 3657 872 3722 lucraberis.“

410 3756 497 3838 „Nos
520 3765 640 3836 autem,
666 3757 774 3840 pergit
795 3757 991 3819 Anastasius
1014 3753 1151 3840 loquens
1175 3755 1215 3819 de
1240 3758 1352 3842 seipso,
1372 3753 1415 3836 qui

318 3876 377 3940 pro
402 3875 501 3918 causa
525 3854 682 3938 nuptialis
706 3863 893 3917 contractus
909 3855 994 3916 inter
1009 3863 1185 3939 utrumque
1201 3854 1413 3940 Imperatorem

319 3951 485 4016 efficiendi
510 3951 694 4032 aderamus,
720 3949 770 4013 his
795 3953 823 4013 ei
850 3949 959 4014 verbis
975 3950 1063 4014 dicta
1077 3953 1335 4016 transmisimus:
1356 3948 1413 4012 Nos

393 4174 410 4234 ¹)
431 4171 485 4227 Cir.
510 4171 543 4224 de
567 4169 616 4223 hac
642 4170 746 4224 theoria
770 4170 944 4238 pentarchias
968 4171 1201 4240 patriarchatuum
1226 4169 1408 4242 Hergenrttthsr

319 4250 433 4304 Photins
451 4251 480 4306 Τ.
501 4251 538 4304 II.
556 4267 582 4319 p.
603 4250 653 4304 132
672 4265 728 4318 sqq.
