2898 4836
398 495 529 562 Stephani
548 493 588 548 VI
607 493 792 548 Pontificatus.
1119 499 1157 551 99

51 647 132 700 esset.
177 635 287 717 Quum
313 658 409 724 porro
434 636 623 722 Stephanus
645 636 801 701 Pontifex
825 636 926 720 fieret,
952 639 1095 724 perstitit
1118 639 1150 702 in

51 755 100 795 sua
128 733 166 797 de
188 735 345 798 Formoso
376 737 549 800 sententia.
597 733 762 813 Quamvis
792 743 902 799 autem
932 737 966 800 in
985 735 1152 820 judicium

50 831 109 914 ejus
130 853 284 916 magnum
308 833 474 897 influxum
490 842 659 896 exerceret
674 833 818 918 partium
835 833 942 915 ardor,
966 834 1029 919 ipsi
1046 833 1152 897 videri

49 939 143 992 umen
166 933 283 1014 potuit,
307 930 376 994 nelo
401 952 459 1016 pro
481 929 712 995 observatione
729 929 924 1018 disciplinae
941 941 974 995 et
987 952 1151 998 canonum

47 1027 146 1108 quiin
169 1028 320 1092 For-mosi
345 1051 445 1092 causa
468 1028 592 1112 pluries
616 1027 730 1091 violati
756 1037 882 1109 essent,
913 1051 983 1094 sese
1006 1033 1152 1114 moveri3

46 1135 130 1208 atque
152 1125 235 1188 adeo
260 1127 388 1209 opinari
413 1127 538 1212 potuit,
572 1126 765 1190 Formosum
790 1125 958 1192 hominem
981 1127 1151 1213 perjmum

45 1222 146 1304 fuisse,
176 1235 209 1286 et
243 1223 417 1307 indignum
451 1235 679 1309 usurpatorem
705 1223 876 1308 dignitatis
899 1225 1096 1312 episcopalis
1120 1237 1154 1290 et

45 1321 240 1402 pontificalis.
288 1319 502 1386 Conveniunt
533 1321 616 1386 haec
649 1321 752 1386 indoli
784 1322 945 1408 Stephani
968 1323 1150 1408 Pontificis,

43 1419 88 1500 qui
111 1419 207 1483 etiam
233 1418 415 1484 Falconem
439 1419 661 1484 Rhemensem
686 1423 796 1484 acrius
820 1421 968 1505 urgebat,
998 1431 1034 1485 ut
1051 1422 1152 1507 juxta

42 1513 197 1579 Ecclesiae
229 1519 434 1603 praescripta
456 1518 596 1581 Romam
621 1519 767 1599 veniret,
804 1520 927 1604 quique
956 1519 1149 1584 electionem

41 1611 166 1696 Angrini
191 1616 340 1700 episcopi
354 1615 584 1700 Langonensis
607 1617 732 1702 rejecit,
757 1617 845 1703 quod
870 1619 952 1681 vitio
977 1639 1049 1682 eam
1073 1619 1150 1682 affe-

41 1720 112 1773 ctem
136 1714 328 1793 censeret.¹)

114 1881 166 1946 29.
193 1882 308 1962 Quum
332 1904 411 1946 vero
434 1884 469 1946 in
486 1884 566 1946 viris
581 1884 685 1946 animi
701 1885 828 1946 tenacis
844 1894 876 1947 et
892 1884 1223 1950 vehementiorisfluu
1238 1911 1316 1950 roro·

39 1980 144 2059 passim
168 1978 313 2061 accidat,
339 1990 377 2044 ut
399 1965 505 2045 feirea
529 1982 765 2066 consequentia
789 1992 822 2044 et
844 1981 962 2046 ardore
983 1982 1148 2048 obstinato
1194 1958 1270 2004 ω’·

38 2095 170 2161 eaquae
188 2076 397 2162 judicarunt,
431 2079 530 2142 etiam
554 2080 637 2142 actis
659 2089 910 2164 prosequantur,
935 2085 1015 2145 sana
1039 2081 1148 2146 mode·

37 2175 147 2238 ratione
172 2179 378 2260 contempta:
408 2174 491 2239 haec
516 2177 549 2240 in
572 2175 733 2262 Stephani
758 2199 888 2263 quoque
911 2180 1011 2262 gestis
1035 2177 1148 2263 depre-

36 2268 226 2338 henduntur.
274 2274 468 2337 Formosum
502 2272 647 2338 habebat
680 2283 716 2338 ut
749 2274 917 2339 hominem
947 2274 1148 2361 improbum,

36 2367 122 2452 digna
154 2371 448 2435 animadversione
480 2394 500 2434 a
523 2372 654 2436 Joanne
678 2372 764 2437 VIII
796 2395 1006 2458 percussum,
1041 2382 1073 2436 et
1104 2373 1147 2438 ad

37 2471 293 2532 communionem
316 2468 475 2533 laicorum
491 2472 737 2555 inperpetuum
756 2471 960 2552 damnatum,
985 2480 1021 2534 ut
1037 2472 1146 2536 virum

36 2566 190 2649 perjurum
224 2576 258 2630 et
286 2569 371 2632 sacri
396 2567 529 2632 honoris
553 2579 782 2653 usurpatorem
805 2589 1010 2654 perversum.
1057 2567 1147 2632 Hinc

35 2673 62 2724 ut
89 2664 230 2729 violatos
260 2687 403 2730 canones
434 2675 466 2730 et
500 2675 688 2751 corruptam
714 2665 924 2751 disciplinam
949 2665 1147 2748 vindicaret,

35 2759 66 2822 de
97 2763 233 2848 perjuro
257 2772 451 2847 usurpatore
476 2766 673 2828 sententiam
697 2765 731 2827 in
756 2763 893 2828 solemni
918 2763 1043 2848 synodo
1067 2763 1145 2828 ferri

34 2857 133 2926 voluit.
181 2861 365 2925 Aberravit
395 2871 481 2926 certe
506 2860 694 2947 Stephanus
725 2863 760 2926 in
784 2883 842 2926 suo
861 2861 1007 2947 judicio,
1041 2863 1145 2925 animi

33 2958 195 3023 affectione
221 2959 389 3040 turbatus,
421 2957 589 3024 aberravit
613 2961 648 3024 in
671 2981 730 3024 suo
755 2959 909 3042 consilio,
943 2981 1007 3046 quo
1032 2960 1146 3023 statuit

32 3053 156 3120 solemni
191 3056 320 3140 synodo
353 3065 431 3120 ante
464 3067 539 3120 actu
572 3057 757 3138 destruere3
792 3058 849 3122 sod
882 3059 988 3143 magis
1016 3081 1036 3121 a
1063 3060 1145 3122 recti

32 3157 149 3217 tramite
175 3154 324 3235 deflexit,
351 3155 429 3218 dum
451 3154 621 3239 tragoedia
638 3155 772 3240 lugubri
787 3177 827 3219 ec
841 3155 1029 3240 spectaculo
1044 3158 1147 3240 turpi,

32 3249 58 3312 in
88 3263 238 3316 emortuo
272 3272 407 3337 corpore
439 3274 564 3338 poenas
593 3254 754 3340 suppositi
783 3253 920 3339 perjurii
949 3262 982 3316 et
1009 3274 1143 3337 usurpa-

30 3349 117 3412 tionis
150 3371 283 3414 sumere
316 3370 383 3414 non
416 3349 597 3417 abhorruit.
645 3351 739 3416 Durat
772 3353 860 3416 enim
893 3362 925 3414 et
951 3351 1060 3436 rigida
1089 3349 1144 3414 illa

31 3447 203 3528 procedens
236 3450 488 3533 consequentia,
522 3472 588 3536 qua
617 3450 813 3514 Formosum
847 3459 884 3514 ut
915 3459 1145 3534 usurpatorem

30 3545 208 3628 perjurum,
242 3567 307 3609 non
332 3555 369 3609 ut
391 3549 584 3633 episcopum
608 3569 647 3611 ae
671 3548 878 3634 pontificem,
914 3547 1145 3611 considerabat

31 3661 62 3702 ae
84 3643 258 3728 puniebat,
292 3665 368 3707 eum
392 3645 541 3709 vestibus
566 3648 667 3709 sacris
691 3647 768 3709 exui
793 3645 885 3726 fecit,
916 3645 998 3708 duos
1022 3644 1146 3726 digitos

31 3739 58 3800 in
84 3763 226 3826 poenam
256 3742 393 3828 perjurii
421 3742 566 3825 abscidi,
600 3753 632 3808 et
659 3745 738 3809 dein
767 3765 885 3830 eorpus
909 3743 944 3806 in
969 3739 1146 3828 sepulchro

31 3841 270 3924 peregrinorum
303 3840 445 3926 sepeliri.
491 3841 585 3906 Haec
616 3852 703 3906 certe
736 3842 884 3906 facinora
917 3841 1048 3927 penitus
1085 3841 1145 3904 lm-

31 3935 211 4020 probanda,
243 3940 302 4002 etei
326 3937 514 4024 Stephanus
546 3940 609 4004 sibi
634 3942 725 4006 visus
748 3942 847 4004 fuerit
870 3961 1034 4004 canonum
1058 3940 1144 4016 rigo-

34 4277 50 4328 L
66 4203 114 4335 ¹)er
130 4203 189 4337 gr.
198 4203 341 4337 ppiptolm
354 4203 397 4258 111
407 4204 425 4259 J
426 4204 522 4258 oannis
531 4205 571 4258 IX
585 4205 619 4258 sd
632 4205 730 4258 clerum
743 4211 772 4259 et
785 4205 910 4274 populum
920 4203 1144 4274 Laugoneusem;

52 4295 65 4331 a
171 4325 178 4338 ι
253 4323 258 4334 .
542 4289 546 4294 .
