2898 4836
385 468 501 522 Joaunis
519 467 559 522 XI
577 467 764 523 Pontificatum
1101 469 1136 522 63

45 612 241 697 luitprandus
275 611 394 678 horum
429 609 629 674 Pontificum
666 610 764 696 plane
798 611 919 676 oblitus
954 623 1018 694 est,
1055 612 1134 677 dum

43 713 136 775 ararit
163 721 232 795 post
261 711 427 776 ioannem
451 708 484 772 X
515 708 639 777 sedisse
662 709 833 790 Joannem
851 709 912 775 Xl.
959 709 1135 774 Caeterum

41 817 115 890 gesta
145 807 258 872 horum
292 807 490 872 Pontificum
526 808 736 890 ignorantum
773 807 967 892 posteriores
1000 807 1135 893 quidem

41 915 175 987 auctores,
210 907 258 969 uti
283 904 386 970 Stella
409 915 441 968 ot
465 903 606 985 Platina,
638 927 692 968 eos
716 904 853 970 laudaut
876 905 917 968 oh
942 908 1081 970 virtutes
1104 917 1137 969 et

40 1003 225 1068 concordiam
250 1005 444 1084 restitutam,
468 1001 526 1067 sed
550 1025 616 1066 non
641 1003 848 1067 indicantes
863 1002 985 1088 quibus
999 1004 1149 1068 testibus,

40 1099 65 1162 id
85 1099 357 1187 desumpserint.¹)
392 1098 480 1165 Sunt
501 1102 601 1164 etiam
625 1102 681 1186 qui
706 1110 850 1182 censent,
866 1100 1014 1165 Leonem
1030 1100 1078 1165 Vl
1101 1103 1136 1164 in

38 1221 180 1266 sumerem
214 1200 387 1266 detrusum
421 1197 546 1263 ibidem
582 1200 728 1262 occisum
764 1199 817 1262 vel
851 1209 1015 1263 mortuum
1048 1221 1135 1278 esse3

39 1295 119 1380 hujus
150 1319 227 1364 vero
263 1297 498 1382 suppositionis
531 1295 658 1361 nullum
692 1298 861 1361 invenitur
893 1307 1137 1381 argumentum.

38 1394 132 1458 Fuisse
154 1406 265 1460 autem
289 1395 387 1460 hosce
409 1394 588 1459 Pontifices
612 1396 700 1460 viros
722 1393 850 1478 dignos,
880 1415 1000 1480 eosque
1023 1394 1136 1460 Eccle-

37 1492 103 1554 siam
133 1516 188 1577 pro
223 1492 352 1560 viribus
384 1491 649 1574 administrasse,
683 1495 837 1578 quamvis
867 1515 979 1556 eorum
1003 1492 1138 1558 libertas

37 1611 81 1672 por
101 1590 263 1656 Guidonis
295 1600 328 1654 et
350 1589 510 1656 Marotiae
541 1590 718 1656 factionem
748 1601 987 1672 coarctaretur,
1021 1593 1137 1656 merito

36 1709 198 1771 supponere
237 1710 420 1774 possumus.
450 1727 493 1734 -
522 1689 669 1766 Interea,
709 1689 792 1752 forte
823 1711 911 1754 anno
943 1690 1026 1768 929,
1056 1711 1137 1752 mor-

36 1800 95 1848 tuus
122 1797 169 1850 est
198 1783 312 1852 Guido
342 1785 485 1852 Tusciae
516 1785 662 1852 marchio
693 1809 733 1850 ac
763 1786 923 1852 Marotiae
955 1787 1138 1872 maritumi)

36 1881 154 1947 llarotia
186 1905 265 1948 vero
296 1907 338 1950 ex
368 1885 430 1947 isto
456 1883 621 1950 connubio
645 1883 757 1948 adhuc
780 1884 879 1950 ditior
902 1884 1005 1964 facta,
1038 1888 1138 1950 conti·

35 1983 132 2044 suasit
156 1983 189 2045 in
215 1979 298 2044 urbe
322 1981 471 2046 Romana
495 2003 651 2065 magnam
675 1980 798 2046 habere
822 1984 1014 2066 potentiam.

106 2097 156 2162 61.
179 2098 262 2170 Post
284 2096 411 2160 obitum
426 2096 586 2182 Stephani
603 2097 678 2178 VH,
703 2119 789 2160 anno
814 2098 876 2160 931
903 2097 945 2162 ad
970 2120 1137 2162 summum
1154 2111 1246 2151 aarum
1262 2108 1298 2150 ¹1·

33 2195 246 2275 pontificatum
270 2194 417 2258 elevatus
441 2205 490 2258 est
504 2196 648 2259 Joonues
663 2195 720 2273 XI,
745 2195 905 2259 Marotiae
925 2219 966 2259 ex
982 2195 1138 2261 Alberico

32 2293 120 2373 primo
145 2295 265 2358 marito
290 2292 384 2358 filius.
433 2293 520 2356 Eum
543 2293 792 2379 pseudopapam
816 2303 848 2356 et
871 2294 1034 2374 intrusum
1059 2294 1141 2358 dicit

32 2388 187 2470 Beronius,
213 2413 252 2456 eo
277 2391 376 2476 quod,
406 2389 651 2475 Luitpraudum
676 2412 826 2476 sequens,
857 2394 966 2476 ipsum
992 2403 1140 2458 censeret

32 2487 175 2552 llarotiae
200 2511 243 2552 ex
267 2488 381 2574 Sergio
398 2489 450 2552 ΙΙΙ
474 2488 589 2569 tilium,
614 2498 713 2576 atque
736 2511 757 2552 a
774 2488 927 2554 Gnidone
952 2501 983 2554 et
999 2493 1140 2555 Marotia

31 2585 56 2647 in
77 2585 195 2652 Sedem
219 2587 446 2672 Apostolicam
478 2586 701 2660 instrusum.⁸l
748 2587 814 2652 Sed
838 2587 899 2652 hac
924 2590 957 2652 iu
983 2613 1017 2650 re
1042 2611 1139 2653 vene-

30 2683 128 2748 rabilis
146 2684 336 2750 Cardinalis
359 2695 474 2750 sancta
498 2685 643 2771 quadam
667 2685 896 2770 indignatione
911 2689 1049 2751 nimium
1068 2709 1139 2773 pro-

29 2785 121 2848 cessit.
167 2783 304 2848 Etenim
327 2783 475 2849 loannes
497 2783 550 2848 Xl
580 2785 743 2868 imprimis
771 2783 813 2848 ab
837 2783 988 2848 Ecclesia
1012 2805 1141 2868 semper

29 2875 148 2946 habitus
181 2893 233 2946 est
265 2890 301 2946 ut
334 2901 432 2946 verus
461 2892 494 2946 et
523 2881 690 2965 legitimus
713 2881 879 2946 Pontifex.
925 2883 1013 2945 Eum
1043 2903 1139 2966 porro

27 2975 114 3042 inisse
137 2979 248 3063 Sergii
271 2979 324 3043 Ill
354 2978 459 3044 filium
488 2981 592 3063 gratis
623 2981 874 3065 aLuitprando
903 2981 1076 3060 asseritur,
1108 2991 1140 3043 et

27 3077 143 3140 etiamsi
179 3076 373 3160 illegitimus
403 3077 473 3162 ejus
504 3087 594 3141 ortus
624 3078 756 3160 suisset,
790 3088 822 3142 et
852 3081 887 3142 in
911 3078 1140 3163 pontificatum

26 3173 85 3255 ipse
109 3177 267 3256 intrusus,
293 3197 395 3260 quum
420 3176 497 3240 dein
520 3175 563 3239 ab
588 3177 743 3240 universa
760 3176 911 3241 Ecclesia
934 3178 1066 3261 agnitus
1088 3179 1139 3244 sit.

26 3291 82 3336 uon
106 3283 219 3358 posset
242 3273 357 3337 haberi
382 3281 419 3336 ut
440 3273 665 3358 pseudopapa.
681 3313 724 3322 -
740 3273 850 3338 Guido
874 3297 960 3338 anuo
985 3275 1048 3338 931
1068 3274 1139 3359 jam

24 3380 164 3436 mortuus
189 3381 269 3437 erat.
315 3372 417 3436 Haud
440 3371 579 3436 dubium
603 3372 738 3456 quidem
762 3384 820 3452 est,
844 3372 1018 3436 Marotiam
1044 3393 1139 3436 suum

24 3471 216 3538 exercuisse,
231 3469 405 3546 inflexum,
430 3480 466 3532 ut
489 3469 637 3534 Joannes
661 3469 731 3555 ejus
755 3469 842 3534 iilius
859 3471 1013 3534 Pontifex
1036 3471 1140 3545 fieret,

90 3700 112 3768 ¹)
130 3699 190 3756 Cfr.
211 3699 291 3768 Pagir'
310 3699 481 3754 &avianum
499 3709 519 3753 t.
539 3700 584 3764 11.
605 3701 658 3755 Leo
678 3701 717 3755 VI
734 3691 764 3755 vet
783 3703 936 3770 Stephanus
955 3704 1014 3758 VII.

89 3781 109 3846 ²)
130 3781 185 3836 Gir.
208 3781 563 3846 uenustissimus.
583 3781 645 3836 929.

89 3860 110 3928 ς)
130 3861 182 3926 „In
207 3861 265 3930 cJus
290 3861 429 3930 (Stephani
448 3861 513 3930 VII)
539 3861 626 3918 locum
652 3863 774 3929 potentia
793 3863 916 3917 Widonis
935 3864 1048 3918 Tusciae
1073 3881 1140 3918 mar·

24 3939 119 3996 chionis
139 3947 168 3996 ct
190 3942 324 3996 Maroziae
343 3942 450 4006 matris,
473 3941 623 3996 intruditur
642 3943 773 4006 ioannes,
797 3943 885 4012 Sergii
904 3945 1089 4013 pseudopapae
1107 3960 1141 4000 cn

24 4017 89 4074 dicto
101 4029 193 4076 scorto
203 4022 323 4076 Maronia
335 4021 406 4078 tilius
420 4063 424 4072 .
441 4067 446 4077 .
462 4063 467 4074 .
482 4023 521 4076 Dc
534 4022 611 4090 quus
623 4023 763 4078 invasione
776 4023 841 4078 haec
853 4023 935 4079 habet
945 4024 1140 4092 Luitprandus:

27 4107 78 4166 Quo
97 4108 204 4154 urortuo
220 4103 264 4170 (dc
282 4102 484 4170 praedecessore
497 4103 628 4157 Pontifice
647 4103 775 4169 loquenat
794 4104 883 4170 ipsam
897 4105 1038 4158 Mar-orior
1055 4105 1141 4168 filium

27 4181 121 4232 rumine
136 4180 281 4248 Joormem,
301 4200 376 4252 quem
396 4199 429 4236 eu
444 4184 538 4252 aar-pto
552 4199 633 4252 popu
653 4190 778 4236 succretust
798 4185 858 4252 ipsu
878 4190 1017 4254 percueret,
1034 4201 1142 4252 popam

26 4261 213 4314 cumutamus
251 4263 293 4316 Au
312 4279 335 4319 a.
355 4261 407 4318 931
428 4281 453 4322 n.
473 4264 497 4318 l.
1244 4261 1246 4266 ¹
