3054 4834
492 485 668 540 t'ontinuatio
687 485 784 538 luctae.
1160 487 1211 540 361

179 633 210 694 8.
248 629 344 694 Sedis
368 629 579 714 Apostolicae
615 651 654 693 ac
686 627 891 712 synodorum
925 628 1066 694 decretis
1089 629 1213 714 Philip·
1242 631 1376 714 milis*

89 728 191 812 pusl
220 750 281 791 rex
306 727 511 791 Francorum
536 728 656 812 paruit,
681 727 860 790 solemnem
886 725 1056 792 dimittens
1080 727 1214 791 investi·
1240 701 1367 815 dlffim

87 839 198 890 terram
222 847 307 912 qnae
337 825 452 890 annuli
485 835 518 888 et
542 824 652 889 baculi
676 824 855 888 traditione
879 823 995 909 tiebat,
1026 825 1214 912 liberasque

85 925 319 1008 episcoporum
343 923 521 988 electiones
544 945 615 987 esse
640 925 761 1003 sinens,
794 924 948 1008 quamvis
972 923 1132 1006 regalium
1156 945 1227 1002 seu¹

88 1020 266 1086 feudorum
302 1023 545 1086 investituram·
567 1019 693 1108 absque
711 1021 787 1086 'bae
811 1020 1025 1085 solemnitate
1041 1022 1214 1104 conferret,

88 1139 269 1204 eorumque
292 1122 420 1186 ratione
439 1121 668 1205 juramentum
694 1119 871 1202 fidelitatis,
900 1139 967 1184 nou
991 1119 1136 1184 solemne
1159 1119 1214 1184 ho-

88 1218 248 1300 minium,
278 1220 436 1300 exigeret.
484 1217 599 1282 Talem
631 1219 731 1282 luisse
755 1239 864 1281 rerum
889 1227 1010 1282 statum
1035 1219 1069 1282 in
1093 1217 1214 1301 Gallia,

88 1313 257 1397 colligitur
279 1337 322 1379 ex
337 1315 485 1402 epistolis
509 1317 623 1380 lvonis
647 1313 872 1398 Cemmenus,
897 1328 930 1380 et
950 1315 1027 1380 inde
1052 1317 1139 1402 quod
1155 1317 1224 1386 Pa.

89 1410 213 1476 sehalis
229 1413 272 1494 ll,
287 1413 416 1478 Urbani
430 1435 609 1496 successor,
634 1415 668 1478 in
686 1413 812 1479 Gallias
829 1413 1024 1498 confugerit,
1048 1415 1214 1480 Ludoviei

89 1509 203 1574 Crassi
220 1514 308 1596 regis
322 1512 528 1597 praesidium
543 1513 704 1578 adversus
721 1513 905 1576 Henricum
921 1512 953 1575 V
968 1511 1213 1598 imploraturus.

87 1607 202 1692 Atque
232 1631 274 1672 ex
305 1612 433 1674 ratione
464 1611 586 1694 agendi
624 1609 814 1696 praesulum
845 1608 973 1674 Galliae
1004 1612 1083 1673 satis
1114 1619 1215 1694 patet,

87 1705 314 1791 prohibitione
339 1710 557 1774 investiturae
582 1719 615 1772 et
638 1708 777 1772 hominii
802 1731 869 1772 non
894 1707 928 1771 id
952 1708 1115 1772 intentum
1131 1707 1214 1772 Pon-

86 1802 236 1870 tificibus
267 1805 387 1888 fuisse,
421 1817 457 1870 ut
481 1806 648 1872 solverent
678 1807 850 1892 episcopos
881 1805 925 1869 ab
956 1805 1216 1890 obligationibus

88 1903 203 1982 variis,
235 1925 317 1988 quas
352 1906 479 1970 ratione
510 1904 686 1969 feudorum
710 1903 870 1988 regalium
895 1903 1074 1984 habebant,
1107 1927 1216 1990 neque

88 1998 259 2084 praesules
291 2005 378 2088 ipsos
411 2003 591 2088 denegasse
622 2005 692 2088 regi
725 2003 861 2068 servitia
893 2000 1006 2066 debita
1037 2011 1214 2087 praestare.

89 2098 165 2162 Hoc
189 2099 314 2164 factum
344 2103 377 2166 in
402 2103 594 2188 quaestione
618 2101 660 2166 de
684 2101 889 2167 investituris
912 2101 1031 2164 summi
1057 2101 1215 2164 momenti

88 2207 157 2278 est3
190 2197 397 2282 praeclarum
422 2209 532 2263 autem
562 2199 634 2286 ejus
657 2208 890 2286 argumentum
914 2196 1056 2262 habetur
1078 2219 1121 2260 ex
1144 2219 1215 2260 ver·

86 2295 151 2374 bis,
177 2316 262 2380 quae
286 2295 473 2360 Gulielmus
489 2296 736 2384 Campellensis,
761 2297 935 2383 episcopus
952 2294 1215 2381 Catalauuensis,

84 2393 131 2457 ad
157 2393 342 2458 Henrieum
367 2395 397 2458 V
428 2395 560 2461 direxit.
609 2395 721 2476 Quum
752 2394 908 2458 videlieet
938 2417 968 2460 a.
994 2394 1080 2458 1119
1106 2392 1216 2458 Calix-

85 2504 143 2554 tus
167 2489 201 2556 II
230 2491 273 2556 ad
298 2493 409 2557 sedem
434 2494 522 2557 Petri
558 2506 692 2558 evectus
716 2504 810 2574 esset,
841 2494 950 2556 statim
981 2501 1055 2577 post
1079 2493 1215 2574 inaugu-

84 2589 251 2653 rationem
289 2613 383 2655 suam
421 2590 624 2657 Guilelmum
672 2591 762 2655 hune
799 2601 832 2654 et
865 2589 1021 2656 Pontium
1058 2587 1214 2652 abbatem

85 2684 345 2752 Cluniaeensem
371 2691 461 2753 misit
484 2689 528 2754 ad
554 2689 786 2754 HenrieumV
811 2689 851 2752 de
876 2710 957 2774 paee
982 2697 1015 2751 et
1038 2685 1217 2752 concordia

84 2787 340 2870 interregnum
364 2797 398 2850 et
421 2787 642 2852 sacerdotium
667 2809 743 2852 eum
768 2809 805 2852 eo
829 2797 970 2850 acturos.
1009 2785 1213 2870 Propensum

81 2883 130 2946 ad
163 2906 279 2968 pacem
314 2888 463 2950 animum
488 2885 551 2950 sibi
576 2909 646 2950 esse
670 2885 873 2969 significavit
894 2885 1088 2970 Imperator,
1116 2883 1216 2948 modo

81 2983 161 3046 sine
197 2984 428 3048 imminutione
470 2984 651 3070 imperialis
686 2985 891 3048 auctoritatis
929 3004 1001 3046 eam
1045 2981 1214 3046 conciliari

82 3101 185 3165 posse
209 3082 430 3147 ostenderent.
468 3083 554 3146 Tum
580 3081 833 3148 Catalauuensis
857 3082 1031 3167 episcopus
1055 3081 1085 3144 ei
1111 3079 1215 3144 dixit:

82 3176 125 3241 Si
150 3199 256 3240 ¹rerem
276 3203 398 3264 pacem,
423 3181 547 3244 doctina
571 3204 639 3259 rear,
663 3180 776 3244 bebere
799 3179 974 3256 desideras,
997 3179 1218 3242 investituram

80 3561 142 3612 que
163 3544 292 3599 canonica
310 3546 460 3599 auctoritas
480 3553 565 3610 vetat,
594 3545 737 3600 debeamus
765 3557 870 3610 quoquo
889 3541 965 3595 modo
984 3541 1081 3596 Iacere.
1120 3541 1218 3594 Manus

81 3625 163 3678 euim
183 3623 328 3679 chrismate
347 3642 422 3680 sacro
441 3632 585 3694 peruncta,
615 3640 684 3692 quae
703 3625 871 3692 depereat
892 3621 953 3675 rino
972 3636 1042 3688 aqna
1064 3621 1149 3675 mixto
1168 3635 1217 3687 per

80 3704 240 3759 orationem
267 3713 296 3759 et
315 3705 406 3759 crucis
425 3705 532 3775 signam
553 3705 661 3760 conficit
683 3720 777 3771 eorpus
796 3701 897 3766 Christi
923 3709 951 3755 et
968 3700 1111 3770 sanguinis
1129 3716 1217 3754 saera·

78 3791 217 3847 mentum,
243 3784 422 3840 abominabile
441 3793 492 3851 est,
520 3785 650 3852 quidquid
668 3791 733 3838 ante
751 3783 948 3838 ordinationem
973 3781 1075 3845 feeerit
1101 3789 1218 3848 etpost

78 3865 288 3919 ordinationem
307 3854 478 3934 episcopat'us
496 3866 634 3920 saeculare
653 3870 753 3932 tangat
777 3861 926 3918 ullomodo
945 3868 1150 3918 sacramentum.
1169 3899 1198 3914 ..
1280 3893 1286 3902 ι

78 3947 123 4000 Et
155 3944 178 3998 si
203 3945 349 4012 aliquando
376 3953 547 4000 sacramenta
574 3946 607 3999 ab
635 3943 766 4013 episeopis
803 3951 899 3998 exacta
933 3949 982 3997 aut
1005 3943 1079 3996 faeta
1103 3941 1216 3995 fuerunt

76 4033 184 4079 contra
196 4025 282 4080 Deum
301 4026 532 4080 eteoclesiastieas
551 4027 670 4095 regulas,
689 4040 758 4092 quae
771 4023 874 4092 Spiritu
893 4040 913 4079 s.
933 4023 1054 4077 dictatae
1072 4028 1101 4076 et
1113 4022 1216 4076 Christi

76 4115 154 4159 sunt
172 4105 307 4174 sauguine
325 4107 505 4160 corrinnatae.
537 4107 617 4160 Irrita
635 4123 655 4161 s.
676 4105 832 4172 Scripturas
857 4103 966 4172 paginis
980 4104 1163 4165 declarantur,
1188 4109 1218 4155 et

76 4188 233 4255 exigentes
251 4193 334 4252 atque
353 4186 485 4241 facientes
506 4186 701 4241 medicamento
720 4185 816 4240 exinde
832 4185 960 4238 salutaris
973 4183 1158 4252 poenitentiae
1176 4181 1217 4235 in.

73 4269 209 4335 digent*
248 4265 281 4319 V.
299 4265 468 4321 Thomassiu.
490 4268 505 4322 1.
526 4281 546 4321 a.
568 4284 625 4335 cap.
645 4266 772 4320 XLVIII.
794 4283 810 4319 n
841 4267 864 4318 7.
