2922 4832
287 508 327 561 Ile
345 508 422 563 ltorn.
442 505 617 560 Pontificibus
636 506 715 574 liujus
734 507 842 560 aetatis.
1093 509 1144 562 201

46 651 245 716 exhaurite
268 652 444 736 migravit3
470 650 616 716 Jouuuea
635 651 759 729 XVIII,
784 651 840 736 qui
864 650 950 714 sedit
974 649 1144 737 usquead
1183 652 1275 695 Imm

43 771 150 814 annum
176 749 283 832 10093
307 747 437 834 saeptos
459 748 519 828 IV,
543 748 599 833 qni
624 746 707 812 obiit
730 748 784 813 die
810 749 869 813 18⁰
892 749 1033 834 Augusti
1064 750 1144 812 anni
1196 712 1269 824 xiii

47 849 125 914 1012.
169 847 243 912 Viri
279 845 372 930 digni
406 846 541 910 fuerunt
571 844 617 910 illi
648 845 835 922 Pontifices,
871 869 910 910 ac
934 846 1143 926 documenta,
1167 853 1300 902 argtum

44 967 113 1031 quae
145 952 271 1010 restent
302 942 413 1031 quoad
446 953 539 1029 gestu
573 943 715 1009 Ioannis
737 943 857 1008 XVIII
891 953 924 1009 et
953 943 1061 1028 Sergii
1084 943 1143 1024 IV,

43 1043 219 1126 ostendunt,
250 1041 292 1107 de
327 1040 508 1108 universali
543 1040 694 1106 Ecclesia
725 1064 781 1106 eos
811 1042 961 1128 apprime
988 1041 1145 1106 sollicitos

42 1141 136 1208 luisse.
182 1139 400 1206 Pontificatus
423 1141 610 1206 brevissimi
633 1139 775 1206 Ioannis
794 1139 898 1205 XVII
921 1139 1011 1204 nulla
1034 1161 1144 1225 super·

40 1249 104 1304 aunt
125 1249 209 1305 acta.
242 1237 419 1304 Caeterum
442 1260 521 1303 vero
547 1238 724 1304 inditione
747 1239 897 1302 Romana
920 1236 1144 1323 praevalebat,

42 1339 80 1400 uti
101 1335 254 1420 diximus,
277 1337 457 1404 auctoritas
480 1359 520 1400 ec
544 1347 688 1422 potestas
712 1336 986 1402 Crescentiorum.

116 1435 169 1502 50.
193 1434 259 1500 Sed
283 1435 474 1502 ann01012
499 1436 635 1500 ineunte
658 1434 742 1499 obiit
756 1432 1144 1512 JoeunesCresceutius3
1185 1447 1285 1488 Benedic-

41 1535 171 1600 influxus
195 1534 283 1600 illius
306 1533 453 1600 familiae
475 1533 575 1600 valde
599 1535 794 1598 imminutus
818 1544 877 1614 est,
901 1542 1000 1618 etque
1023 1532 1145 1597 exinde
1183 1511 1220 1548 ²¹³³
1235 1507 1290 1550 m

40 1635 67 1696 in
94 1631 306 1719 disponendis
341 1630 441 1696 rebus
463 1631 623 1696 Romanis
654 1633 779 1717 primas
813 1641 923 1718 partes
958 1629 1146 1696 habuerunt

39 1733 160 1796 comites
191 1729 390 1812 Tusculani,
426 1731 483 1816 qni
519 1730 643 1815 pariter
676 1752 719 1794 ex
752 1731 853 1816 stirpe
884 1728 1079 1794 Tlreodorae
1114 1741 1147 1794 ct

37 1828 267 1916 Theophylecti
291 1829 453 1913 originem
477 1825 654 1892 ducebant.
680 1826 847 1892 Defuncto
871 1825 986 1911 Sergio
1010 1827 1147 1890 comites

38 1925 77 1990 illi
104 1926 233 1991 influxu
265 1948 324 1992 suo
355 1927 552 2006 effecerunt,
588 1935 623 1990 ut
655 1923 824 2009 eligeretur
852 1924 1041 1990 Benedictus
1070 1923 1151 1986 VHI

35 2045 72 2087 ex
94 2025 163 2112 ipsa
186 2045 300 2090 eorum
324 2022 451 2088 familia
475 2021 646 2088 oriundus.
693 2023 776 2088 Erat
806 2025 896 2088 enim
920 2021 1071 2106 Gregorii
1096 2043 1147 2084 co-

37 2123 115 2188 mitis
137 2121 320 2188 Tusculani
345 2121 446 2204 lilius,
475 2119 623 2186 Joennee
646 2130 745 2184 antea
775 2121 884 2186 dictus
911 2143 951 2184 ac
969 2120 1041 2206 jem
1065 2120 1147 2204 epis·

34 2241 127 2306 copus
150 2221 350 2286 Portuensis.
396 2219 511 2284 Fectio
541 2219 716 2301 contraria,
753 2241 853 2306 quam
883 2219 1008 2284 dixeris
1045 2217 1147 2280 fuisse

36 2315 311 2401 Crescentiorum,
346 2319 377 2382 ei
410 2317 564 2404 opposuit
588 2314 786 2401 Gregorium
820 2316 1011 2404 quemdam,
1048 2327 1147 2402 atque

36 2425 165 2504 uterque
194 2418 433 2504 protectionem
464 2417 630 2501 quaesivit
661 2438 687 2481 s.
712 2415 849 2481 Henrici
882 2416 916 2480 ll
946 2415 1147 2480 Germaniae

35 2517 126 2600 regis,
157 2517 215 2603 qui
239 2513 353 2582 Ottoni
377 2511 429 2579 ΙΙΙ
453 2523 665 2578 successerat
712 2514 812 2580 Favit
833 2514 1001 2580 Henricus
1031 2516 1148 2578 merito

34 2611 208 2680 Benedicto
231 2613 326 2695 VIII,
363 2621 396 2678 et
418 2612 460 2678 eb
497 2633 535 2678 eo
559 2612 700 2676 Romam
734 2621 883 2692 vocatus,
918 2621 956 2676 ut
976 2612 1148 2678 Ecclesiae

34 2715 291 2794 patrocinaretur
338 2731 560 2796 coronamque
608 2708 813 2796 imperialem
859 2712 1036 2797 reciperet,
1087 2733 1149 2776 rex

30 2829 113 2876 anno
158 2811 244 2876 1013
296 2831 373 2875 cum
423 2810 573 2874 exercitu
619 2809 653 2872 iu
683 2807 830 2883 ¹Italiam
876 2809 1043 2897 profectus
1088 2819 1147 2876 est.

32 2905 110 2992 Ejus
140 2908 288 2974 adventu
318 2908 444 2974 factum
475 2917 534 2990 est,
568 2915 604 2971 ut
627 2904 808 2992 Gregorius
831 2906 874 2972 ab
898 2905 1053 2972 omnibus
1075 2907 1148 2994 reji-

30 3017 164 3088 ceretur,
195 3005 399 3071 Benedictus
430 3027 509 3070 vero
533 3006 764 3090 susciperetur.
811 3004 910 3071 Anno
937 3005 1023 3071 1014
1045 3005 1146 3070 Bene-

30 3101 134 3169 dictus
149 3103 235 3170 VIII
259 3127 284 3168 s.
299 3104 485 3169 Henricum
507 3103 645 3190 ejusque
669 3104 843 3190 conjugem
865 3128 890 3170 s.
906 3103 1148 3189 cunegundem

28 3201 191 3288 imperiali
220 3203 328 3268 cinxit
350 3223 482 3284 corona,
513 3211 690 3289 postquam
712 3201 879 3267 Henricus
907 3201 1147 3288 spopondisset,

28 3319 60 3360 ae
88 3299 276 3364 Ecclesiam
310 3299 523 3366 defensurum
559 3309 592 3364 et
613 3299 768 3364 Pontifici
797 3301 832 3364 in
865 3299 1019 3366 omnibus
1046 3297 1148 3362 fidem

26 3407 235 3462 servaturum
267 3419 347 3464 esse.
394 3397 535 3463 Strenue
559 3397 681 3462 exinde
704 3397 906 3463 Benedictus
930 3397 1013 3462 VIII
1042 3399 1149 3483 ponti·
1256 3410 1261 3420 “

27 3493 161 3560 ficetum
184 3497 295 3581 gessit,
320 3506 418 3584 atque
442 3497 549 3561 emico
574 3517 650 3560 cum
673 3495 876 3582 Imperatore
900 3495 1046 3576 foedere,
1077 3505 1148 3558 tum

26 3591 187 3660 ditionem
218 3593 403 3660 Romanam
439 3617 557 3682 resque
590 3593 706 3659 civiles
741 3593 869 3658 fortiter
905 3601 1019 3657 contre
1055 3591 1148 3658 Sara·

25 3712 126 3756 cenos
149 3701 182 3756 et
194 3689 340 3758 Graecos
363 3694 467 3758 tuitus
491 3701 550 3774 est,
574 3701 645 3758 tum
662 3691 872 3778 disciplinam
890 3690 1147 3756 ecclesiasticam

25 3811 199 3877 moresque
223 3790 301 3855 cleri
326 3793 503 3856 reformare
527 3789 664 3856 studuit.
710 3790 750 3854 In
774 3790 863 3855 huuc
889 3790 987 3854 linem
1006 3810 1151 3874 praeser-

24 3887 93 3970 tim,
125 3909 242 3954 versus
272 3911 397 3954 annum
424 3888 510 3954 1018
534 3888 644 3954 Ticini
678 3889 841 3972 synodum
866 3887 993 3969 habuit,
1026 3889 1060 3951 in
1084 3909 1149 3973 que

22 3997 142 4050 contra
169 3984 306 4052 clericos
339 3987 583 4052 incontinentes
612 3997 645 4050 et
675 3997 790 4051 contre
825 3987 1023 4051 simoniacos
1056 3987 1150 4048 varia

23 4081 160 4148 decreta
184 4085 319 4150 condita
342 4094 428 4167 sunt,
460 4107 546 4172 quae
569 4086 694 4172 pariter
717 4085 759 4149 ab
783 4083 987 4171 Imperatore
1017 4093 1149 4170 recepte

20 4192 53 4246 et
76 4181 253 4269 publicata
275 4184 367 4248 suere
407 4183 446 4248 In
470 4185 582 4248 anime
606 4193 717 4247 eutem
742 4181 914 4248 habebant
935 4181 1092 4246 Pontifex
1116 4193 1150 4245 et

22 4277 220 4367 Imperator,
260 4291 297 4344 ut
333 4279 431 4346 simul
463 4303 539 4346 cum
563 4278 696 4366 regibus
720 4279 848 4346 Galliae
880 4289 912 4344 et
934 4278 1150 4365 Burgundiae
