2926 4840
313 492 366 546 256
470 489 543 543 XVI.
581 490 685 544 Causae
703 489 819 544 celebres
838 497 866 544 et
885 488 1039 544 Decretalee
1057 485 1279 544 Pseudolsidori.

314 657 385 698 sam
410 643 575 717 cantaret,
609 633 830 719 episcopalem
855 633 948 700 daret
970 631 1253 710 benedictionem,
1287 641 1319 694 et
1341 641 1418 714 parte

313 741 535 815 proventuum
559 732 767 817 episcopatus
791 730 967 794 foveretur.
1005 727 1215 794 Hedenulius
1231 737 1350 807 tamem
1373 728 1418 811 qui

314 831 345 894 ei
369 829 565 892 substitutus
597 839 667 893 erat
690 831 881 913 episeopus,
915 849 1018 912 quum
1041 826 1208 890 licentiam
1233 835 1356 910 peteret
1376 824 1418 888 de-

314 926 460 1012 ponendi
472 948 555 991 onus
566 927 784 1011 episcopatus,
801 947 875 990 eam
890 946 957 990 non
972 924 1155 1005 obtinuit.¹)
1170 959 1213 970 —
1228 923 1322 988 Obiit
1334 923 1418 986 Hinc-

314 1045 425 1088 marus
449 1024 681 1090 Laudunensis
718 1046 785 1088 non
821 1025 868 1089 ita
898 1022 1000 1088 multa
1032 1031 1121 1107 post,
1159 1021 1270 1086 adhuc
1301 1023 1419 1084 virente

314 1121 481 1186 avunculo
498 1121 680 1186 Hinemaro
697 1122 886 1186 Rhomensi.
934 1121 999 1184 Hic
1023 1141 1100 1184 vero
1126 1143 1143 1184 e
1168 1122 1237 1184 vita
1261 1120 1357 1184 cessit
1377 1118 1419 1182 die

314 1219 356 1282 21
381 1218 578 1284 Decembris
610 1220 689 1284 anni
715 1219 796 1300 882,
831 1240 933 1303 quum
963 1217 1049 1282 ultra
1081 1219 1217 1302 triginta
1250 1227 1282 1282 et
1311 1227 1419 1302 septem

315 1319 411 1382 annis
435 1317 547 1382 sedem
562 1317 782 1382 Rhemensem
807 1317 975 1380 tenuisset.
1013 1316 1104 1380 Inter
1118 1315 1247 1380 Galliae
1270 1313 1420 1400 praesules

315 1437 355 1479 ea
383 1425 489 1478 aetate
518 1438 598 1479 sane
622 1415 823 1480 Hincmarus
848 1413 1043 1488 Rhemensis
1071 1416 1202 1478 emieat.
1248 1413 1335 1476 Eum
1358 1413 1419 1476 sori·

315 1521 424 1597 ptores
454 1515 538 1576 varii
570 1513 750 1576 canonicae
775 1511 1058 1597 jurisprudentiae
1088 1512 1205 1574 notitia
1236 1509 1420 1576 excelientis·

316 1611 437 1674 simum
460 1610 671 1696 praedicant,
704 1631 833 1675 necnon
858 1608 899 1672 ob
923 1607 1133 1692 prudentiam
1157 1609 1327 1693 animique
1348 1609 1421 1672 sorti-

316 1707 465 1772 tudinem
498 1707 646 1772 laudant.
693 1708 818 1771 Verum
852 1708 938 1770 siout
970 1727 1036 1770 non
1069 1705 1205 1787 desunt,
1239 1708 1296 1790 qui
1329 1708 1420 1790 ipsam

316 1805 514 1868 effusissime
538 1805 656 1886 colant,
680 1808 727 1870 ita
751 1805 862 1890 etqui
887 1805 991 1889 ipsius
1014 1803 1199 1868 doctrinam
1223 1805 1256 1867 in
1282 1804 1420 1887 argutias.

316 1903 526 1986 prudentiam
559 1905 594 1966 in
617 1904 792 1981 astutiam,
826 1901 1054 1966 fortitudinem
1084 1903 1118 1964 in
1142 1903 1355 1986 pertinaciam
1377 1901 1420 1964 ali-

317 2000 450 2084 quando
475 2001 692 2084 degenerasse
716 2000 868 2080 dicanti)
915 1997 1029 2080 Unde,
1064 2021 1128 2064 non
1154 2002 1350 2084 incongrue,
1372 2001 1444 2076 etsi¹

316 2098 399 2162 forte
424 2101 580 2182 severius,
605 2121 625 2162 a
639 2097 808 2164 Cardinali
827 2096 1062 2162 ioanneBona
1086 2095 1217 2176 dicitur,
1245 2099 1444 2186 ,episcopum

317 2195 451 2277 doetus,
486 2197 543 2260 sed
576 2196 697 2262 dubiae
730 2197 852 2278 famae,
887 2195 988 2260 dubio
1022 2197 1178 2260 vitiorum
1210 2217 1250 2258 ao
1278 2189 1444 2280 virtutensi

316 2293 639 2379 temperamento.“³)
1443 2299 1444 2342 l

846 2599 896 2662 11

361 2721 426 2784 nc
450 2720 691 2786 cccccccccc
714 2720 1002 2786 acaccacccm
1025 2721 1384 2787 recca-rasore.
1443 2699 1444 2744 ³

249 2909 295 2950 onis
405 2897 460 2960 43.
484 2897 562 2962 Jam
585 2895 741 2977 vidimus,
767 2897 801 2959 in
825 2897 927 2958 variis
950 2898 1183 2960 controversiis
1203 2897 1333 2962 saeculo
1350 2908 1444 2962 nono*

317 2996 395 3059 satis
426 3003 642 3080 provocatum
676 3015 746 3058 esse
783 2992 826 3057 ad
858 2995 1041 3058 Decretalcs
1075 2996 1360 3077 Pseudo-Isidori,·
1388 2994 1444 3057 de

316 3092 444 3156 famosa
475 3093 577 3176 igitur
601 3090 802 3156 Collectione
825 3092 1051 3156 Decretelium
1074 3093 1350 3160 Pseudo-Isidori
1380 3090 1421 3154 rel

317 3189 435 3254 Isidori
458 3190 667 3271 Mercatoris,
702 3211 787 3275 quae
819 3190 984 3254 mediante
1015 3189 1078 3255 hoe
1101 3192 1230 3258 saeculo
1262 3190 1420 3279 propagari

317 3297 349 3351 et
372 3287 524 3352 adhiberi
555 3297 671 3373 coepta
700 3297 764 3369 est,
797 3286 954 3352 hocloco
985 3299 1125 3353 tractare
1155 3291 1322 3355 convenit.
1365 3289 1444 3354 Nec*

316 3393 428 3449 tamen
452 3385 652 3470 multiplices
675 3386 899 3471 quaestiones,
925 3407 1009 3472 quae
1034 3388 1143 3472 quoad
1166 3387 1254 3452 hanc
1278 3389 1420 3454 collectio·

317 3503 392 3546 nem
409 3484 528 3568 agitari
544 3481 657 3565 solent,
682 3484 787 3548 fusius
804 3483 1029 3550 discutiemus.
1065 3485 1131 3550 Sed
1146 3507 1232 3571 qnae
1247 3486 1288 3551 de
1304 3497 1419 3551 auctore
1443 3553 1444 3556 Ἴ

317 3588 416 3666 atque
446 3581 488 3645 de
519 3581 629 3646 indole
661 3581 760 3667 hujus
791 3580 1018 3663 Collectiouis,
1054 3605 1094 3647 ac
1124 3583 1165 3648 de
1195 3593 1342 3670 tempore
1368 3603 1444 3668 qao*

317 3678 434 3743 eadem
457 3679 547 3743 edita
570 3701 609 3744 ac
633 3689 814 3766 propagata
838 3690 887 3744 est
910 3683 1009 3745 statui
1033 3684 1168 3766 possint,
1194 3681 1330 3747 brevius
1352 3679 1418 3746 indi·
1443 3707 1444 3750 ξ

318 3775 484 3859 cabimus3
523 3775 604 3840 illud
634 3777 712 3842 dein
743 3777 912 3863 aliquanto
944 3782 1131 3844 accuratius
1161 3781 1418 3846 examinabimus.

392 4022 411 4091 ¹)
432 4021 488 4079 Clr.
507 4023 654 4078 Beronium
673 4025 706 4079 ad
725 4041 749 4079 a.
768 4027 828 4080 878.
848 4042 893 4080 nn.
913 4027 1027 4083 20-25.

390 4100 412 4171 ²)
430 4101 596 4171 Roncaglia,
626 4109 691 4158 nota
716 4105 749 4160 ad
768 4105 858 4160 Natel.
879 4106 954 4160 Alex.
974 4105 1008 4162 Η.
1028 4107 1060 4163 E.
1085 4123 1154 4163 saec.
1173 4109 1213 4164 IX
1232 4115 1261 4164 et
1280 4109 1317 4174 X,
1340 4125 1358 4162 c.
1374 4103 1417 4159 lli.
1443 4079 1444 4106 ᾖ

318 4185 370 4236 art.
389 4181 460 4235 xm
477 4181 517 4236 De
535 4182 680 4239 Hinonraro
699 4185 815 4254 archiep.
835 4185 986 4241 Rbemensi.

390 4261 411 4330 ³)
430 4262 471 4316 De
489 4261 584 4316 divina
602 4263 763 4330 Psalmodia,
781 4265 881 4322 notitia
899 4273 1038 4322 auctorum
1057 4266 1106 4322 snb
1128 4269 1276 4325 Hiucrrmrc
1285 4263 1417 4326 alcala.
