3002 4836
499 511 663 566 Convocatio
682 511 804 566 Consilii.
1174 513 1210 568 to

104 677 159 740 qne
170 655 365 741 postulatum
390 656 565 741 scriptores
588 655 743 735 referunt,
760 655 818 718 sed
843 654 900 719 diu
923 673 1102 737 recusasse,
1120 655 1208 741 quod

102 752 193 818 laicus
214 765 307 818 esset
354 753 478 816 Munus
499 752 634 817 tandem
659 755 819 838 suscepit,
844 773 884 816 ea
906 755 1074 838 proposita
1098 753 1209 818 condi-

101 852 186 934 tione,
207 862 245 915 ιιι
266 851 311 916 ad
335 850 551 916 orthodoxiae
567 861 600 916 et
615 853 750 916 unionis
765 853 1003 915 restitutionem
1020 849 1207 916 Concilium

100 948 238 1032 generale
261 947 452 1014 haberetur.
497 949 695 1014 Petitionem
710 947 797 1012 hanc
820 958 891 1013 tum
914 947 1113 1033 Imperatrix
1137 957 1207 1012 tum

99 1045 148 1109 alii
168 1045 300 1132 plurimi
325 1049 390 1110 viri
425 1049 570 1131 insignes
600 1045 914 1132 comprobaverunt,
946 1066 1010 1131 quo
1035 1046 1122 1110 lacto
1146 1047 1208 1110 Ta

99 1146 192 1208 resins
219 1144 303 1209 scoto
336 1145 530 1210 Nativitatis
561 1145 699 1209 Domini
732 1145 811 1208 anni
852 1143 916 1206 784
944 1145 978 1208 in
1014 1145 1207 1228 episcopum

98 1253 295 1307 consecratus
329 1253 389 1307 est.
435 1243 591 1308 Tanusius
622 1243 706 1306 forte
740 1244 774 1305 in
804 1249 871 1305 toto
903 1243 963 1305 isto
988 1243 1119 1326 negotio
1144 1241 1206 1305 dis

98 1340 238 1424 ponendo
263 1363 306 1405 ex
331 1341 485 1424 condicto
510 1361 585 1404 cum
608 1340 822 1426 Imperatrice
846 1341 922 1424 egit,
947 1349 984 1402 ut
1007 1341 1068 1403 via'
1087 1349 1207 1403 sterne·

97 1447 175 1500 retur
196 1438 238 1502 ad
263 1437 426 1502 cultum
417 1440 599 1522 imaginum
622 1437 872 1502 restituendum.

172 1569 225 1635 50.
251 1571 297 1636 Ut
326 1573 470 1658 primum
494 1571 650 1636 Tarasius
681 1572 897 1655 inauguratus
927 1579 988 1651 est,
1019 1569 1097 1633 fidei
1128 1591 1206 1633 strae
1228 1583 1340 1688 Ises-tio¹¹
1333 1585 1360 1626 d

97 1667 323 1750 professionem
355 1680 388 1733 et
421 1669 586 1756 supplices
615 1691 674 1755 pro
710 1666 850 1732 Concilii
884 1667 1086 1731 oecumenici
1125 1644 1276 1731 cele-'³⁸‘³
1265 1657 1288 1748 „¹
1289 1657 1361 1749 ιω

96 1761 232 1830 bratione
256 1767 384 1832 litteras
408 1767 449 1831 ad
475 1767 684 1831 Hadrianum
719 1767 735 1830 Ι
766 1765 961 1829 Pontificem
993 1763 1131 1844 direxit,
1161 1765 1204 1829 ab

95 1885 188 1948 eoque
211 1865 254 1929 ad
283 1867 549 1929 communionem
574 1875 623 1928 est
652 1865 831 1944 admissus,
864 1865 1016 1950 quamvis
1040 1863 1110 1949 ejus
1134 1884 1204 1947 pro-

97 1964 185 2025 motio
220 1961 265 2026 ed
300 1965 527 2049 episcopatum
563 1961 746 2026 canonibus
778 1960 868 2025 haud
903 1969 987 2024 esset
1017 1960 1203 2040 conformis,

96 2058 145 2121 sed
175 2083 213 2124 ea
245 2061 447 2144 conditione,
479 2071 516 2125 ut
545 2083 603 2147 pro
628 2059 840 2124 restituendis
870 2059 970 2124 sacris
1004 2057 1205 2144 imaginibus

94 2155 196 2222 sedulo
223 2157 402 2223 laboraret.
457 2157 584 2223 Eodem
617 2168 763 2244 tempore
798 2155 923 2244 (mense
952 2155 1138 2242 Septembri
1173 2179 1202 2221 ιι.

96 2253 163 2340 ῑ85)
192 2254 434 2321 Constantinus
463 2266 495 2320 et
524 2255 620 2320 Irene
651 2256 694 2320 ad
718 2255 927 2319 Hadrianum
957 2254 1082 2340 Papam
1104 2255 1203 2339 scrip-

93 2363 193 2417 eemnt
231 2364 402 2438 rogantes,
436 2364 472 2418 ut
502 2352 823 2440 Constantinopolim
860 2353 973 2416 venire
1012 2351 1206 2436 dignaretur

93 2445 232 2515 Concilio
268 2451 496 2538 praefuturus,
528 2461 586 2516 aut
610 2453 753 2516 mitteret
784 2449 907 2535 legatos
931 2451 987 2535 qui
1012 2451 1103 2512 vices
1127 2472 1203 2514 suas

92 2545 211 2613 obirent
235 2571 279 2613 ac
301 2548 410 2614 locum
435 2560 594 2615 tenerent.
640 2549 796 2614 Traditae
820 2549 954 2612 suerunt
977 2547 1051 2612 illae
1075 2547 1203 2612 litterae

93 2643 254 2711 Hadriano
294 2670 353 2733 per
382 2648 528 2712 Leonem
563 2647 792 2734 presbyterum
829 2670 849 2711 a
879 2646 1016 2710 Tarasio
1055 2647 1201 2728 missum,

92 2743 179 2808 simul
211 2768 291 2809 cum
315 2745 487 2810 Theodoro
513 2744 700 2810 Catenae
692 2769 725 2810 ιιι
751 2744 864 2810 Sicilia
888 2744 1041 2829 episeopo
1070 2753 1102 2806 et
1124 2743 1201 2828 Epi-

94 2839 205 2924 phanio
230 2842 340 2928 legato
365 2842 614 2930 Archiepisoopi
640 2842 824 2924 Sardiniae,
849 2841 969 2928 quibus
992 2839 1034 2904 ab
1058 2839 1201 2925 Impera-

93 2938 207 3004 toribus
239 2963 362 3005 munus
394 2941 481 3006 istud
515 2944 726 3007 commissum
758 2951 815 3006 est.
793 2940 985 3004 tlisdem
1008 2927 1201 3003 Hadrianus

94 3036 220 3102 tradidit
243 3061 438 3125 responsum
454 3062 549 3103 suum
565 3039 633 3126 (die
649 3040 690 3103 27
708 3038 861 3104 Octobris
876 3061 906 3102 a
932 3035 1020 3123 785),
1045 3035 1203 3101 videlicet

93 3137 257 3300 {ppsltplsm
289 3135 333 3200 ad
355 3135 574 3223 Imperatores
602 3137 767 3223 aliamque
796 3135 838 3201 ad
862 3135 1035 3200 Tarasium
1067 3135 1203 3220 patriar-

172 3387 226 3451 ι’)1.
252 3386 292 3450 In
317 3385 455 3471 epistola
477 3386 521 3450 ad
543 3386 762 3470 Imperatores
782 3384 935 3450 Pontifex
959 3383 1108 3470 pluribus
1131 3385 1203 3447 vin·
1215 3399 1342 3442 ιιιιιιιιιι
1311 3400 1376 3453 we

95 3479 175 3548 dicet
206 3487 436 3548 auctoritatem
470 3483 566 3549 Sedis
596 3482 807 3568 Apostolicae
837 3493 873 3546 ut
904 3482 981 3546 fidei
1016 3463 1291 3566 magistrae*

94 3577 177 3646 inter
198 3583 267 3647 alia
288 3581 424 3646 scribit.
449 3583 573 3646 Nom'
558 3603 627 3667 apae
636 3583 789 3667 princeps
803 3580 1025 3666 Apostolorum
1038 3581 1075 3643 B.
1093 3581 1204 3644 Petrus

95 3703 141 3763 por
136 3680 365 3767 'Apostolicce
389 3680 466 3744 Sodi
483 3680 635 3766 premitus
652 3679 832 3765 praesedit,
856 3678 1064 3764 Apostolutos
1081 3679 1204 3764 princi-

92 3789 192 3860 potom
211 3790 241 3843 et
257 3777 454 3866 principalis
471 3800 564 3842 curae
578 3777 894 3854 murmillonum,
919 3778 972 3862 qni
994 3777 1029 3839 io
1052 3779 1118 3865 ejas
1133 3776 1205 3840 sede

92 3880 265 3958 perenniter
287 3879 406 3940 sessuai
428 3888 509 3954 mmt,
534 3874 701 3960 dereliquit
708 3899 720 3954 ,·
743 3875 853 3960 quidus
877 3885 906 3939 et
929 3875 1127 3938 auctoritatis
1145 3895 1203 3958 po-

97 3985 244 4054 testatem,
278 3975 536 4062 quemadmodum
572 3997 593 4038 a
626 3971 793 4038 Salvatore
825 3984 933 4036 oestro
965 3971 1101 4034 Domino
1135 3971 1204 4034 Deo

98 4071 152 4153 ipsi
172 4095 317 4137 concessa
340 4083 395 4151 eat,
420 4083 450 4136 et
473 4074 540 4158 ipae
554 4093 671 4158 qaoque
693 4073 759 4134 suis
783 4070 915 4134 coamiit
937 4093 974 4133 oc
998 4069 1134 4133 tradidit
1156 4070 1203 4131 di-

98 4169 158 4232 tiao
169 4175 262 4258 jocoso
282 4170 509 4235 successoribus
522 4170 733 4252 Pontificibus,
749 4191 878 4253 quoram
899 4169 1069 4232 traditione
1088 4164 1206 4230 Christi

98 4285 209 4332 tomum
231 4269 379 4358 effigiare,
403 4279 589 4353 sanctaeque
618 4271 685 4357 ejus
712 4265 897 4350 Genitricis,
922 4265 1204 4352 Apostolorumque
