3002 4836
447 525 637 582 Controversia
655 526 684 580 in
702 525 799 581 Gallia.
1148 523 1183 580 'lt

88 670 228 736 elementa
250 668 381 754 singula
405 668 611 754 distinguant
627 678 659 733 et
673 669 854 735 scientifica
868 671 995 733 ratione
1019 690 1088 733 rem
1112 689 1182 754 per·

88 769 211 854 spiciunt
222 777 319 854 atque
336 766 534 852 intelligant:
558 767 639 832 dum
656 766 806 832 homines
821 767 960 848 indocti,
981 766 1047 832 lide
1064 768 1183 851 etipsa

88 869 194 932 ratione
221 887 301 930 sana
334 865 435 943 duce,
459 865 546 951 quod
570 875 697 930 rectum
728 873 760 928 et
778 866 905 950 justum
934 874 1072 928 estnon
1097 863 1182 929 diffi-

87 962 175 1027 culter
194 965 370 1047 attingunt,
395 965 547 1049 quamvis
570 963 662 1028 hand
685 963 849 1043 distincte,
874 963 932 1027 sed
956 973 1085 1028 tantum
1109 984 1183 1028 con-

86 1061 145 1124 iuse
173 1083 253 1147 quae
285 1061 329 1126 ad
361 1083 430 1126 rom
464 1063 630 1146 pertinent
663 1063 879 1146 conspiciant.
926 1060 1000 1125 Hoc
1023 1063 1123 1126 etiam
1148 1063 1182 1124 in

85 1155 161 1222 cultu
182 1179 347 1222 sacrarum
372 1159 555 1242 imaginum
580 1158 745 1223 usuvenit.
774 1157 871 1222 Oerte
895 1159 974 1222 dum
998 1157 1183 1224 idololatria

84 1254 177 1318 adhue
200 1255 334 1340 vigebat
357 1255 411 1320 vel
444 1255 546 1320 multa
578 1256 693 1321 saltem
722 1257 793 1341 ejus
816 1258 956 1341 vestigia
980 1267 1182 1343 supererant,

84 1353 247 1438 periculum
273 1352 444 1440 quoddam
468 1363 552 1437 erat,
575 1377 617 1420 ne
645 1363 794 1420 recenter
817 1356 968 1419 conversi
992 1353 1182 1435 Christiani,

84 1453 122 1514 uti
142 1461 234 1516 antea
256 1450 444 1516 simulacris
476 1453 666 1532 numinum,
690 1454 738 1517 ita
754 1453 827 1539 jam
855 1452 1057 1537 imaginibus
1080 1455 1182 1517 sacris

84 1547 191 1614 cultum
213 1550 479 1636 superstitiosum
495 1549 735 1636 impenderent.
759 1550 825 1616 Sed
843 1548 1029 1614 idololatria
1052 1551 1183 1636 penitus

82 1648 227 1712 eunucu
249 1657 283 1710 st
300 1645 484 1714 christiana
499 1647 657 1733 religione
677 1648 820 1730 firmata,
835 1647 901 1713 tale
923 1648 1106 1734 periculum
1130 1671 1182 1734 pe·

83 1745 157 1808 uitus
175 1743 301 1810 aberat.
326 1745 438 1831 Atque
454 1745 568 1811 fideles
582 1748 685 1812 etiam
704 1747 863 1820 rudiores,
878 1749 946 1810 suis
969 1756 1079 1812 tamen
1103 1747 1180 1813 fidei

82 1844 236 1929 principiis
259 1843 382 1908 imbuti
411 1854 443 1908 et
470 1865 551 1909 sana
572 1847 701 1910 ratione
724 1843 832 1926 ducti,
856 1845 957 1908 sacris
981 1845 1182 1928 imaginihus

80 1963 142 2005 eam
171 1953 301 2008 tantum
334 1945 580 2008 venerationem
614 1943 827 2028 praestabant
842 1942 1049 2024 inferiorem,
1074 1942 1182 2008 uualo-

80 2041 217 2121 giramet
231 2039 420 2122 relativam,
435 2063 522 2126 quae
547 2043 628 2127 ipsis
651 2029 821 2118 (convenit,¹
842 2042 922 2127 quin
938 2042 978 2104 iis
997 2061 1078 2126 opus
1098 2053 1183 2106 esset

81 2135 335 2204 distinctionibus
366 2137 483 2216 doctis,
509 2160 595 2224 quae
617 2141 732 2205 merito
757 2162 777 2203 a
799 2139 959 2224 theologis
982 2138 1184 2204 adhibentur

80 2247 106 2296 et
125 2235 271 2302 adhiberi
298 2235 431 2316 debent,
457 2225 533 2300 cuin
565 2237 747 2302 scientifica
777 2238 904 2302 ratione
928 2237 968 2302 de
992 2240 1063 2302 istis
1087 2259 1182 2324 quae·

79 2333 225 2399 stionibns
247 2344 403 2400 uastant.

155 2433 206 2499 85.
230 2434 298 2498 Per
330 2455 364 2498 se
399 2455 478 2498 vero
510 2435 571 2498 ista
608 2434 777 2498 veneratio
815 2441 930 2518 sponte
960 2434 1182 2519 consequitur,

80 2527 147 2594 dum
177 2532 341 2616 imagines
373 2530 416 2595 ob
441 2533 633 2595 memoriam
657 2541 690 2596 et
718 2551 863 2595 amorem
887 2535 1085 2596 Sanctorum
1109 2553 1182 2595 con-

79 2639 247 2694 servantur.
298 2628 589 2709 Quemadmodum
608 2629 696 2694 lilius
719 2631 775 2715 qui
800 2626 842 2692 ob
865 2631 969 2714 patris
991 2631 1183 2693 memoriam

81 2733 269 2792 clamorem
294 2728 365 2813 ejus
390 2725 491 2792 habet
509 2729 700 2812 imaginem,
715 2727 802 2792 hanc
826 2726 950 2792 honore
973 2727 1117 2812 quodam
1142 2729 1183 2789 ci·

82 2822 129 2886 vili
149 2827 284 2906 alliciet,
309 2828 354 2890 ita
378 2827 479 2890 etiam
495 2827 708 2890 veneratione
727 2823 877 2912 religiosa
900 2838 1015 2910 sponte
1039 2813 1184 2889 allicien-

81 2931 125 2984 tur
144 2924 307 3008 imagines
330 2921 544 3004 Sanctorum,
580 2924 661 2988 haec
685 2946 728 2989 ex
752 2922 862 2987 indole
885 2925 933 2986 rei
957 2923 1072 2988 intime
1097 2945 1184 2987 nexa

80 3029 212 3085 osteum
235 3043 301 3086 usu
324 3041 438 3086 eorum
462 3020 504 3086 ob
528 3023 721 3086 memoriam
751 3031 784 3086 et
807 3041 952 3106 amorem
976 3018 1184 3085 Sanctorum.

83 3113 165 3182 Unda
187 3119 381 3184 Hadrianus
405 3121 462 3205 qui
487 3119 723 3206 comprobabat
756 3119 940 3184 doctrinam
966 3116 1106 3183 Concilii
1130 3119 1185 3182 Ni·

81 3217 172 3296 oaeni,
196 3216 332 3303 quando
348 3216 544 3303 Capitularii
569 3218 657 3304 quod
677 3216 765 3281 Galli
789 3227 1009 3303 opposuerant
1032 3214 1185 3281 ultimum

81 3313 148 3376 citat
170 3313 364 3401 capitulum,
389 3317 424 3380 in
448 3337 512 3402 quo
537 3315 733 3401 profitentur
748 3337 781 3378 se
806 3316 898 3400 sequi
922 3337 1016 3379 sensa
1033 3313 1185 3398 Gregorii

81 3406 119 3472 ll.
140 3421 170 3474 et
191 3433 327 3476 servare
350 3414 512 3498 imagines
525 3423 661 3500 propter
683 3435 829 3478 umorem
845 3413 909 3478 Dei
934 3423 967 3478 et
990 3411 1185 3478 Sanctorum

82 3506 150 3590 ejus,
172 3533 242 3575 ram
258 3511 421 3596 approbat
435 3513 655 3598 perspiciens,
672 3511 781 3596 quoad
796 3510 1014 3576 substantiam
1031 3521 1064 3574 et
1077 3509 1187 3596 quoad

80 3609 197 3686 praxim
230 3609 302 3673 fere
334 3609 485 3674 eamdem
517 3629 587 3673 esse
610 3609 781 3674 Gallorum
812 3619 843 3672 et
867 3608 1088 3674 Orientalium
1117 3629 1186 3673 sen-

83 3705 216 3770 tentiam.
271 3707 341 3772 Hoc
374 3731 496 3774 saouru
528 3719 558 3772 et
589 3707 802 3774 uenerandum
838 3703 1028 3794 capitulum,
1062 3705 1185 3782 scribit,

83 3799 198 3868 omum
220 3807 322 3872 distat
345 3831 366 3871 a
389 3808 463 3871 totis
486 3805 680 3892 supradictia
707 3804 867 3891 capitulis.
915 3806 958 3870 Et
979 3805 1097 3869 idcirco
1120 3829 1187 3870 uun

84 3903 252 3979 moinus
274 3915 397 3968 amhae
420 3929 442 3969 a
464 3906 532 3968 Deo
557 3915 699 3969 sanotae
722 3903 972 3988 orthodocosque
994 3901 1113 3988 repulia
1135 3925 1188 3967 ec·

85 3995 232 4064 ωὶὶιπίίαι
256 4025 321 4066 esra
339 4006 523 4090 propr-ium,
547 4005 582 4067 in
597 4025 631 4066 co
645 4001 701 4066 uti
722 4012 824 4065 rectae
839 4000 923 4084 fidei
939 4000 1040 4086 plena
1059 4001 1189 4086 paratura

86 4095 214 4182 confuso
238 4111 285 4164 eat
307 4123 429 4166 sommam
462 4101 656 4166 concussioni
681 4097 829 4185 Gregorii
855 4099 950 4186 sepsi.
975 4137 1017 4145 -
1041 4099 1091 4162 Ac
1116 4120 1188 4162 cen-

87 4211 191 4278 amns,
214 4220 332 4263 revera
356 4221 394 4263 eo
410 4209 567 4286 tempore,
583 4208 619 4263 ut
640 4208 765 4284 postea,
780 4196 894 4262 fideles
908 4194 1037 4262 Galliae
1061 4219 1188 4261 sacram

89 4296 318 4368 venerationem
361 4296 563 4381 imaginibus
604 4295 726 4383 quihus
767 4295 949 4360 utebantur
987 4293 1188 4368 exhibuisse,
