<?xml version="1.0" encoding="UTF-8"?>
<!DOCTYPE html PUBLIC "-//W3C//DTD XHTML 1.0 Transitional//EN"
    "http://www.w3.org/TR/xhtml1/DTD/xhtml1-transitional.dtd">
<html xmlns="http://www.w3.org/1999/xhtml" xml:lang="en" lang="en">
 <head>
  <title>
</title>
<meta http-equiv="Content-Type" content="text/html;charset=utf-8" />
  <meta name='ocr-system' content='tesseract 3.04.00' />
  <meta name='ocr-capabilities' content='ocr_page ocr_carea ocr_par ocr_line ocrx_word'/>
</head>
<body>
  <div class='ocr_page' id='page_1' title='image "./dissertationess01junggoog_0086.png"; bbox 0 0 3002 4836; ppageno 0'>
   <div class='ocr_carea' id='block_1_1' title="bbox 448 521 1190 578">
    <p class='ocr_par' dir='ltr' id='par_1_1' title="bbox 448 521 1190 578">
     <span class='ocr_line' id='line_1_1' title="bbox 448 521 1190 578; baseline -0.003 0"><span class='ocrx_word' id='word_1_1' title='bbox 448 521 638 578; x_wconf 72' lang='lat' dir='ltr'><strong>Controversia</strong></span> <span class='ocrx_word' id='word_1_2' title='bbox 656 521 684 578; x_wconf 87' lang='lat' dir='ltr'><strong>io</strong></span> <span class='ocrx_word' id='word_1_3' title='bbox 703 521 802 578; x_wconf 85' lang='lat' dir='ltr'><strong>Gallia.</strong></span> <span class='ocrx_word' id='word_1_4' title='bbox 1152 523 1190 576; x_wconf 77' lang='grc'><strong>75</strong></span> 
     </span>
    </p>
   </div>
   <div class='ocr_carea' id='block_1_2' title="bbox 70 664 1191 4086">
    <p class='ocr_par' dir='ltr' id='par_1_2' title="bbox 70 664 1190 2793">
     <span class='ocr_line' id='line_1_2' title="bbox 72 664 1189 752; baseline 0 -22"><span class='ocrx_word' id='word_1_5' title='bbox 72 664 221 750; x_wconf 67' lang='lat' dir='ltr'><strong>gentibue</strong></span> <span class='ocrx_word' id='word_1_6' title='bbox 244 665 450 752; x_wconf 72' lang='lat' dir='ltr'>proceribus,</span> <span class='ocrx_word' id='word_1_7' title='bbox 474 667 625 732; x_wconf 79' lang='lat' dir='ltr'><strong>restituit.</strong></span> <span class='ocrx_word' id='word_1_8' title='bbox 671 665 771 731; x_wconf 87' lang='lat' dir='ltr'><strong>Anno</strong></span> <span class='ocrx_word' id='word_1_9' title='bbox 789 667 862 748; x_wconf 79' lang='grc'>795,</span> <span class='ocrx_word' id='word_1_10' title='bbox 886 687 954 731; x_wconf 89' lang='lat' dir='ltr'><strong>non</strong></span> <span class='ocrx_word' id='word_1_11' title='bbox 978 665 1189 731; x_wconf 71' lang='lat' dir='ltr'><strong>obstantibus</strong></span> 
     </span>
     <span class='ocr_line' id='line_1_3' title="bbox 72 762 1185 850; baseline 0 -22"><span class='ocrx_word' id='word_1_12' title='bbox 72 765 100 828; x_wconf 84' lang='lat' dir='ltr'><strong>S.</strong></span> <span class='ocrx_word' id='word_1_13' title='bbox 121 763 251 829; x_wconf 78' lang='lat' dir='ltr'><strong>Tarasii</strong></span> <span class='ocrx_word' id='word_1_14' title='bbox 276 762 486 850; x_wconf 84' lang='lat' dir='ltr'><strong>patriarchae</strong></span> <span class='ocrx_word' id='word_1_15' title='bbox 501 765 635 829; x_wconf 89' lang='lat' dir='ltr'><strong>monitis</strong></span> <span class='ocrx_word' id='word_1_16' title='bbox 659 773 691 828; x_wconf 89' lang='lat' dir='ltr'><strong>et</strong></span> <span class='ocrx_word' id='word_1_17' title='bbox 705 766 813 846; x_wconf 91' lang='lat' dir='ltr'><strong>minis,</strong></span> <span class='ocrx_word' id='word_1_18' title='bbox 838 764 980 829; x_wconf 86' lang='lat' dir='ltr'><strong>Mariam</strong></span> <span class='ocrx_word' id='word_1_19' title='bbox 1002 762 1185 848; x_wconf 75' lang='lat' dir='ltr'><strong>legitimam</strong></span> 
     </span>
     <span class='ocr_line' id='line_1_4' title="bbox 72 860 1187 949; baseline -0.003 -21"><span class='ocrx_word' id='word_1_20' title='bbox 72 862 242 948; x_wconf 87' lang='lat' dir='ltr'><strong>conjugem</strong></span> <span class='ocrx_word' id='word_1_21' title='bbox 273 883 368 927; x_wconf 89' lang='lat' dir='ltr'><strong>snam</strong></span> <span class='ocrx_word' id='word_1_22' title='bbox 397 862 589 948; x_wconf 84' lang='lat' dir='ltr'><strong>repudiavit</strong></span> <span class='ocrx_word' id='word_1_23' title='bbox 620 872 653 928; x_wconf 91' lang='lat' dir='ltr'><strong>et</strong></span> <span class='ocrx_word' id='word_1_24' title='bbox 682 883 794 928; x_wconf 86' lang='lat' dir='ltr'><strong>coram</strong></span> <span class='ocrx_word' id='word_1_25' title='bbox 817 861 962 949; x_wconf 90' lang='lat' dir='ltr'><strong>Josepho</strong></span> <span class='ocrx_word' id='word_1_26' title='bbox 991 860 1187 949; x_wconf 88' lang='lat' dir='ltr'><strong>presbytero</strong></span> 
     </span>
     <span class='ocr_line' id='line_1_5' title="bbox 71 957 1186 1047; baseline 0.002 -25"><span class='ocrx_word' id='word_1_27' title='bbox 71 969 98 1023; x_wconf 88' lang='lat' dir='ltr'><strong>et</strong></span> <span class='ocrx_word' id='word_1_28' title='bbox 117 959 281 1027; x_wconf 82' lang='lat' dir='ltr'><strong>ecelesiae</strong></span> <span class='ocrx_word' id='word_1_29' title='bbox 298 957 453 1026; x_wconf 85' lang='lat' dir='ltr'><strong>OPtenae</strong></span> <span class='ocrx_word' id='word_1_30' title='bbox 476 982 666 1042; x_wconf 87' lang='lat' dir='ltr'><strong>oeconomo,</strong></span> <span class='ocrx_word' id='word_1_31' title='bbox 690 963 747 1047; x_wconf 86' lang='lat' dir='ltr'><strong>qui</strong></span> <span class='ocrx_word' id='word_1_32' title='bbox 771 960 835 1026; x_wconf 80' lang='lat' dir='ltr'><strong>hec</strong></span> <span class='ocrx_word' id='word_1_33' title='bbox 858 962 893 1025; x_wconf 94' lang='lat' dir='ltr'><strong>in</strong></span> <span class='ocrx_word' id='word_1_34' title='bbox 917 981 952 1024; x_wconf 92' lang='lat' dir='ltr'><strong>re</strong></span> <span class='ocrx_word' id='word_1_35' title='bbox 968 959 1186 1026; x_wconf 81' lang='lat' dir='ltr'><strong>Constantino</strong></span> 
     </span>
     <span class='ocr_line' id='line_1_6' title="bbox 71 1057 1188 1147; baseline -0.004 -21"><span class='ocrx_word' id='word_1_36' title='bbox 71 1063 127 1129; x_wconf 82' lang='lat' dir='ltr'><strong>vlle</strong></span> <span class='ocrx_word' id='word_1_37' title='bbox 141 1060 346 1146; x_wconf 78' lang='lat' dir='ltr'><strong>obsequium</strong></span> <span class='ocrx_word' id='word_1_38' title='bbox 369 1060 542 1145; x_wconf 85' lang='lat' dir='ltr'><strong>praestitit,</strong></span> <span class='ocrx_word' id='word_1_39' title='bbox 558 1058 746 1145; x_wconf 86' lang='lat' dir='ltr'><strong>illegitimas</strong></span> <span class='ocrx_word' id='word_1_40' title='bbox 767 1059 899 1147; x_wconf 79' lang='lat' dir='ltr'><strong>nuptias</strong></span> <span class='ocrx_word' id='word_1_41' title='bbox 923 1079 998 1123; x_wconf 91' lang='lat' dir='ltr'><strong>cum</strong></span> <span class='ocrx_word' id='word_1_42' title='bbox 1014 1057 1188 1123; x_wconf 83' lang='lat' dir='ltr'><strong>Theodota</strong></span> 
     </span>
     <span class='ocr_line' id='line_1_7' title="bbox 70 1155 1186 1243; baseline -0.003 -19"><span class='ocrx_word' id='word_1_43' title='bbox 70 1157 272 1226; x_wconf 78' lang='lat' dir='ltr'><strong>cubicularia</strong></span> <span class='ocrx_word' id='word_1_44' title='bbox 294 1157 471 1222; x_wconf 83' lang='lat' dir='ltr'><strong>contraxit.</strong></span> <span class='ocrx_word' id='word_1_45' title='bbox 516 1156 662 1222; x_wconf 83' lang='lat' dir='ltr'><strong>Tantum</strong></span> <span class='ocrx_word' id='word_1_46' title='bbox 680 1156 824 1239; x_wconf 82' lang='lat' dir='ltr'><strong>facinus,</strong></span> <span class='ocrx_word' id='word_1_47' title='bbox 846 1157 936 1243; x_wconf 90' lang='lat' dir='ltr'><strong>quod</strong></span> <span class='ocrx_word' id='word_1_48' title='bbox 955 1158 990 1222; x_wconf 92' lang='lat' dir='ltr'><strong>in</strong></span> <span class='ocrx_word' id='word_1_49' title='bbox 1014 1155 1186 1242; x_wconf 91' lang='lat' dir='ltr'><strong>publicum</strong></span> 
     </span>
     <span class='ocr_line' id='line_1_8' title="bbox 72 1253 1187 1344; baseline -0.003 -22"><span class='ocrx_word' id='word_1_50' title='bbox 72 1257 227 1344; x_wconf 74' lang='lat' dir='ltr'><strong>vergebat</strong></span> <span class='ocrx_word' id='word_1_51' title='bbox 241 1253 448 1338; x_wconf 85' lang='lat' dir='ltr'><strong>scandalum,</strong></span> <span class='ocrx_word' id='word_1_52' title='bbox 472 1255 519 1319; x_wconf 87' lang='lat' dir='ltr'><strong>ita</strong></span> <span class='ocrx_word' id='word_1_53' title='bbox 541 1256 722 1320; x_wconf 86' lang='lat' dir='ltr'><strong>commovit</strong></span> <span class='ocrx_word' id='word_1_54' title='bbox 734 1255 767 1322; x_wconf 89' lang='lat' dir='ltr'><strong>S.</strong></span> <span class='ocrx_word' id='word_1_55' title='bbox 782 1254 954 1320; x_wconf 83' lang='lat' dir='ltr'><strong>Platonem</strong></span> <span class='ocrx_word' id='word_1_56' title='bbox 977 1264 1011 1320; x_wconf 88' lang='lat' dir='ltr'><strong>et</strong></span> <span class='ocrx_word' id='word_1_57' title='bbox 1033 1253 1067 1321; x_wconf 88' lang='lat' dir='ltr'><strong>S.</strong></span> <span class='ocrx_word' id='word_1_58' title='bbox 1082 1254 1187 1319; x_wconf 88' lang='lat' dir='ltr'><strong>Theo·</strong></span> 
     </span>
     <span class='ocr_line' id='line_1_9' title="bbox 70 1351 1185 1440; baseline -0.006 -17"><span class='ocrx_word' id='word_1_59' title='bbox 70 1357 181 1423; x_wconf 90' lang='lat' dir='ltr'><strong>dorum</strong></span> <span class='ocrx_word' id='word_1_60' title='bbox 206 1353 356 1432; x_wconf 86' lang='lat' dir='ltr'><strong>abbates,</strong></span> <span class='ocrx_word' id='word_1_61' title='bbox 381 1361 505 1417; x_wconf 89' lang='lat' dir='ltr'><strong>utnon</strong></span> <span class='ocrx_word' id='word_1_62' title='bbox 532 1362 662 1417; x_wconf 88' lang='lat' dir='ltr'><strong>tantum</strong></span> <span class='ocrx_word' id='word_1_63' title='bbox 685 1352 897 1440; x_wconf 87' lang='lat' dir='ltr'><strong>Imperatoris</strong></span> <span class='ocrx_word' id='word_1_64' title='bbox 920 1354 1053 1440; x_wconf 80' lang='lat' dir='ltr'><strong>nuptias</strong></span> <span class='ocrx_word' id='word_1_65' title='bbox 1076 1351 1185 1439; x_wconf 88' lang='lat' dir='ltr'><strong>palam</strong></span> 
     </span>
     <span class='ocr_line' id='line_1_10' title="bbox 71 1451 1186 1542; baseline -0.007 -21"><span class='ocrx_word' id='word_1_66' title='bbox 71 1452 363 1542; x_wconf 76' lang='lat' dir='ltr'><strong>reprehenderant,</strong></span> <span class='ocrx_word' id='word_1_67' title='bbox 400 1471 542 1536; x_wconf 88' lang='lat' dir='ltr'><strong>eumque</strong></span> <span class='ocrx_word' id='word_1_68' title='bbox 579 1473 640 1516; x_wconf 89' lang='lat' dir='ltr'><strong>eeu</strong></span> <span class='ocrx_word' id='word_1_69' title='bbox 673 1453 998 1516; x_wconf 84' lang='lat' dir='ltr'><strong>excommunicatum</strong></span> <span class='ocrx_word' id='word_1_70' title='bbox 1031 1451 1186 1531; x_wconf 80' lang='lat' dir='ltr'><strong>vitarent,</strong></span> 
     </span>
     <span class='ocr_line' id='line_1_11' title="bbox 70 1546 1187 1635; baseline -0.006 -17"><span class='ocrx_word' id='word_1_71' title='bbox 70 1554 120 1618; x_wconf 88' lang='lat' dir='ltr'><strong>sed</strong></span> <span class='ocrx_word' id='word_1_72' title='bbox 145 1555 249 1617; x_wconf 88' lang='lat' dir='ltr'><strong>etiam</strong></span> <span class='ocrx_word' id='word_1_73' title='bbox 274 1548 466 1614; x_wconf 79' lang='lat' dir='ltr'><strong>recederent</strong></span> <span class='ocrx_word' id='word_1_74' title='bbox 488 1572 508 1612; x_wconf 84' lang='lat' dir='ltr'><strong>a</strong></span> <span class='ocrx_word' id='word_1_75' title='bbox 531 1551 764 1614; x_wconf 89' lang='lat' dir='ltr'><strong>communione</strong></span> <span class='ocrx_word' id='word_1_76' title='bbox 787 1549 926 1631; x_wconf 85' lang='lat' dir='ltr'><strong>Tarasii,</strong></span> <span class='ocrx_word' id='word_1_77' title='bbox 951 1547 1040 1635; x_wconf 90' lang='lat' dir='ltr'><strong>quod</strong></span> <span class='ocrx_word' id='word_1_78' title='bbox 1063 1546 1187 1612; x_wconf 86' lang='lat' dir='ltr'><strong>adulte·</strong></span> 
     </span>
     <span class='ocr_line' id='line_1_12' title="bbox 70 1646 1188 1734; baseline -0.005 -18"><span class='ocrx_word' id='word_1_79' title='bbox 70 1674 139 1716; x_wconf 84' lang='lat' dir='ltr'><strong>rom</strong></span> <span class='ocrx_word' id='word_1_80' title='bbox 161 1651 403 1734; x_wconf 83' lang='lat' dir='ltr'><strong>Imperatorem</strong></span> <span class='ocrx_word' id='word_1_81' title='bbox 433 1657 467 1710; x_wconf 91' lang='lat' dir='ltr'><strong>et</strong></span> <span class='ocrx_word' id='word_1_82' title='bbox 494 1646 675 1734; x_wconf 89' lang='lat' dir='ltr'><strong>Josepbum</strong></span> <span class='ocrx_word' id='word_1_83' title='bbox 709 1646 938 1733; x_wconf 86' lang='lat' dir='ltr'><strong>persbyterum</strong></span> <span class='ocrx_word' id='word_1_84' title='bbox 966 1667 1032 1711; x_wconf 91' lang='lat' dir='ltr'><strong>non</strong></span> <span class='ocrx_word' id='word_1_85' title='bbox 1056 1667 1188 1710; x_wconf 84' lang='lat' dir='ltr'><strong>excom·</strong></span> 
     </span>
     <span class='ocr_line' id='line_1_13' title="bbox 71 1742 1190 1814; baseline -0.006 0"><span class='ocrx_word' id='word_1_86' title='bbox 71 1749 264 1814; x_wconf 88' lang='lat' dir='ltr'><strong>municaret.</strong></span> <span class='ocrx_word' id='word_1_87' title='bbox 310 1744 362 1809; x_wconf 87' lang='lat' dir='ltr'><strong>Ita</strong></span> <span class='ocrx_word' id='word_1_88' title='bbox 386 1746 421 1808; x_wconf 94' lang='lat' dir='ltr'><strong>in</strong></span> <span class='ocrx_word' id='word_1_89' title='bbox 445 1743 584 1810; x_wconf 89' lang='lat' dir='ltr'><strong>ecclesia</strong></span> <span class='ocrx_word' id='word_1_90' title='bbox 601 1743 737 1810; x_wconf 82' lang='lat' dir='ltr'><strong>OPtana</strong></span> <span class='ocrx_word' id='word_1_91' title='bbox 751 1743 929 1809; x_wconf 88' lang='lat' dir='ltr'><strong>concordia</strong></span> <span class='ocrx_word' id='word_1_92' title='bbox 953 1745 1031 1808; x_wconf 90' lang='lat' dir='ltr'><strong>satis</strong></span> <span class='ocrx_word' id='word_1_93' title='bbox 1055 1742 1190 1808; x_wconf 85' lang='lat' dir='ltr'><strong>turbate</strong></span> 
     </span>
     <span class='ocr_line' id='line_1_14' title="bbox 70 1839 1188 1928; baseline -0.007 -16"><span class='ocrx_word' id='word_1_94' title='bbox 70 1861 124 1912; x_wconf 88' lang='lat' dir='ltr'><strong>est.</strong></span> <span class='ocrx_word' id='word_1_95' title='bbox 171 1845 274 1910; x_wconf 81' lang='lat' dir='ltr'><strong>Anno</strong></span> <span class='ocrx_word' id='word_1_96' title='bbox 299 1843 363 1908; x_wconf 72' lang='lat'><strong>797</strong></span> <span class='ocrx_word' id='word_1_97' title='bbox 387 1841 536 1928; x_wconf 87' lang='lat' dir='ltr'><strong>dejectus</strong></span> <span class='ocrx_word' id='word_1_98' title='bbox 550 1851 600 1906; x_wconf 89' lang='lat' dir='ltr'><strong>est</strong></span> <span class='ocrx_word' id='word_1_99' title='bbox 617 1839 854 1908; x_wconf 83' lang='lat' dir='ltr'><strong>Constantinus</strong></span> <span class='ocrx_word' id='word_1_100' title='bbox 877 1851 910 1906; x_wconf 91' lang='lat' dir='ltr'><strong>et</strong></span> <span class='ocrx_word' id='word_1_101' title='bbox 933 1841 1111 1906; x_wconf 87' lang='lat' dir='ltr'><strong>crudeliter</strong></span> <span class='ocrx_word' id='word_1_102' title='bbox 1133 1863 1188 1904; x_wconf 86' lang='lat' dir='ltr'><strong>ex·</strong></span> 
     </span>
     <span class='ocr_line' id='line_1_15' title="bbox 71 1939 1187 2027; baseline -0.005 -17"><span class='ocrx_word' id='word_1_103' title='bbox 71 1955 232 2021; x_wconf 80' lang='lat' dir='ltr'><strong>caecatus,</strong></span> <span class='ocrx_word' id='word_1_104' title='bbox 256 1963 296 2007; x_wconf 82' lang='lat' dir='ltr'><strong>ec</strong></span> <span class='ocrx_word' id='word_1_105' title='bbox 319 1939 413 2005; x_wconf 88' lang='lat' dir='ltr'><strong>brevi</strong></span> <span class='ocrx_word' id='word_1_106' title='bbox 438 1950 512 2027; x_wconf 94' lang='lat' dir='ltr'><strong>post</strong></span> <span class='ocrx_word' id='word_1_107' title='bbox 538 1940 659 2006; x_wconf 90' lang='lat' dir='ltr'><strong>obiisse</strong></span> <span class='ocrx_word' id='word_1_108' title='bbox 683 1939 814 2005; x_wconf 89' lang='lat' dir='ltr'><strong>dieitur.</strong></span> <span class='ocrx_word' id='word_1_109' title='bbox 864 1939 962 2021; x_wconf 83' lang='lat' dir='ltr'><strong>Quod</strong></span> <span class='ocrx_word' id='word_1_110' title='bbox 986 1939 1187 2026; x_wconf 91' lang='lat' dir='ltr'><strong>supplicium</strong></span> 
     </span>
     <span class='ocr_line' id='line_1_16' title="bbox 70 2038 1187 2120; baseline -0.005 -12"><span class='ocrx_word' id='word_1_111' title='bbox 70 2043 122 2108; x_wconf 85' lang='lat' dir='ltr'><strong>alii</strong></span> <span class='ocrx_word' id='word_1_112' title='bbox 146 2042 191 2107; x_wconf 87' lang='lat' dir='ltr'><strong>ab</strong></span> <span class='ocrx_word' id='word_1_113' title='bbox 215 2041 312 2106; x_wconf 89' lang='lat' dir='ltr'><strong>Irene</strong></span> <span class='ocrx_word' id='word_1_114' title='bbox 336 2038 529 2104; x_wconf 85' lang='lat' dir='ltr'><strong>mandatum</strong></span> <span class='ocrx_word' id='word_1_115' title='bbox 553 2038 655 2103; x_wconf 87' lang='lat' dir='ltr'><strong>fuisse</strong></span> <span class='ocrx_word' id='word_1_116' title='bbox 678 2040 843 2120; x_wconf 80' lang='lat' dir='ltr'><strong>referunt3</strong></span> <span class='ocrx_word' id='word_1_117' title='bbox 867 2038 925 2104; x_wconf 91' lang='lat' dir='ltr'><strong>alii</strong></span> <span class='ocrx_word' id='word_1_118' title='bbox 948 2047 1095 2120; x_wconf 89' lang='lat' dir='ltr'><strong>censent,</strong></span> <span class='ocrx_word' id='word_1_119' title='bbox 1119 2059 1187 2102; x_wconf 89' lang='lat' dir='ltr'><strong>mu·</strong></span> 
     </span>
     <span class='ocr_line' id='line_1_17' title="bbox 71 2135 1188 2224; baseline -0.005 -20"><span class='ocrx_word' id='word_1_120' title='bbox 71 2141 180 2206; x_wconf 80' lang='lat' dir='ltr'><strong>liorem</strong></span> <span class='ocrx_word' id='word_1_121' title='bbox 206 2162 227 2202; x_wconf 89' lang='lat' dir='ltr'><strong>a</strong></span> <span class='ocrx_word' id='word_1_122' title='bbox 250 2157 424 2224; x_wconf 85' lang='lat' dir='ltr'><strong>procerum</strong></span> <span class='ocrx_word' id='word_1_123' title='bbox 448 2135 667 2222; x_wconf 86' lang='lat' dir='ltr'><strong>quorumdam</strong></span> <span class='ocrx_word' id='word_1_124' title='bbox 680 2135 816 2202; x_wconf 89' lang='lat' dir='ltr'><strong>arbitrio</strong></span> <span class='ocrx_word' id='word_1_125' title='bbox 840 2135 1093 2222; x_wconf 86' lang='lat' dir='ltr'><strong>dependentem,</strong></span> <span class='ocrx_word' id='word_1_126' title='bbox 1116 2145 1188 2199; x_wconf 90' lang='lat' dir='ltr'><strong>tum</strong></span> 
     </span>
     <span class='ocr_line' id='line_1_18' title="bbox 72 2233 1187 2326; baseline -0.005 -22"><span class='ocrx_word' id='word_1_127' title='bbox 72 2237 178 2326; x_wconf 87' lang='lat' dir='ltr'><strong>quoad</strong></span> <span class='ocrx_word' id='word_1_128' title='bbox 193 2234 404 2302; x_wconf 86' lang='lat' dir='ltr'><strong>Constantini</strong></span> <span class='ocrx_word' id='word_1_129' title='bbox 429 2235 624 2321; x_wconf 86' lang='lat' dir='ltr'><strong>ejectionem</strong></span> <span class='ocrx_word' id='word_1_130' title='bbox 648 2257 690 2299; x_wconf 82' lang='lat' dir='ltr'><strong>ex</strong></span> <span class='ocrx_word' id='word_1_131' title='bbox 713 2237 864 2320; x_wconf 91' lang='lat' dir='ltr'><strong>imperio,</strong></span> <span class='ocrx_word' id='word_1_132' title='bbox 887 2243 958 2298; x_wconf 89' lang='lat' dir='ltr'><strong>tum</strong></span> <span class='ocrx_word' id='word_1_133' title='bbox 981 2233 1090 2319; x_wconf 89' lang='lat' dir='ltr'><strong>quoad</strong></span> <span class='ocrx_word' id='word_1_134' title='bbox 1114 2255 1187 2318; x_wconf 90' lang='lat' dir='ltr'><strong>sup·</strong></span> 
     </span>
     <span class='ocr_line' id='line_1_19' title="bbox 71 2330 1187 2424; baseline -0.005 -22"><span class='ocrx_word' id='word_1_135' title='bbox 71 2337 217 2424; x_wconf 90' lang='lat' dir='ltr'><strong>plicium,</strong></span> <span class='ocrx_word' id='word_1_136' title='bbox 232 2356 299 2422; x_wconf 87' lang='lat' dir='ltr'><strong>quo</strong></span> <span class='ocrx_word' id='word_1_137' title='bbox 316 2343 419 2398; x_wconf 88' lang='lat' dir='ltr'><strong>matre</strong></span> <span class='ocrx_word' id='word_1_138' title='bbox 436 2334 548 2398; x_wconf 88' lang='lat' dir='ltr'><strong>nescia</strong></span> <span class='ocrx_word' id='word_1_139' title='bbox 571 2333 709 2397; x_wconf 87' lang='lat' dir='ltr'><strong>affectus</strong></span> <span class='ocrx_word' id='word_1_140' title='bbox 732 2332 841 2416; x_wconf 86' lang='lat' dir='ltr'><strong>fuerit,</strong></span> <span class='ocrx_word' id='word_1_141' title='bbox 857 2333 973 2398; x_wconf 91' lang='lat' dir='ltr'><strong>merito</strong></span> <span class='ocrx_word' id='word_1_142' title='bbox 987 2330 1187 2418; x_wconf 85' lang='lat' dir='ltr'><strong>excusari¹).</strong></span> 
     </span>
     <span class='ocr_line' id='line_1_20' title="bbox 71 2430 1189 2518; baseline -0.004 -18"><span class='ocrx_word' id='word_1_143' title='bbox 71 2435 162 2500; x_wconf 93' lang='lat' dir='ltr'><strong>lrene</strong></span> <span class='ocrx_word' id='word_1_144' title='bbox 187 2433 266 2498; x_wconf 89' lang='lat' dir='ltr'><strong>dein</strong></span> <span class='ocrx_word' id='word_1_145' title='bbox 290 2431 359 2498; x_wconf 86' lang='lat' dir='ltr'><strong>sola</strong></span> <span class='ocrx_word' id='word_1_146' title='bbox 387 2433 541 2516; x_wconf 80' lang='lat' dir='ltr'><strong>regnavit</strong></span> <span class='ocrx_word' id='word_1_147' title='bbox 564 2453 667 2518; x_wconf 89' lang='lat' dir='ltr'><strong>usque</strong></span> <span class='ocrx_word' id='word_1_148' title='bbox 690 2430 734 2496; x_wconf 89' lang='lat' dir='ltr'><strong>ed</strong></span> <span class='ocrx_word' id='word_1_149' title='bbox 757 2453 883 2496; x_wconf 89' lang='lat' dir='ltr'><strong>annum</strong></span> <span class='ocrx_word' id='word_1_150' title='bbox 907 2431 987 2512; x_wconf 82' lang='lat'><strong>802,</strong></span> <span class='ocrx_word' id='word_1_151' title='bbox 1011 2453 1076 2518; x_wconf 90' lang='lat' dir='ltr'><strong>quo</strong></span> <span class='ocrx_word' id='word_1_152' title='bbox 1100 2452 1189 2496; x_wconf 87' lang='lat' dir='ltr'><strong>anno</strong></span> 
     </span>
     <span class='ocr_line' id='line_1_21' title="bbox 71 2528 1187 2620; baseline -0.004 -22"><span class='ocrx_word' id='word_1_153' title='bbox 71 2537 139 2620; x_wconf 85' lang='lat' dir='ltr'><strong>ipsa</strong></span> <span class='ocrx_word' id='word_1_154' title='bbox 161 2557 181 2597; x_wconf 85' lang='lat' dir='ltr'><strong>a</strong></span> <span class='ocrx_word' id='word_1_155' title='bbox 206 2530 395 2617; x_wconf 86' lang='lat' dir='ltr'><strong>Nicephoro</strong></span> <span class='ocrx_word' id='word_1_156' title='bbox 418 2529 557 2616; x_wconf 88' lang='lat' dir='ltr'><strong>patricio</strong></span> <span class='ocrx_word' id='word_1_157' title='bbox 581 2551 599 2592; x_wconf 87' lang='lat' dir='ltr'><strong>e</strong></span> <span class='ocrx_word' id='word_1_158' title='bbox 628 2529 745 2594; x_wconf 91' lang='lat' dir='ltr'><strong>throno</strong></span> <span class='ocrx_word' id='word_1_159' title='bbox 774 2529 903 2615; x_wconf 86' lang='lat' dir='ltr'><strong>dejecte</strong></span> <span class='ocrx_word' id='word_1_160' title='bbox 926 2539 959 2594; x_wconf 94' lang='lat' dir='ltr'><strong>et</strong></span> <span class='ocrx_word' id='word_1_161' title='bbox 986 2530 1021 2593; x_wconf 94' lang='lat' dir='ltr'><strong>in</strong></span> <span class='ocrx_word' id='word_1_162' title='bbox 1045 2528 1187 2594; x_wconf 88' lang='lat' dir='ltr'><strong>insulam</strong></span> 
     </span>
     <span class='ocr_line' id='line_1_22' title="bbox 73 2626 1188 2714; baseline -0.004 -19"><span class='ocrx_word' id='word_1_163' title='bbox 73 2631 194 2696; x_wconf 89' lang='lat' dir='ltr'><strong>Lesbos</strong></span> <span class='ocrx_word' id='word_1_164' title='bbox 217 2630 363 2714; x_wconf 84' lang='lat' dir='ltr'><strong>relegata</strong></span> <span class='ocrx_word' id='word_1_165' title='bbox 386 2637 445 2692; x_wconf 88' lang='lat' dir='ltr'><strong>est.</strong></span> <span class='ocrx_word' id='word_1_166' title='bbox 491 2626 622 2691; x_wconf 91' lang='lat' dir='ltr'><strong>Ibidem</strong></span> <span class='ocrx_word' id='word_1_167' title='bbox 654 2627 738 2692; x_wconf 90' lang='lat' dir='ltr'><strong>obiit</strong></span> <span class='ocrx_word' id='word_1_168' title='bbox 766 2649 854 2691; x_wconf 91' lang='lat' dir='ltr'><strong>anno</strong></span> <span class='ocrx_word' id='word_1_169' title='bbox 878 2627 943 2692; x_wconf 84' lang='lat'><strong>803</strong></span> <span class='ocrx_word' id='word_1_170' title='bbox 972 2627 1078 2710; x_wconf 88' lang='lat' dir='ltr'><strong>Irene,</strong></span> <span class='ocrx_word' id='word_1_171' title='bbox 1103 2648 1188 2713; x_wconf 89' lang='lat' dir='ltr'><strong>quae</strong></span> 
     </span>
     <span class='ocr_line' id='line_1_23' title="bbox 73 2723 672 2793; baseline -0.005 -1"><span class='ocrx_word' id='word_1_172' title='bbox 73 2753 90 2792; x_wconf 89' lang='lat' dir='ltr'><strong>a</strong></span> <span class='ocrx_word' id='word_1_173' title='bbox 111 2727 251 2793; x_wconf 83' lang='lat' dir='ltr'><strong>Graecis</strong></span> <span class='ocrx_word' id='word_1_174' title='bbox 275 2727 393 2791; x_wconf 90' lang='lat' dir='ltr'><strong>colitur</strong></span> <span class='ocrx_word' id='word_1_175' title='bbox 415 2728 501 2790; x_wconf 87' lang='lat' dir='ltr'><strong>inter</strong></span> <span class='ocrx_word' id='word_1_176' title='bbox 523 2723 672 2790; x_wconf 80' lang='lat' dir='ltr'><strong>Sanctus.</strong></span> 
     </span>
    </p>

    <p class='ocr_par' dir='ltr' id='par_1_3' title="bbox 75 2822 1191 4086">
     <span class='ocr_line' id='line_1_24' title="bbox 155 2822 1188 2910; baseline -0.002 -20"><span class='ocrx_word' id='word_1_177' title='bbox 155 2826 212 2890; x_wconf 77' lang='lat'><strong>87.</strong></span> <span class='ocrx_word' id='word_1_178' title='bbox 237 2825 437 2910; x_wconf 68' lang='lat' dir='ltr'><strong>Nicephorius</strong></span> <span class='ocrx_word' id='word_1_179' title='bbox 468 2824 621 2908; x_wconf 89' lang='lat' dir='ltr'><strong>princeps</strong></span> <span class='ocrx_word' id='word_1_180' title='bbox 654 2843 773 2886; x_wconf 91' lang='lat' dir='ltr'><strong>saevus</strong></span> <span class='ocrx_word' id='word_1_181' title='bbox 805 2833 838 2887; x_wconf 94' lang='lat' dir='ltr'><strong>et</strong></span> <span class='ocrx_word' id='word_1_182' title='bbox 861 2845 992 2905; x_wconf 84' lang='lat' dir='ltr'><strong>avarus,</strong></span> <span class='ocrx_word' id='word_1_183' title='bbox 1017 2822 1114 2888; x_wconf 92' lang='lat' dir='ltr'><strong>modo</strong></span> <span class='ocrx_word' id='word_1_184' title='bbox 1138 2833 1188 2908; x_wconf 87' lang='lat' dir='ltr'><strong>ty·</strong></span> 
     </span>
     <span class='ocr_line' id='line_1_25' title="bbox 76 2919 1189 3004; baseline -0.003 -15"><span class='ocrx_word' id='word_1_185' title='bbox 76 2945 251 2989; x_wconf 78' lang='lat' dir='ltr'><strong>nnnorum</strong></span> <span class='ocrx_word' id='word_1_186' title='bbox 275 2923 375 2986; x_wconf 84' lang='lat' dir='ltr'><strong>etiam</strong></span> <span class='ocrx_word' id='word_1_187' title='bbox 400 2919 631 2985; x_wconf 82' lang='lat' dir='ltr'><strong>aeclesiasticis</strong></span> <span class='ocrx_word' id='word_1_188' title='bbox 648 2921 788 3004; x_wconf 84' lang='lat' dir='ltr'><strong>negotiis</strong></span> <span class='ocrx_word' id='word_1_189' title='bbox 810 2943 846 2985; x_wconf 90' lang='lat' dir='ltr'><strong>se</strong></span> <span class='ocrx_word' id='word_1_190' title='bbox 870 2922 1012 3004; x_wconf 79' lang='lat' dir='ltr'><strong>miscuit,</strong></span> <span class='ocrx_word' id='word_1_191' title='bbox 1036 2920 1189 2987; x_wconf 91' lang='lat' dir='ltr'><strong>multum-</strong></span> 
     </span>
     <span class='ocr_line' id='line_1_26' title="bbox 75 3018 1189 3108; baseline -0.001 -23"><span class='ocrx_word' id='word_1_192' title='bbox 75 3043 132 3108; x_wconf 87' lang='lat' dir='ltr'><strong>que</strong></span> <span class='ocrx_word' id='word_1_193' title='bbox 155 3018 364 3108; x_wconf 87' lang='lat' dir='ltr'><strong>pstriarcbas</strong></span> <span class='ocrx_word' id='word_1_194' title='bbox 388 3019 421 3085; x_wconf 86' lang='lat' dir='ltr'><strong>S.</strong></span> <span class='ocrx_word' id='word_1_195' title='bbox 445 3018 619 3083; x_wconf 82' lang='lat' dir='ltr'><strong>Tartsium</strong></span> <span class='ocrx_word' id='word_1_196' title='bbox 643 3028 676 3082; x_wconf 91' lang='lat' dir='ltr'><strong>et</strong></span> <span class='ocrx_word' id='word_1_197' title='bbox 699 3019 772 3104; x_wconf 87' lang='lat' dir='ltr'><strong>ejus</strong></span> <span class='ocrx_word' id='word_1_198' title='bbox 794 3041 1016 3084; x_wconf 80' lang='lat' dir='ltr'><strong>successorem</strong></span> <span class='ocrx_word' id='word_1_199' title='bbox 1040 3019 1084 3106; x_wconf 85' lang='lat' dir='ltr'><strong>(a.</strong></span> <span class='ocrx_word' id='word_1_200' title='bbox 1108 3018 1189 3105; x_wconf 79' lang='lat'>806)</span> 
     </span>
     <span class='ocr_line' id='line_1_27' title="bbox 75 3115 1188 3206; baseline -0.002 -22"><span class='ocrx_word' id='word_1_201' title='bbox 75 3119 295 3206; x_wconf 75' lang='lat' dir='ltr'><strong>Nicephorum</strong></span> <span class='ocrx_word' id='word_1_202' title='bbox 319 3117 476 3196; x_wconf 57' lang='lat' dir='ltr'><strong>versvm</strong></span> <span class='ocrx_word' id='word_1_203' title='bbox 514 3125 659 3180; x_wconf 83' lang='lat' dir='ltr'><strong>attamen</strong></span> <span class='ocrx_word' id='word_1_204' title='bbox 692 3115 816 3181; x_wconf 89' lang='lat' dir='ltr'><strong>bellum</strong></span> <span class='ocrx_word' id='word_1_205' title='bbox 840 3127 955 3181; x_wconf 89' lang='lat' dir='ltr'><strong>contra</strong></span> <span class='ocrx_word' id='word_1_206' title='bbox 977 3139 1087 3182; x_wconf 71' lang='lat' dir='ltr'><strong>meras</strong></span> <span class='ocrx_word' id='word_1_207' title='bbox 1110 3119 1188 3182; x_wconf 89' lang='lat' dir='ltr'><strong>ima·</strong></span> 
     </span>
     <span class='ocr_line' id='line_1_28' title="bbox 75 3213 1189 3302; baseline -0.003 -19"><span class='ocrx_word' id='word_1_208' title='bbox 75 3219 163 3302; x_wconf 85' lang='lat' dir='ltr'><strong>gines</strong></span> <span class='ocrx_word' id='word_1_209' title='bbox 196 3238 264 3281; x_wconf 92' lang='lat' dir='ltr'><strong>non</strong></span> <span class='ocrx_word' id='word_1_210' title='bbox 288 3216 495 3280; x_wconf 84' lang='lat' dir='ltr'><strong>instauravit.</strong></span> <span class='ocrx_word' id='word_1_211' title='bbox 542 3213 641 3278; x_wconf 87' lang='lat' dir='ltr'><strong>Anno</strong></span> <span class='ocrx_word' id='word_1_212' title='bbox 675 3214 737 3278; x_wconf 88' lang='lat'><strong>811</strong></span> <span class='ocrx_word' id='word_1_213' title='bbox 764 3216 798 3280; x_wconf 89' lang='lat' dir='ltr'><strong>in</strong></span> <span class='ocrx_word' id='word_1_214' title='bbox 823 3213 908 3280; x_wconf 91' lang='lat' dir='ltr'><strong>bello</strong></span> <span class='ocrx_word' id='word_1_215' title='bbox 933 3225 1047 3280; x_wconf 88' lang='lat' dir='ltr'><strong>contra</strong></span> <span class='ocrx_word' id='word_1_216' title='bbox 1070 3214 1189 3300; x_wconf 82' lang='lat' dir='ltr'><strong>Balga-</strong></span> 
     </span>
     <span class='ocr_line' id='line_1_29' title="bbox 75 3311 1190 3400; baseline -0.002 -20"><span class='ocrx_word' id='word_1_217' title='bbox 75 3337 121 3380; x_wconf 86' lang='lat' dir='ltr'><strong>ros</strong></span> <span class='ocrx_word' id='word_1_218' title='bbox 153 3337 231 3379; x_wconf 87' lang='lat' dir='ltr'><strong>cum</strong></span> <span class='ocrx_word' id='word_1_219' title='bbox 266 3335 446 3400; x_wconf 87' lang='lat' dir='ltr'><strong>permagna</strong></span> <span class='ocrx_word' id='word_1_220' title='bbox 478 3311 619 3376; x_wconf 91' lang='lat' dir='ltr'><strong>militnm</strong></span> <span class='ocrx_word' id='word_1_221' title='bbox 652 3333 786 3377; x_wconf 90' lang='lat' dir='ltr'><strong>suorum</strong></span> <span class='ocrx_word' id='word_1_222' title='bbox 819 3312 1031 3378; x_wconf 89' lang='lat' dir='ltr'><strong>multitudine</strong></span> <span class='ocrx_word' id='word_1_223' title='bbox 1062 3313 1190 3378; x_wconf 90' lang='lat' dir='ltr'><strong>occisus</strong></span> 
     </span>
     <span class='ocr_line' id='line_1_30' title="bbox 76 3409 1189 3499; baseline -0.003 -22"><span class='ocrx_word' id='word_1_224' title='bbox 76 3428 128 3494; x_wconf 87' lang='lat' dir='ltr'><strong>est,</strong></span> <span class='ocrx_word' id='word_1_225' title='bbox 161 3414 261 3499; x_wconf 90' lang='lat' dir='ltr'><strong>eique</strong></span> <span class='ocrx_word' id='word_1_226' title='bbox 293 3411 452 3476; x_wconf 90' lang='lat' dir='ltr'><strong>successit</strong></span> <span class='ocrx_word' id='word_1_227' title='bbox 482 3410 620 3476; x_wconf 78' lang='lat' dir='ltr'><strong>Miebu&#39;el</strong></span> <span class='ocrx_word' id='word_1_228' title='bbox 654 3411 679 3474; x_wconf 89' lang='lat'><strong>1.</strong></span> <span class='ocrx_word' id='word_1_229' title='bbox 705 3411 902 3497; x_wconf 77' lang='lat' dir='ltr'><strong>Rluupolos,</strong></span> <span class='ocrx_word' id='word_1_230' title='bbox 927 3411 985 3496; x_wconf 92' lang='lat' dir='ltr'><strong>qui</strong></span> <span class='ocrx_word' id='word_1_231' title='bbox 1008 3409 1189 3496; x_wconf 88' lang='lat' dir='ltr'><strong>Imperium</strong></span> 
     </span>
     <span class='ocr_line' id='line_1_31' title="bbox 76 3507 1190 3595; baseline -0.003 -20"><span class='ocrx_word' id='word_1_232' title='bbox 76 3511 155 3576; x_wconf 86' lang='lat' dir='ltr'><strong>bene</strong></span> <span class='ocrx_word' id='word_1_233' title='bbox 188 3512 282 3576; x_wconf 83' lang='lat' dir='ltr'><strong>risus</strong></span> <span class='ocrx_word' id='word_1_234' title='bbox 313 3518 362 3574; x_wconf 89' lang='lat' dir='ltr'><strong>est</strong></span> <span class='ocrx_word' id='word_1_235' title='bbox 384 3508 626 3590; x_wconf 88' lang='lat' dir='ltr'><strong>administrare,</strong></span> <span class='ocrx_word' id='word_1_236' title='bbox 651 3531 690 3572; x_wconf 87' lang='lat' dir='ltr'><strong>uc</strong></span> <span class='ocrx_word' id='word_1_237' title='bbox 714 3507 755 3573; x_wconf 89' lang='lat' dir='ltr'><strong>de</strong></span> <span class='ocrx_word' id='word_1_238' title='bbox 785 3507 953 3595; x_wconf 81' lang='lat' dir='ltr'><strong>religionis</strong></span> <span class='ocrx_word' id='word_1_239' title='bbox 975 3518 1009 3572; x_wconf 90' lang='lat' dir='ltr'><strong>et</strong></span> <span class='ocrx_word' id='word_1_240' title='bbox 1031 3507 1190 3572; x_wconf 86' lang='lat' dir='ltr'><strong>eeclesiae</strong></span> 
     </span>
     <span class='ocr_line' id='line_1_32' title="bbox 75 3605 1191 3674; baseline -0.003 0"><span class='ocrx_word' id='word_1_241' title='bbox 75 3608 156 3674; x_wconf 87' lang='lat' dir='ltr'><strong>bono</strong></span> <span class='ocrx_word' id='word_1_242' title='bbox 180 3607 341 3674; x_wconf 87' lang='lat' dir='ltr'><strong>sollicitus</strong></span> <span class='ocrx_word' id='word_1_243' title='bbox 368 3617 448 3672; x_wconf 89' lang='lat' dir='ltr'><strong>erat.</strong></span> <span class='ocrx_word' id='word_1_244' title='bbox 494 3605 541 3670; x_wconf 87' lang='lat' dir='ltr'><strong>At</strong></span> <span class='ocrx_word' id='word_1_245' title='bbox 564 3627 639 3670; x_wconf 90' lang='lat' dir='ltr'><strong>eum</strong></span> <span class='ocrx_word' id='word_1_246' title='bbox 673 3607 707 3671; x_wconf 94' lang='lat' dir='ltr'><strong>in</strong></span> <span class='ocrx_word' id='word_1_247' title='bbox 737 3605 959 3672; x_wconf 83' lang='lat' dir='ltr'><strong>Iconoelastes</strong></span> <span class='ocrx_word' id='word_1_248' title='bbox 982 3607 1191 3672; x_wconf 85' lang='lat' dir='ltr'><strong>animadver-</strong></span> 
     </span>
     <span class='ocr_line' id='line_1_33' title="bbox 76 3703 1189 3791; baseline -0.002 -21"><span class='ocrx_word' id='word_1_249' title='bbox 76 3719 164 3790; x_wconf 83' lang='lat' dir='ltr'><strong>teret,</strong></span> <span class='ocrx_word' id='word_1_250' title='bbox 189 3705 354 3772; x_wconf 83' lang='lat' dir='ltr'><strong>invidiam</strong></span> <span class='ocrx_word' id='word_1_251' title='bbox 385 3706 570 3787; x_wconf 83' lang='lat' dir='ltr'><strong>exercitus,</strong></span> <span class='ocrx_word' id='word_1_252' title='bbox 595 3705 630 3770; x_wconf 92' lang='lat' dir='ltr'><strong>in</strong></span> <span class='ocrx_word' id='word_1_253' title='bbox 654 3726 719 3791; x_wconf 90' lang='lat' dir='ltr'><strong>quo</strong></span> <span class='ocrx_word' id='word_1_254' title='bbox 743 3704 837 3770; x_wconf 88' lang='lat' dir='ltr'><strong>multi</strong></span> <span class='ocrx_word' id='word_1_255' title='bbox 861 3727 901 3769; x_wconf 88' lang='lat' dir='ltr'><strong>ea</strong></span> <span class='ocrx_word' id='word_1_256' title='bbox 923 3703 1050 3768; x_wconf 87' lang='lat' dir='ltr'><strong>haeresi</strong></span> <span class='ocrx_word' id='word_1_257' title='bbox 1075 3703 1189 3768; x_wconf 84' lang='lat' dir='ltr'><strong>infecti</strong></span> 
     </span>
     <span class='ocr_line' id='line_1_34' title="bbox 76 3803 1190 3888; baseline -0.003 -18"><span class='ocrx_word' id='word_1_258' title='bbox 76 3819 173 3886; x_wconf 87' lang='lat' dir='ltr'><strong>erant,</strong></span> <span class='ocrx_word' id='word_1_259' title='bbox 191 3805 311 3886; x_wconf 85' lang='lat' dir='ltr'><strong>subiit3</strong></span> <span class='ocrx_word' id='word_1_260' title='bbox 337 3803 426 3869; x_wconf 90' lang='lat' dir='ltr'><strong>unde</strong></span> <span class='ocrx_word' id='word_1_261' title='bbox 444 3803 648 3888; x_wconf 84' lang='lat' dir='ltr'><strong>factumest,</strong></span> <span class='ocrx_word' id='word_1_262' title='bbox 672 3812 709 3867; x_wconf 89' lang='lat' dir='ltr'><strong>ut</strong></span> <span class='ocrx_word' id='word_1_263' title='bbox 722 3825 810 3868; x_wconf 88' lang='lat' dir='ltr'><strong>enno</strong></span> <span class='ocrx_word' id='word_1_264' title='bbox 834 3803 899 3868; x_wconf 83' lang='lat'><strong>813</strong></span> <span class='ocrx_word' id='word_1_265' title='bbox 923 3805 1098 3868; x_wconf 81' lang='lat' dir='ltr'><strong>commissa</strong></span> <span class='ocrx_word' id='word_1_266' title='bbox 1113 3823 1190 3868; x_wconf 90' lang='lat' dir='ltr'><strong>cum</strong></span> 
     </span>
     <span class='ocr_line' id='line_1_35' title="bbox 76 3900 1190 3988; baseline 0 -22"><span class='ocrx_word' id='word_1_267' title='bbox 76 3901 223 3988; x_wconf 78' lang='lat' dir='ltr'><strong>bulgaris</strong></span> <span class='ocrx_word' id='word_1_268' title='bbox 255 3901 397 3966; x_wconf 84' lang='lat' dir='ltr'><strong>adversa</strong></span> <span class='ocrx_word' id='word_1_269' title='bbox 430 3923 553 3988; x_wconf 83' lang='lat' dir='ltr'><strong>pugna,</strong></span> <span class='ocrx_word' id='word_1_270' title='bbox 578 3900 699 3966; x_wconf 87' lang='lat' dir='ltr'><strong>milites</strong></span> <span class='ocrx_word' id='word_1_271' title='bbox 722 3900 765 3965; x_wconf 87' lang='lat' dir='ltr'><strong>ab</strong></span> <span class='ocrx_word' id='word_1_272' title='bbox 799 3923 836 3966; x_wconf 87' lang='lat' dir='ltr'><strong>eo</strong></span> <span class='ocrx_word' id='word_1_273' title='bbox 870 3901 1049 3966; x_wconf 89' lang='lat' dir='ltr'><strong>deficerent</strong></span> <span class='ocrx_word' id='word_1_274' title='bbox 1072 3911 1104 3965; x_wconf 91' lang='lat' dir='ltr'><strong>et</strong></span> <span class='ocrx_word' id='word_1_275' title='bbox 1126 3901 1190 3966; x_wconf 92' lang='lat' dir='ltr'><strong>Im·</strong></span> 
     </span>
     <span class='ocr_line' id='line_1_36' title="bbox 77 3997 1189 4086; baseline -0.001 -21"><span class='ocrx_word' id='word_1_276' title='bbox 77 4013 253 4084; x_wconf 80' lang='lat' dir='ltr'><strong>perstarem</strong></span> <span class='ocrx_word' id='word_1_277' title='bbox 288 3999 468 4065; x_wconf 84' lang='lat' dir='ltr'><strong>salutarent</strong></span> <span class='ocrx_word' id='word_1_278' title='bbox 499 3999 633 4064; x_wconf 74' lang='lat' dir='ltr'><strong>beorum</strong></span> <span class='ocrx_word' id='word_1_279' title='bbox 659 3998 838 4064; x_wconf 81' lang='lat' dir='ltr'><strong>Arosenum.</strong></span> <span class='ocrx_word' id='word_1_280' title='bbox 885 3997 1029 4064; x_wconf 73' lang='lat' dir='ltr'><strong>llichsel</strong></span> <span class='ocrx_word' id='word_1_281' title='bbox 1060 4001 1189 4086; x_wconf 87' lang='lat' dir='ltr'><strong>imperii</strong></span> 
     </span>
    </p>
   </div>
   <div class='ocr_carea' id='block_1_3' title="bbox 78 4245 1190 4397">
    <p class='ocr_par' dir='ltr' id='par_1_4' title="bbox 78 4245 1190 4397">
     <span class='ocr_line' id='line_1_37' title="bbox 78 4245 1190 4382; baseline 0.009 -83"><span class='ocrx_word' id='word_1_282' title='bbox 78 4247 241 4382; x_wconf 44' lang='lat' dir='ltr'><strong>sagon.</strong></span> <span class='ocrx_word' id='word_1_283' title='bbox 259 4245 466 4316; x_wconf 77' lang='lat' dir='ltr'><strong>Hergenrttbcr</strong></span> <span class='ocrx_word' id='word_1_284' title='bbox 484 4245 598 4302; x_wconf 84' lang='lat' dir='ltr'><strong>Photius</strong></span> <span class='ocrx_word' id='word_1_285' title='bbox 622 4245 644 4303; x_wconf 91' lang='lat'><strong>1.</strong></span> <span class='ocrx_word' id='word_1_286' title='bbox 672 4261 698 4316; x_wconf 84' lang='lat' dir='ltr'><strong>p.</strong></span> <span class='ocrx_word' id='word_1_287' title='bbox 726 4249 792 4318; x_wconf 72' lang='lat'><strong>²⁶⁷3</strong></span> <span class='ocrx_word' id='word_1_288' title='bbox 822 4247 991 4320; x_wconf 77' lang='lat' dir='ltr'><strong>Damberger</strong></span> <span class='ocrx_word' id='word_1_289' title='bbox 1009 4247 1080 4314; x_wconf 79' lang='lat' dir='ltr'><strong>Ges,</strong></span> <span class='ocrx_word' id='word_1_290' title='bbox 1099 4247 1130 4306; x_wconf 93' lang='lat' dir='ltr'><strong>B.</strong></span> <span class='ocrx_word' id='word_1_291' title='bbox 1151 4247 1190 4308; x_wconf 87' lang='grc' dir='ltr'><strong>Π.</strong></span> 
     </span>
     <span class='ocr_line' id='line_1_38' title="bbox 184 4343 242 4397; baseline -0.017 0"><span class='ocrx_word' id='word_1_292' title='bbox 184 4343 242 4397; x_wconf 83' lang='lat' dir='ltr'><strong>sqq.</strong></span> 
     </span>
    </p>
   </div>
   <div class='ocr_carea' id='block_1_4' title="bbox 0 0 1510 4836">
    <p class='ocr_par' dir='ltr' id='par_1_5' title="bbox 0 0 1510 4836">
     <span class='ocr_line' id='line_1_39' title="bbox 0 0 1510 4836; baseline 0 0"><span class='ocrx_word' id='word_1_293' title='bbox 0 0 1510 4836; x_wconf 95' lang='lat' dir='ltr'><strong> </strong></span> 
     </span>
    </p>
   </div>
  </div>
 </body>
</html>
