2952 4832
307 495 346 548 Dc
365 493 616 548 Praedecessoribus
634 496 660 550 S.
679 495 806 565 Gregorii
825 497 889 554 Vll.
1102 497 1155 551 253

57 637 268 702 Alexandrum
293 647 441 723 petentes
464 649 669 723 mortemque
693 641 867 704 minantes.
902 639 1018 704 Patres
1041 661 1155 706 omnes

56 736 162 800 relictis
185 736 319 801 sedibus
342 736 521 816 aufugisse,
546 735 651 800 solum
672 737 740 800 fere
755 736 984 802 Alexandrum
1010 759 1075 803 non
1091 761 1155 802 ces·

54 837 122 898 sisse
143 832 223 914 loco,
256 834 428 924 odjaoame
453 844 483 897 et
505 834 692 898 consiliante
722 835 775 898 illi
806 836 951 900 Wenelao
983 836 1157 901 verwradr'li

54 931 162 1009 ollam,
192 933 247 1016 qui
268 953 358 996 asam
379 931 659 1018 leapodardoram
674 936 747 1021 jam
770 933 926 996 didicerat
944 931 1051 1019 pleae,
1082 935 1157 1019 quic

9 1073 11 1080 ·
53 1031 140 1093 multa
161 1029 264 1093 verbis
287 1029 438 1094 audacter
460 1029 579 1093 minori
601 1029 733 1108 soleam,
756 1055 835 1115 quae
859 1041 962 1094 tamea
985 1053 1077 1117 opere
1100 1031 1157 1095 ad·

52 1127 170 1213 implere
193 1127 375 1192 nallatenus
398 1127 524 1191 cadent.
559 1125 651 1202 Quod
666 1138 696 1192 et
717 1129 766 1192 dic
788 1129 892 1192 eodem
915 1129 1006 1192 modo
1030 1129 1156 1207 occidit,

50 1229 118 1311 prtia
138 1248 220 1306 more,
253 1237 288 1290 at
310 1225 455 1303 Bactriae,
492 1249 574 1290 aanor
599 1225 762 1312 Gotefridi
785 1227 882 1306 dacia,
915 1227 1060 1313 templum
1090 1249 1158 1292 eum

51 1326 109 1405 saie
136 1326 278 1402 introvit,
308 1325 410 1388 omnia
436 1321 492 1388 ille
519 1323 669 1388 tumultus
692 1335 722 1388 et
745 1324 865 1410 fruger
888 1323 1074 1388 bellicosior
1097 1347 1157 1390 mo·

51 1434 141 1486 meato
166 1433 206 1502 et,
229 1431 264 1486 at
286 1424 334 1486 ita
357 1423 470 1498 dicam,
495 1423 529 1486 ia
552 1424 617 1484 ieta
640 1421 723 1486 oculi
745 1423 890 1506 deficiens
904 1426 1045 1488 cessavit.
1092 1422 1159 1488 Ste-

51 1543 100 1604 pne
131 1519 262 1606 reliquie
295 1519 415 1584 duobus
446 1519 556 1584 diodus
580 1543 749 1606 cumpace
772 1522 942 1598 ordinare,
972 1543 1051 1606 quae
1075 1521 1158 1586 ordi·

51 1620 152 1682 accde
181 1629 282 1696 erant,
315 1617 502 1682 Alecaader
528 1642 619 1704 papa
643 1620 775 1682 Romam
797 1621 983 1705 repeditare
1033 1619 1160 1706 Reliqui

49 1739 144 1778 omues
170 1716 215 1780 cd
233 1717 371 1801 propria
393 1726 591 1780 revertantur
604 1720 635 1795 ¹).

130 1913 184 1976 43.
218 1911 359 1976 Videtur
382 1914 492 1998 itaque
516 1912 557 1977 de
582 1911 703 1976 violato
727 1913 859 1977 decreto
875 1913 1003 1976 Nicolai
1027 1915 1062 1976 in
1086 1935 1330 1980 con-usumse-

48 2008 117 2072 cilio
143 2011 325 2074 Mantuano
351 2011 410 2074 vix
434 2010 653 2095 disceptatum
676 2011 795 2092 luisse3
827 2013 910 2076 forte
928 2012 999 2096 jam
1023 2012 1102 2076 satis
1125 2013 1160 2075 in
1196 2007 1306 2049 ”lm

47 2117 211 2172 conventu
227 2106 423 2190 Angustano
448 2110 509 2172 ista
533 2111 699 2174 accusatio
722 2110 864 2173 refutata
886 2109 994 2172 fuerat
1016 2117 1049 2173 et
1064 2131 1160 2195 quae·
1216 2088 1282 2119 'm'

46 2207 102 2268 etio
127 2205 285 2291 eliquata.
316 2204 408 2270 Alias
432 2215 560 2270 tantum
584 2206 745 2292 quasdam
768 2209 995 2272 accusationes
1018 2207 1160 2271 Alexan·

47 2301 101 2366 der
123 2301 224 2368 facile
248 2302 353 2370 dtuit
400 2304 571 2370 Praecedit
594 2315 705 2370 autem
729 2305 866 2389 synodo,
895 2315 928 2368 et
954 2315 1083 2369 tantum
1107 2304 1161 2370 ob·

45 2403 158 2486 sequio
182 2402 327 2487 quodam
351 2405 502 2487 quaesita
524 2403 725 2487 explanavit,
750 2403 840 2467 haud
864 2425 941 2466 vero
966 2425 1000 2466 se
1022 2401 1163 2488 subjecit

45 2502 229 2564 sententiae
253 2499 383 2566 concilii
408 2512 443 2564 ut
466 2499 641 2566 tribunalis
665 2503 851 2586 superioris.
897 2502 937 2566 Id
967 2503 1036 2586 ipse
1068 2501 1161 2565 initio

43 2619 120 2662 suae
146 2599 305 2662 orationis
328 2598 507 2684 prudenter
531 2600 686 2664 insinuat.
721 2599 851 2680 „Nostis
875 2598 1019 2684 quidem,
1046 2600 1162 2684 inquit,

45 2693 100 2758 filii
127 2697 302 2777 carissimi,
332 2697 358 2760 si
382 2707 589 2762 accusatores
613 2698 677 2760 mei
705 2717 837 2760 veraces
862 2696 985 2760 vellent
1014 2717 1085 2760 esse
1109 2696 1163 2760 vel

43 2793 173 2874 videri,
209 2793 305 2858 modo
330 2792 461 2858 deceret
484 2815 555 2874 eos,
580 2797 665 2858 sieut
688 2816 759 2865 me,
793 2794 907 2858 adfore
930 2797 964 2860 in
988 2796 1162 2880 praesenti.

44 2889 169 2964 Quibus
195 2902 299 2956 tamea
320 2915 384 2956 aaa
407 2913 531 2978 ceper-cr
555 2895 618 2956 tciri
640 2915 709 2955 mea
731 2903 841 2978 sponte
865 2893 1064 2979 respondere,
1088 2894 1164 2977 qaia

38 2992 149 3054 coacti
171 2991 323 3068 accimus,
346 2996 468 3080 jaattaa
489 3015 554 3054 aon
577 3013 651 3068 eoae,
675 2990 848 3076 discipulos
872 2992 1054 3078 mapietrarn
1078 3013 1164 3054 aeca-

40 3111 114 3152 oare
139 3085 192 3152 vel
207 3088 366 3175 judicare.
414 3088 571 3154 Attamen
595 3110 694 3168 nunc,
726 3111 768 3153 ne
792 3097 906 3153 saneta
928 3088 991 3152 Dei
1016 3087 1165 3152 Ecclesia

38 3184 242 3252 scandalum
267 3185 389 3250 habeat
410 3208 509 3272 super
521 3209 583 3267 me,
607 3197 708 3251 testor
730 3188 853 3273 etjuro
868 3187 1042 3271 perhanc,
1066 3207 1164 3270 quem

39 3284 186 3349 colimus
200 3283 381 3350 adventum
396 3284 539 3370 Spiritus
563 3287 679 3367 sancti,
704 3288 781 3371 quia
798 3285 1033 3349 conscientiam
1058 3303 1164 3346 meam

38 3404 219 3468 nunquam
251 3384 432 3448 simoniaca
462 3382 589 3448 haeresi
619 3382 869 3464 commaculavi,
891 3381 959 3446 'sed
990 3403 1042 3446 me
1066 3379 1166 3444 recla-

37 3491 196 3546 mantem
220 3489 252 3544 et
276 3482 471 3546 renitentem
496 3489 677 3564 traxerunt,
702 3492 735 3544 et
758 3483 792 3546 in
807 3479 892 3545 Sede
915 3478 1095 3564 apostolica
1119 3480 1165 3543 in·

36 3581 155 3642 vitum
172 3587 352 3644 statuentes
366 3583 673 3644 consecraverunt.“
684 3579 713 3664 ²)
728 3615 771 3626 --
788 3577 952 3644 Oadalous
968 3579 1067 3642 etiam
1091 3587 1166 3662 post

120 3904 147 3970 ¹)
167 3899 205 3954 n.
225 3899 258 3954 G.
278 3901 332 3956 Ser.
351 3899 411 3954 XX.
431 3901 492 3954 814.
512 3929 545 3940 ·-
565 3898 688 3966 Synodns
706 3899 855 3951 Mantuana
873 3911 925 3962 quo
943 3911 1014 3950 anno
1032 3861 1167 3950 celebrata

34 3985 131 4040 tuerit
170 3981 313 4050 cuprum
351 3980 459 4036 eruditi.
506 3980 557 4036 Sed
589 3979 733 4034 recentiori
767 3983 886 4045 ternpore
918 3991 1017 4046 graves
1044 3981 1166 4031 auctores

28 4061 297 4214 {JamGoopseppung
312 4077 376 4196 5eppe
394 4077 465 4116 anno
486 4060 554 4116 1064
574 4059 695 4116 habitam
714 4074 778 4114 esse.
804 4058 934 4114 Rationes
952 4055 1167 4122 evolvitHelele,

115 4286 142 4355 ²)
165 4286 201 4340 n.
221 4285 253 4340 a.
273 4285 326 4340 ser.
347 4285 406 4338 xx.
425 4285 442 4338 ι.
463 4301 484 4340 0.
