2952 4832
363 474 402 527 ne
424 473 587 528 l'ontilimtu
605 477 631 528 ὃ.
651 474 779 544 Gregorii
800 475 860 528 ΠΙ.
1131 475 1184 526 303

60 615 134 682 lites
158 618 221 701 ipsi
244 605 357 680 lideles
380 631 493 682 eontra
517 619 605 702 regis
623 621 869 704 aggressionem
884 619 1044 683 defendit.
1076 623 1184 705 Opem

59 737 138 780 vero
162 714 384 800 interpellavit
405 715 541 781 Roberti
566 715 757 801 Gaisoardi,
782 717 1053 782 b'ormannorum
1077 715 1183 780 ducis.

58 814 116 898 qui
149 825 186 877 ut
218 812 361 878 vasallus
393 813 543 880 debitum
578 837 694 880 revera
727 837 804 880 mox
836 814 1001 879 auxilium
1029 813 1183 880 Pontifici

58 912 228 996 praestitit.
276 911 330 976 Ex
352 912 519 998 Balgatia,
552 913 609 977 ubi
643 912 870 998 belligerabat,
904 912 991 977 illico
1015 910 1183 978 secedens.

56 1011 164 1095 copiis
188 1011 222 1074 in
245 1009 368 1095 Apulia
396 1009 551 1088 collectis,
580 1034 656 1076 cum
681 1034 781 1076 manu
807 1011 917 1076 valida
940 1011 1081 1075 Romam
1114 1031 1183 1096 per·

57 1108 156 1172 rexit.
202 1109 366 1172 Henricus
395 1131 499 1195 quum
530 1110 602 1194 ejus
633 1109 816 1176 adventum
849 1110 1080 1194 comperisset,
1122 1129 1183 1170 nec

57 1203 247 1270 exercitum
264 1205 402 1272 baberet
425 1208 457 1272 ei
478 1229 616 1272 numero
640 1231 679 1272 ac
697 1207 826 1272 viribus
850 1228 975 1294 parem,
999 1206 1106 1271 Roma
1130 1203 1184 1268 die

57 1306 100 1368 21
128 1303 207 1389 llaji
245 1307 387 1386 secessit,
427 1315 564 1370 etcum
594 1305 756 1370 Guiberto
795 1308 954 1391 antipapa
988 1304 1120 1368 transiit
1150 1303 1183 1366 in
1220 1369 1288 1416 “w
1302 1367 1306 1374 ,

56 1327 339 1486 Longobardiam.
373 1356 537 1468 llobertus
559 1415 669 1469 autem
694 1404 784 1469 facili
810 1405 940 1488 negotio
966 1401 1020 1466 die
1044 1401 1087 1464 28
1102 1398 1183 1483 llaji
1220 1437 1286 1476 .„„,
1220 1371 1352 1478 wizz-

58 1499 178 1564 urbem
208 1503 424 1586 expugnavit,
455 1499 721 1587 Gregoriumque
751 1526 794 1566 ex
817 1525 894 1566 arce
926 1525 952 1564 s.
976 1498 1096 1583 Augeli
1126 1496 1186 1560 sal·

58 1619 142 1662 vum
162 1597 277 1664 eduxit
299 1599 342 1662 ad
359 1599 520 1685 palatium
535 1600 770 1666 Lateranense.
800 1599 896 1666 Sed
887 1598 1186 1684 inexpugnatione

58 1695 154 1760 haud
178 1696 353 1762 mediocris
381 1697 473 1762 urbis
507 1721 583 1784 pars
618 1697 773 1764 inccndio
798 1697 967 1762 destructa
995 1706 1062 1776 est3
1101 1717 1186 1759 com·

58 1794 173 1879 plures
196 1807 307 1860 autem
329 1795 599 1862 Narmannorum
622 1798 749 1861 feroces
780 1797 914 1880 milites,
946 1796 1068 1860 frustra
1092 1792 1185 1858 obni-

57 1902 152 1958 tente
169 1892 337 1978 Gregorio,
362 1893 482 1959 multos
505 1891 710 1976 occiderunt,
735 1894 892 1960 ecclesias
917 1891 1127 1970 subruerunt,
1152 1891 1186 1954 in

59 1990 216 2056 mulieres
245 2001 316 2056 tum
340 1993 533 2077 conjugatas
566 2008 636 2058 tum
662 1995 808 2078 virgines
831 1992 1024 2058 foedissima
1047 1987 1186 2053 commi·

58 2100 176 2153 serunt
199 2087 333 2174 flagitia.
381 2089 494 2170 Quum
518 2113 596 2156 vero
621 2091 805 2176 Gregorius
828 2091 896 2155 VH
927 2088 969 2152 ob
992 2088 1075 2152 haec
1101 2085 1186 2150 mala

58 2209 148 2272 quae
179 2189 323 2274 perpessi
357 2200 451 2253 erant
474 2189 698 2254 Romanorum
722 2191 852 2256 animos
876 2189 1063 2254 adverteret
1087 2183 1185 2248 valde

58 2284 287 2366 exacerbatos,
314 2288 459 2368 ,veritus
482 2309 523 2352 ne
539 2287 624 2352 duce
640 2288 817 2354 recedente
840 2285 1021 2352 infidelitas
1037 2285 1185 2348 Romana

58 2383 229 2466 exagitata
253 2383 498 2450 recrudesceret
521 2397 555 2450 et
576 2408 658 2473 quos
682 2397 780 2452 antea
804 2385 967 2450 habuerat
990 2383 1083 2470 quasi
1105 2380 1188 2445 lidos

58 2483 189 2544 amicos
211 2491 378 2566 pateretur
401 2483 531 2564 infidos,
556 2483 744 2548 cedendum
768 2485 908 2569 tempori
933 2481 1112 2546 arbitratus
1129 2476 1187 2544 Sa·

57 2577 192 2642 lernum
215 2601 249 2644 se
284 2580 442 2645 contulir‘
460 2582 495 2661 ¹).
543 2579 629 2646 Cum
652 2582 738 2647 duce
762 2582 905 2647 Roberto
929 2577 1117 2646 Guiscardo
1141 2577 1187 2640 vi·

59 2674 184 2740 delicet
198 2676 352 2742 Pontifex
374 2679 490 2744 urbem
515 2679 658 2766 reliquit,
683 2691 715 2744 et
730 2679 823 2744 brevi
848 2689 995 2765 tempore
1018 2679 1054 2742 in
1075 2685 1186 2740 monte

60 2771 203 2840 Cassiuo
226 2785 259 2837 et
273 2775 455 2841 Beneventi
480 2787 712 2858 commoratus,
737 2777 912 2843 Salernum
936 2775 1104 2862 profectus
1127 2783 1187 2836 est.
1198 2778 1281 2820 SM*
1289 2777 1359 2818 Νι·

58 2909 104 2919 -
133 2871 305 2956 ,Domnus
328 2883 439 2938 antem
462 2875 553 2962 Papa
587 2875 724 2940 collecta
747 2874 875 2959 synodo
900 2874 1029 2940 Salerni
1061 2871 1187 2960 (mense
1250 2859 1309 2889 ’Μ’

58 2969 260 3056 Novembri)
293 2973 411 3036 iterum
444 2975 641 3038 sententiam
673 2972 895 3040 anathematis
927 2974 961 3036 in
986 2970 1187 3038 Guibertunr

58 3067 338 3150 haeresiarcham,
374 3080 407 3136 et
429 3070 628 3136 Heinricum
652 3073 742 3138 etin
768 3094 882 3138 omnes
905 3092 1020 3136 eorum
1044 3070 1188 3134 fautores

59 3165 295 3252 promulgavit.
341 3167 440 3232 Hanc
475 3171 673 3234 sententiam
703 3169 802 3254 legati
837 3169 932 3234 Sedis
965 3166 1187 3254 Apostolicae.

61 3263 221 3329 videlicet
243 3265 584 3343 PetrusAlbanensis
621 3269 796 3354 episcopus
832 3268 866 3332 in
901 3265 1054 3342 Francia,
1090 3263 1187 3330 Oddo

60 3362 226 3428 Ostiensis
265 3365 439 3449 episcopus
472 3366 505 3430 in
539 3377 624 3429 terra
658 3365 916 3430 Teutonioorum
952 3384 1188 3449 usquequaque

60 3459 299 3545 divulgamur
314 3461 352 3546 ¹).

153 3594 206 3659 99.
243 3593 283 3659 In
307 3594 489 3661 Germania
514 3597 640 3661 interea
666 3594 788 3661 bellum
813 3593 912 3659 civile
937 3593 1117 3673 saeviebat,
1148 3617 1186 3657 ac

62 3694 212 3756 maxima
235 3693 321 3757 inter
343 3692 512 3778 praesules
536 3694 667 3759 divisio.
717 3693 919 3778 ,Utriusque
942 3693 1045 3777 partis
1069 3691 1188 3777 prima-

62 3803 122 3870 tes,
147 3791 194 3855 ait
215 3790 389 3855 Annalista
413 3795 513 3872 Saxo,
539 3791 581 3856 ob
606 3790 850 3856 discutiendam
875 3799 943 3852 tam
967 3788 1186 3853 immortalem

63 3889 338 3970 controversiam,
374 3891 414 3955 13
439 3889 514 3956 Kal.
539 3889 638 3955 Febr.
672 3890 730 3972 (20
752 3889 830 3954 Jan.
858 3887 956 3966 1085)
987 3887 1076 3972 apud
1100 3887 1187 3952 Peri·

140 4188 162 4256 ι)
180 4161 261 4256 Ilugo
279 4187 428 4244 l'laviniec.
448 4187 483 4240 ad
501 4203 525 4241 a.
547 4186 625 4242 1084.
646 4215 678 4226 -
699 4184 861 4248 Watterieh,
880 4181 981 4238 1465.

138 4268 160 4339 ¹)
179 4267 328 4322 Bemoldus
345 4267 380 4320 ad
398 4283 422 4322 a
444 4268 523 4323 teet.
542 4297 578 4307 -
596 4264 759 4330 Watterieh,
779 4263 802 4319 1.
820 4264 883 4319 tet.
