3002 4836
511 523 700 579 Controversia
718 523 746 576 iu
765 519 862 576 Gallia.
1208 519 1242 572 69

108 667 350 759 opinantrffl).
398 666 591 732 Ludovious
613 667 721 734 'l'ilins
744 661 900 728 videlicet
922 664 1186 746 fraterJoannie,
1211 676 1244 728 et

115 765 196 848 ipse
215 766 377 850 sacerdos,
402 765 446 830 ad
470 764 632 830 baeresim
649 765 781 833 Calvini
802 769 934 836 defecit.
961 763 1113 847 Plerique
1131 772 1244 829 tumen

113 872 276 928 auctores
308 876 463 946 censent,
495 885 611 928 revera
642 865 744 931 libros
768 867 939 933 Carolinos
962 877 1109 954 tempore
1133 862 1243 928 Caroli

114 961 264 1046 ejusque
287 962 416 1027 monitu
440 983 462 1025 a
481 961 678 1047 quibusdam
695 966 775 1030 viris
791 966 938 1045 eruditis,
962 967 1139 1052 praecipue
1162 961 1245 1026 forte

114 1058 166 1122 ab
196 1059 349 1139 Alcuino,
374 1059 541 1124 conlectos
565 1070 596 1124 et
621 1059 730 1126 Caroli
754 1064 888 1128 nomine
913 1064 1018 1128 editos
1041 1062 1151 1127 fuisse.
1181 1087 1185 1104 ·

220 1157 274 1222 80.
298 1157 398 1222 Plura
422 1159 457 1223 in
474 1156 526 1222 his
539 1157 632 1222 libris
646 1159 689 1224 ad
710 1161 850 1226 verbum
866 1162 1070 1226 conveniunt
1093 1179 1169 1222 cum
1194 1158 1245 1239 iis,

112 1277 215 1342 qnae
238 1256 430 1321 Hadrianus
463 1257 496 1320 in
531 1278 589 1320 sua
623 1258 761 1343 epistola
785 1262 882 1342 citat,
908 1263 942 1324 in
966 1259 1039 1323 aliis
1063 1269 1173 1322 tamen
1198 1265 1246 1320 est

116 1353 304 1418 diversitas
335 1365 405 1418 tum
438 1353 547 1440 quoad
584 1355 734 1420 ordinem
765 1358 1000 1444 capitulorum,
1033 1368 1103 1420 tum
1136 1353 1246 1440 quoad
1278 1345 1279 1350 ¹

116 1451 241 1516 verba„
299 1452 397 1517 Unde
427 1451 607 1538 colligitur,
643 1453 828 1541 Capitulum
860 1455 942 1520 illnd
973 1454 1015 1520 ab
1049 1453 1247 1539 Angilberto

117 1550 288 1615 traditum
319 1550 490 1615 Hadriano
520 1573 586 1616 uon
620 1552 717 1637 plane
751 1553 840 1618 idem
872 1555 973 1618 luisse
997 1551 1248 1624 documentum,

119 1671 166 1714 ac
195 1647 289 1713 Libri
314 1646 461 1713 Onrolini
484 1649 531 1712 uti
556 1671 645 1714 nunc
669 1661 809 1731 exstant,
838 1659 987 1716 attamen
1010 1649 1109 1715 valde
1132 1650 1250 1714 simile.

115 1745 403 1812 Probabilissima
436 1745 569 1810 videtur
598 1769 637 1812 ea
669 1751 861 1836 suppositio,
895 1751 1054 1836 scriptum
1078 1745 1250 1812 Hadriano

120 1847 271 1909 missum
297 1853 329 1908 et
353 1843 503 1908 Concilio
527 1845 797 1912 Franccfurtensi
830 1848 1034 1933 propositum
1057 1845 1155 1931 paulo
1179 1855 1253 1932 post

118 1941 375 2028 amplificatum
399 1942 511 2007 fnisse.
558 1943 677 2008 Utrum
701 1965 780 2009 vero
808 1943 992 2032 Capitulum
1016 1943 1098 2008 illud
1122 1943 1166 2008 ad
1196 1943 1251 2008 Ha

117 2043 282 2108 driennm
305 2043 443 2105 missum
466 2041 566 2105 fuerit
581 2051 709 2107 tantum
725 2041 838 2108 brevis
860 2042 1029 2127 catalogus
1050 2043 1254 2108 lemmatum·

118 2141 185 2205 vel
212 2137 443 2226 capitulorum,
468 2141 517 2203 uti
540 2139 657 2205 eadem
681 2141 883 2206 aPontifioe
906 2141 941 2206 in
966 2163 1025 2205 sua
1048 2141 1187 2227 epistola
1211 2141 1254 2204 ei.

119 2247 253 2319 tantur,
278 2259 321 2301 an
346 2259 426 2301 vero
450 2237 583 2302 uberior
598 2240 761 2324 expositio
778 2261 820 2302 ex
837 2260 902 2324 qua
924 2238 1080 2304 lemmata
1104 2237 1159 2303 illa
1183 2239 1254 2325 ipsc

124 2335 328 2402 Hadrianus
345 2334 491 2420 collegit,
507 2334 686 2401 difficulter
700 2337 811 2400 dirimi
836 2347 951 2423 potest.
997 2337 1101 2401 Priori
1127 2347 1253 2401 senten·

127 2437 202 2498 tiae
225 2433 317 2498 lavet
339 2431 390 2498 Ill.
404 2432 563 2520 Hercle).
587 2471 631 2482 -
655 2431 689 2499 Si
706 2433 897 2521 Capitulare
921 2434 1092 2500 lladriano
1117 2437 1254 2500 missum

122 2534 196 2598 ¹fuit
219 2531 302 2596 illud
336 2530 501 2612 volumen,
535 2531 623 2616 quod
654 2544 890 2598 commemorat
912 2533 1130 2610 Hinemarus,
1155 2546 1255 2611 seque

130 2633 168 2696 in
194 2628 271 2694 anla
303 2628 422 2715 legisse
445 2630 570 2710 asserit,
595 2631 728 2716 majoris
752 2630 847 2695 molis
876 2629 957 2696 illud
982 2652 1064 2716 opus
1087 2629 1199 2707 inisse,
1223 2633 1256 2688 et

130 2729 183 2792 nti
225 2726 371 2792 Carolim'
404 2725 555 2813 pluribus
588 2726 682 2792 libris
715 2731 913 2812 constitisse,
952 2727 1124 2793 latendum
1160 2729 1255 2788 esset.

132 2827 340 2892 Hincmarus
372 2823 531 2889 videlicet
555 2825 595 2889 de
619 2825 755 2910 Synodo
787 2829 928 2913 septima
950 2825 1088 2912 loquens
1111 2821 1146 2910 (l.
1171 2820 1214 2906 c.)
1238 2843 1257 2884 n

131 2923 405 2990 msncomrtsnsi
432 2921 572 2987 concilio
602 2924 741 3010 rejecta,
764 2923 848 2988 haec
872 2924 1062 3011 subjungit:
1101 2923 1150 2986 De
1170 2923 1258 3010 majia

129 3023 346 3087 damtione
368 3043 432 3084 noa
454 3021 610 3086 audieram
641 3021 794 3102 volumen,
818 3023 902 3108 quod
923 3024 959 3086 in
984 3019 1111 3085 Palatio
1134 3015 1257 3082 odoles-

133 3119 276 3185 centulna
299 3119 371 3206 leyi,
396 3119 436 3182 ab
460 3119 566 3183 eodem
589 3121 782 3205 Imperatore
805 3117 952 3207 (Oarolc)
976 3121 1109 3184 Romam
1133 3128 1179 3181 eat
1196 3139 1260 3202 per

133 3219 286 3306 wadum
318 3219 482 3304 episcopos
513 3218 650 3295 mismm,
674 3219 710 3282 io
732 3222 821 3307 orajsre
850 3217 1016 3281 uoluminis
1040 3227 1153 3303 quarto
1177 3214 1258 3278 libro

131 3319 209 3382 aaa
241 3316 280 3381 de
307 3313 506 3382 universalis
535 3318 660 3380 nomiae
683 3317 805 3403 scripto
836 3326 916 3379 aaut.
964 3315 1074 3401 Atque
1097 3313 1161 3378 boc
1185 3312 1257 3376 loco

137 3415 339 3480 llincmarns
363 3415 562 3498 vigesimum
591 3423 746 3478 octavum
780 3413 855 3478 libri
885 3413 993 3498 quarti
1018 3421 1118 3499 caput
1142 3409 1262 3475 descri-

138 3514 186 3578 bit
207 3512 307 3599 plane
330 3510 420 3576 idem
445 3533 520 3574 cum
545 3533 593 3593 eo,
619 3511 707 3598 quod
730 3511 851 3596 legitur
873 3511 909 3575 in
932 3510 1028 3576 libris
1053 3508 1215 3574 Carolinis
1243 3531 1263 3571 a

136 3609 224 3675 Tilio
238 3609 347 3674 editis.
372 3607 438 3674 Sed
452 3607 623 3694 probabile
637 3621 693 3691 est,
704 3607 923 3674 Hincmarum
936 3607 1054 3694 legisse
1066 3609 1153 3695 ipsos
1161 3606 1262 3671 libros

138 3709 310 3774 Carolinos
329 3708 401 3794 jam
428 3707 580 3793 ampliori
598 3707 789 3772 recensione
804 3706 992 3794 completos,
1017 3705 1149 3793 qualem
1172 3725 1262 3769 nnnc

212 3995 232 4058 ¹)
250 3990 307 4048 Otr.
327 3989 416 4054 illesa,
434 3991 467 4046 de
486 3995 613 4060 suspecta
625 3990 809 4048 elarolimrnm
828 3991 961 4048 alonnne
972 3989 1044 4046 'Pilio
1061 3990 1195 4048 editorum
1213 3992 1265 4048 ilde

143 4071 347 4128 bonnentatio.
385 4070 562 4126 Bonn1860.
592 4101 627 4112 —
653 4070 685 4128 P.
711 4069 985 4140 Alberdingkd'hym,
1011 4070 1094 4128 Karel
1112 4071 1145 4124 de
1164 4071 1266 4128 Groote

145 4151 230 4216 (leet)
247 4167 274 4221 p.
292 4153 349 4206 850
367 4165 426 4219 sqq.
444 4178 480 4193 -
498 4149 703 4220 Hergenrother
720 4151 756 4205 K.
775 4150 808 4205 G.
826 4149 876 4205 llL
894 4149 920 4208 S.
938 4152 999 4206 900.

217 4235 236 4300 ¹)
255 4231 286 4289 0.
305 4231 338 4286 G.
357 4230 390 4285 B.
409 4229 459 4286 III.
477 4229 503 4302 fi,
521 4231 584 4286 402.
608 4260 645 4270 -
672 4229 841 4286 Conferenda
859 4235 924 4286 aunt
941 4246 1010 4299 qnae
1029 4229 1071 4286 111.
1091 4231 1194 4285 Auctor
1212 4231 1265 4286 dis·

144 4310 206 4366 serit
222 4311 255 4366 de
276 4310 370 4368 Libris
389 4309 524 4366 Cerolinia
544 4309 561 4364 l.
581 4326 603 4365 c
621 4309 647 4381 fl.
664 4311 718 4366 400
735 4325 792 4378 sqq.
