3002 4836
302 448 338 502 66
653 445 693 500 De
711 446 816 500 haeresi
836 445 1071 501 iconoclastarum.

303 593 422 676 imago,
447 611 513 656 non
537 612 616 654 sane
641 599 676 652 ut
699 589 825 676 aliquid
856 589 1055 671 absolutum,
1077 589 1216 675 lignum,
1242 593 1420 665 metallum,

302 711 385 775 opus
408 690 504 771 artis,
530 687 589 752 sed
612 687 793 752 formaliter
817 699 852 752 ut
884 691 992 774 imago
1017 699 1049 752 et
1071 693 1328 775 repraesentatio
1354 713 1421 778 per-

303 808 402 850 sonae
417 783 629 872 archetypae,
649 785 787 868 Christi,
802 787 841 852 B.
857 787 1016 872 Virginis,
1031 787 1145 854 Sancti
1158 788 1308 876 alicujus,
1324 800 1421 878 atque

303 883 377 948 ideo
409 893 445 948 ut
467 883 594 970 aliquid
617 905 748 948 sacrum
772 893 805 949 et
832 884 1043 970 singulariter
1066 889 1234 972 pertinens
1264 888 1308 954 ad
1332 889 1421 954 illam

302 1004 487 1069 personam.
533 983 585 1047 Ita
618 985 726 1068 imago
759 993 807 1047 est
840 985 1003 1048 terminus
1031 984 1169 1050 directas
1200 989 1422 1052 venerationis

303 1090 436 1168 propter
451 1079 682 1146 excellentiam
697 1081 882 1163 relativam,
899 1103 957 1144 sen
970 1093 1104 1168 propter
1119 1083 1313 1150 relationem
1323 1106 1422 1170 quam

303 1178 404 1244 habet
439 1177 483 1242 ad
512 1178 744 1244 excellentiam
775 1177 961 1242 absolutam
985 1178 1171 1266 archetypi.
1217 1182 1284 1246 llic
1317 1182 1422 1247 cultus

303 1278 458 1360 imaginis
491 1287 539 1342 est
570 1277 737 1365 iuferioria
767 1279 921 1355 ratiouia,
955 1299 1054 1364 quam
1088 1278 1196 1344 cultus
1219 1282 1276 1366 qui
1301 1281 1423 1346 directe

303 1375 443 1440 refertur
474 1375 538 1461 ipsi
571 1375 768 1461 archetypo,
801 1386 834 1438 et
865 1374 944 1440 huic
977 1375 1081 1440 cultui
1110 1387 1240 1442 tantum
1272 1377 1422 1464 analogia

303 1472 447 1561 quadam
480 1473 666 1558 respondet.
712 1473 773 1538 Est
805 1483 916 1536 autem
949 1472 1004 1538 hic
1036 1474 1144 1539 cultus
1165 1474 1331 1554 relativas,
1355 1487 1422 1540 tum

304 1575 382 1657 quia
412 1580 480 1635 tota
511 1571 656 1655 dignitas
686 1572 841 1656 imaginis
874 1581 906 1635 et
929 1573 1012 1636 ratio
1046 1572 1154 1636 cultus
1185 1584 1234 1638 est
1258 1576 1329 1660 ipsa
1355 1575 1423 1660 ejus

302 1669 417 1734 relatio
450 1668 494 1734 ad
526 1669 756 1756 archetypum,
781 1679 851 1732 tum
874 1670 953 1755 quia
984 1691 1051 1734 nou
1074 1671 1167 1736 aliud
1190 1693 1291 1758 quam
1315 1693 1422 1758 perso·

304 1790 381 1832 nam
404 1777 684 1853 repraesentatam
709 1766 912 1831 intendimus
942 1767 1102 1832 honorare
1127 1770 1162 1832 in
1186 1771 1333 1853 imagine
1358 1781 1422 1834 tan-

305 1887 405 1952 quam
419 1867 454 1930 in
470 1864 562 1929 read
587 1867 692 1950 ipsam
707 1866 902 1950 pertinente,
918 1867 1072 1951 quamvis
1095 1866 1211 1932 directe
1234 1869 1422 1952 imaginem,

305 1973 337 2027 et
360 1962 576 2048 archetypum
602 1965 636 2026 io
659 1961 783 2048 obliquo
802 1965 1030 2048 respiciamus.
1045 2001 1089 2010 —
1103 1965 1197 2030 Haec
1221 1967 1317 2030 tertia
1343 1968 1423 2030 ratio

306 2059 435 2125 colendi
460 2062 621 2145 imagines
644 2083 755 2124 sacras
788 2082 826 2124 ea
859 2070 917 2140 est,
952 2081 1036 2146 quae
1060 2062 1263 2148 frequentior
1285 2075 1319 2127 et
1343 2084 1424 2128 com·

308 2159 440 2222 munior
463 2160 615 2240 occurrit,
649 2179 815 2244 quamque
839 2158 1034 2244 plerumque
1067 2159 1249 2244 intelligere
1273 2161 1423 2234 solemus,

307 2256 439 2342 quando
464 2255 506 2323 de
530 2255 620 2322 cultu
645 2257 828 2342 imaginum
851 2255 1061 2344 loquimur¹).

161 2391 283 2446 cmm„
399 2355 450 2420 77.
476 2353 563 2419 Galli
588 2357 690 2439 igitur
709 2355 894 2420 doctrinam
910 2353 1050 2420 Concilii
1065 2355 1205 2420 Nicaeni
1223 2356 1305 2422 falso
1331 2357 1424 2420 inter-

157 2454 273 2498 osum
306 2455 427 2540 pretati
461 2461 554 2538 sunt,
578 2475 640 2518 nec
673 2455 736 2540 ipsi
759 2455 927 2517 notionem
951 2454 1029 2516 satis
1058 2453 1247 2518 distinctam
1272 2453 1314 2519 de
1339 2454 1425 2518 cultu

308 2573 475 2615 sacrarum
500 2553 683 2636 imaginum
716 2551 872 2632 habuere,
898 2561 929 2615 et
953 2551 1116 2637 quaedam
1140 2555 1251 2616 minus
1273 2561 1424 2616 accurate

309 2650 371 2713 ista
404 2648 445 2714 de
478 2651 648 2736 questione
682 2659 901 2715 assernerunt.
926 2687 970 2696 -
993 2650 1103 2735 Atque
1127 2649 1290 2735 imprimis
1313 2671 1424 2713 versus

308 2769 433 2812 annum
459 2748 533 2828 792,
558 2771 661 2834 quum
685 2748 771 2812 Acta
795 2747 923 2832 Synodi
948 2747 1015 2812 VII
1038 2769 1148 2811 coram
1174 2745 1291 2812 Oarolo
1316 2747 1362 2813 M.
1385 2746 1424 2810 ab
1479 2747 1480 2752 ’

309 2847 471 2932 episcopis
503 2856 535 2910 et
565 2847 647 2910 viris
680 2846 818 2911 eruditis
841 2844 985 2931 perlecta
1009 2845 1165 2927 fuissent,
1189 2845 1346 2910 acerbam
1370 2846 1426 2910 cri·
1479 2877 1480 2880 ¹

309 2944 409 3007 ticam
437 2953 469 3006 et
492 2944 724 3009 refutationem
749 2965 862 3008 eorum
887 2945 976 3007 misit
999 2943 1137 3009 Carolus
1160 2943 1204 3008 ad
1217 2943 1425 3010 Hadrianum

308 3041 502 3106 Pontificem
527 3064 587 3127 per
610 3041 842 3127 Angilbertum
867 3040 1084 3127 Abbotcm2),
1119 3043 1166 3106 nti
1188 3051 1258 3106 tum
1289 3063 1334 3105 ex
1357 3040 1425 3106 aliis

310 3139 516 3204 documentis
539 3150 609 3204 tum
634 3163 676 3204 ex
700 3140 836 3226 epistola
856 3140 928 3226 jam
952 3141 1053 3203 citata
1076 3141 1215 3220 eruitur,
1239 3162 1306 3225 qna
1330 3137 1424 3226 paulo

310 3247 383 3322 post
405 3237 559 3302 Pontifex
593 3237 764 3323 respondit
795 3246 827 3301 et
857 3238 1058 3323 objectiones
1082 3237 1287 3302 Francorum
1321 3237 1423 3302 diluit.

310 3336 491 3414 Directam,
522 3335 653 3416 scribit,
684 3360 704 3399 a
733 3346 838 3399 vestra
869 3335 1109 3400 clamatoriae
1138 3333 1306 3420 praecelso
1328 3332 1426 3421 regali

384 3513 403 3583 ¹)
422 3511 491 3567 Vide
510 3513 668 3566 Tractatum
694 3519 815 3568 nostrum
838 3512 871 3564 de
896 3511 978 3564 Verbo
1002 3511 1156 3576 temeritato,
1183 3509 1215 3565 P.
1242 3510 1276 3564 ll.
1295 3509 1325 3564 O.
1343 3510 1415 3564 lta

310 3589 357 3646 IV.
382 3593 415 3646 de
434 3593 509 3646 ctrltu
526 3592 691 3662 imaginnm3
709 3598 738 3646 et
756 3589 908 3655 Franaeliu,
929 3591 961 3643 de
986 3591 1068 3644 Verbo
1085 3591 1138 3645 ina
1156 3589 1252 3646 'lhesis
1270 3591 1353 3646 XLV.

346 3683 359 3712 ³
384 3675 407 3742 ¹)
425 3673 611 3742 Angilbertus,
630 3673 750 3726 murus
769 3687 802 3725 ex
820 3671 986 3726 nobilissimo
1009 3684 1109 3739 genere
1126 3670 1262 3737 oriundus,
1281 3677 1310 3726 et
1329 3670 1424 3726 litteris

311 3753 513 3812 humanioribus
531 3753 642 3822 egregie
661 3753 791 3816 excultus,
811 3752 839 3806 in
858 3753 922 3806 anta
941 3751 1058 3820 degebat
1076 3750 1166 3805 Caroli
1174 3751 1220 3820 n,
1239 3752 1285 3819 qui
1303 3752 1353 3807 hoc
1370 3751 1424 3805 viro

311 3833 414 3902 insigni
427 3829 510 3887 variis
523 3833 551 3888 in
563 3833 681 3901 nogotiis
688 3833 797 3902 majoris
804 3832 933 3888 momenti
942 3830 1079 3887 utebatur.
1098 3831 1156 3885 Imo
1169 3831 1254 3886 etiam
1263 3847 1373 3886 uxorem
1382 3829 1423 3884 ilie

310 3913 525 3968 duxitBertham
532 3913 622 3968 Caroli
631 3912 721 3968 filiam.
728 3913 818 3968 abbas
828 3918 920 3968 summ
929 3911 1211 3976 dictusessevidetur‚
1220 3910 1290 3980 quod
1299 3925 1333 3964 ex
1340 3905 1423 3964 caroli

312 3993 459 4067 largitione
469 3993 608 4055 abactam
620 3994 764 4050 Gentulam
772 3993 800 4048 in
810 3994 992 4048 commendam
1010 3991 1113 4058 habuit,
1132 3997 1161 4048 et
1180 3991 1238 4061 ejus
1256 3988 1423 4060 proventibus

312 4073 413 4131 fruitus
441 4081 491 4135 ast.
528 4075 610 4133 aaa
626 4081 721 4144 postea
740 4074 768 4129 in
787 4073 878 4129 eadem
906 4072 1017 4128 abbatia
1041 4072 1153 4141 pietatis
1171 4087 1229 4127 sese
1246 4071 1323 4126 dedit
1344 4067 1424 4138 operi·

312 4154 369 4212 bns.
406 4153 482 4212 Obiit
500 4170 525 4212 a.
542 4155 606 4220 stt,
624 4160 652 4214 et
670 4154 859 4210 iuterSanctos
877 4154 982 4208 colitur.
1020 4153 1074 4208 Gir.
1091 4152 1180 4207 Freib.
1199 4151 1422 4210 Kirchenlexieon.

312 4235 353 4292 cd.
373 4236 397 4289 2.
417 4237 477 4292 Art.
497 4236 649 4307 Augiibert.
