2898 4836
301 505 335 554 tc·
486 501 589 556 XVIII.
615 503 655 554 De
675 501 802 556 Romanis
822 501 998 556 Pontificibus
1016 503 1116 556 saeculi
1135 501 1237 557 decimi.

303 643 411 707 nalem
437 641 683 728 propugnabat,
719 643 832 708 Ottoni
865 645 1002 730 ejusque
1033 647 1185 730 potestati
1218 667 1329 730 parum
1358 646 1402 708 ml·

303 740 402 823 clieta,
426 739 523 804 facile
546 740 589 804 ad
613 739 694 804 alios
710 741 825 805 ltaliae
850 743 1025 828 principos,
1051 744 1181 806 Ottonie
1204 744 1402 808 adversarios.

302 861 373 903 sese
397 841 505 903 vertit.
542 839 596 902 Ad
613 838 699 902 hauc
716 849 842 924 partem
862 839 1060 904 rationalem
1086 855 1165 904 tunc
1181 852 1266 904 certo
1280 844 1403 928 pertine·

157 940 268 1042 θῖὸῗζὲξῑ*
303 937 384 1001 bant
399 937 547 1002 membra
564 938 657 999 varia
674 936 819 1000 familiae
838 939 942 1022 ipsius
956 938 1098 1002 Joannis
1115 937 1193 1018 XII,
1218 961 1277 1002 nec
1301 940 1404 1001 mirum

175 1013 206 1042 ⁰⁷¹
245 1029 251 1042 '
304 1044 352 1098 est
365 1035 571 1116 Pontificem,
589 1036 645 1120 qui
661 1034 775 1100 Ottoni
788 1036 860 1120 jam
878 1037 993 1098 merito
1010 1035 1223 1100 vehementer
1242 1035 1406 1100 diffidebat.

304 1132 433 1196 influxu
450 1131 580 1196 illorum
604 1132 766 1196 nobilium
791 1135 884 1197 varia
908 1136 1013 1218 egisse
1038 1155 1122 1219 quae
1137 1133 1330 1220 Imperatori
1353 1157 1405 1195 sus

304 1239 400 1314 pecta
425 1241 526 1294 erant.
560 1230 760 1296 Perdifficile
782 1241 830 1295 est
851 1240 1004 1296 accurate
1027 1232 1246 1296 determinare
1275 1254 1356 1318 quae
1375 1253 1406 1293 ex

304 1339 443 1412 utraque
459 1339 559 1414 parte
574 1328 784 1410 advenerint3
807 1329 1026 1414 Luitprando,
1043 1353 1063 1392 a
1079 1351 1143 1414 quo
1160 1329 1228 1394 solo
1251 1352 1333 1415 quae
1355 1329 1407 1391 lmr

305 1427 471 1510 pertinent
493 1426 598 1490 fusius
622 1426 867 1508 describuntur,
893 1427 975 1491 fides
999 1429 1127 1511 integra
1151 1449 1215 1492 non
1241 1437 1345 1513 potest
1366 1427 1407 1488 lm·

305 1521 387 1587 beri.
433 1523 564 1588 Ottonis
595 1527 682 1588 enim
707 1535 816 1610 partes
838 1528 907 1610 ipse
932 1525 1130 1610 sequebatur
1158 1525 1215 1588 vili
1247 1547 1322 1590 cum
1345 1525 1408 1586 adn-

304 1621 427 1686 latione
452 1621 678 1707 Imperatoris,
713 1633 744 1686 et
768 1625 878 1688 animo
912 1626 944 1687 in
970 1623 1041 1709 ejus
1076 1622 1285 1687 adversarios
1310 1623 1407 1686 invitia

306 1729 338 1783 et
362 1719 538 1801 iracund03
562 1731 654 1784 actor
668 1723 736 1806 ipse
754 1721 816 1784 init
832 1723 865 1785 in
882 1722 922 1784 iis
946 1743 1030 1807 qnae
1044 1730 1158 1784 contra
1173 1721 1337 1786 Joannem
1355 1720 1406 1784 Xll

305 1818 431 1882 nefarie
455 1821 630 1882 commissa
655 1829 740 1900 sunt,
765 1820 901 1905 ejusque
917 1819 1055 1905 proinde
1080 1821 1248 1900 intererat,
1274 1829 1310 1882 ut
1325 1821 1406 1883 ¹loan-

208 1949 210 1959 =
307 1939 382 1980 nem
406 1917 629 2002 perversitatis
663 1918 828 1980 maximae
857 1926 1018 2000 argueret.
1058 1917 1167 1980 Homo
1199 1918 1301 2002 igitur
1328 1917 1406 1980 levis·

306 2015 423 2097 simus,
458 2017 491 2078 iu
520 2014 618 2077 rebus
651 2013 798 2100 profanis
826 2016 935 2099 potius
960 2023 1108 2078 versatus
1138 2037 1237 2099 quam
1263 2015 1305 2079 de
1329 2016 1410 2078 relus

306 2113 409 2176 sacris
441 2135 480 2176 ac
512 2113 552 2176 de
577 2113 745 2176 Ecclesiae
773 2110 907 2197 juribus
939 2112 1110 2194 sollicitus,
1145 2116 1255 2176 omnia
1285 2135 1342 2197 pro
1365 2136 1408 2172 sno

307 2209 439 2274 modulo
464 2221 603 2293 angusto
628 2210 800 2287 describit,
826 2219 1013 2295 exaggerat,
1038 2211 1167 2273 scenice
1191 2225 1408 2296 repraesentat

308 2307 471 2388 Quamvis
495 2308 576 2372 forte
601 2331 666 2372 non
691 2331 732 2371 cx
752 2308 897 2394 professo
921 2309 1030 2394 turpia
1054 2320 1216 2394 proponat
1240 2309 1408 2372 mendacia.

306 2417 418 2470 tamen
443 2405 540 2470 valde
557 2406 659 2470 dubia
683 2416 758 2469 sunt
746 2406 870 2469 tlaeta
895 2405 1086 2491 singillatim
1106 2415 1251 2491 spectata
1278 2429 1360 2492 qnae
1381 2429 1409 2466 rx

307 2527 345 2568 eo
369 2517 525 2590 promunt
528 2526 574 2584 ur,
601 2515 632 2566 et
657 2525 694 2566 ea
712 2515 891 2567 eventuum
917 2504 1094 2590 explicatio
1106 2527 1190 2589 qnae
1214 2504 1330 2589 apud
1322 2527 1368 2589 ips
1363 2527 1409 2564 ιιιι
1444 2527 1445 2678 p

308 2604 488 2666 invenitur.

398 2719 450 2783 75.
497 2718 531 2782 Si
557 2717 636 2780 Luit
624 2717 763 2802 tprando
789 2717 870 2781 fides
894 2715 1056 2780 habeatur
1077 2717 1225 2782 Ioannes
1239 2719 1332 2804 Papa
1355 2731 1445 2802 posti

306 2815 439 2882 Ottonis
464 2816 654 2897 discessum,
680 2827 792 2879 eontra
813 2815 1046 2900 jusjurandum
1072 2816 1270 2900 Imperatori
1294 2817 1410 2902 praesti·
1444 2841 1445 2876 ι

307 2923 387 2996 tum,
413 2936 488 2978 curn
504 2914 704 2996 Berengario
726 2913 759 2977 II
775 2914 911 2999 ejusque
929 2911 995 2976 lilio
1012 2912 1192 2977 Adalberto
1213 2913 1331 2976 foedus
1354 2913 1410 2974 iniit
1444 2939 1445 2946 ι

305 3011 348 3075 ad
373 3011 584 3096 expellendos
609 3033 649 3074 ex
679 3010 776 3074 Italia
800 3010 993 3091 Germanos,
1025 3023 1124 3096 atque
1155 3012 1187 3073 iu
1213 3010 1303 3074 hune
1327 3011 1408 3074 finem

307 3108 524 3173 Adalberturn
549 3111 583 3172 in
607 3108 733 3173 Urbem
757 3111 936 3173 revocavit.
985 3106 1172 3185 Censorem,
1207 3118 1316 3173 motus
1344 3108 1409 3192 ojus·
1441 3135 1442 3176 3

308 3207 396 3270 modi
411 3209 602 3292 praesertim
621 3231 640 3270 a
655 3208 798 3271 factione
813 3205 974 3270 nobilium
989 3205 1104 3270 ltaliae
1119 3206 1291 3290 prodiisse,
1316 3227 1409 3292 quam-

307 3307 358 3367 vis
381 3328 447 3369 non
478 3326 582 3390 usque
606 3305 649 3369 ad
679 3305 796 3369 foedus
820 3327 895 3368 oum
919 3305 1120 3388 Berengario
1148 3326 1200 3368 res
1224 3303 1408 3388 pervenerit:

305 3401 471 3468 Ioannem
497 3425 574 3466 vero
599 3425 701 3488 quum
720 3402 797 3468 Otto
821 3402 1006 3488 Imperator
1028 3403 1188 3487 promissa
1211 3400 1303 3464 haud
1325 3401 1407 3464 adim·

306 3499 418 3586 pleret,
451 3523 514 3566 non
539 3503 696 3564 restitisse
730 3501 770 3563 iis
803 3499 992 3583 conatibuS,
1026 3521 1194 3585 quumque
1226 3497 1407 3562 Adalbertu-

306 3597 445 3662 Romam
470 3601 609 3679 reniret,
636 3597 817 3662 honorifice
841 3620 914 3661 eum
940 3599 1120 3682 excepisse.
1169 3597 1281 3677 Quum
1306 3596 1356 3660 illa
1377 3593 1406 3656 al

304 3696 542 3781 Imperatorem
566 3696 706 3760 fuissent
721 3696 839 3778 delata,
864 3697 891 3760 is
915 3695 1040 3808 legatos
1064 3717 1139 3760 oum
1156 3695 1273 3760 litteris
1287 3695 1405 3759 Romam
1444 3727 1445 3760 ι

305 3794 496 3876 destinarit,
521 3805 651 3858 etcum
676 3793 1055 3880 Pontificegravissime
1083 3793 1320 3880 expostularit,
1351 3805 1404 3854 tum

305 3893 379 3956 de'
371 3893 492 3978 injuria
517 3892 579 3957 sibi
604 3893 702 3974 facta,
727 3902 797 3956 tum
822 3893 863 3956 de
887 3893 1000 3977 pravis
1025 3903 1060 3955 ut
1084 3893 1286 3977 eiexparte
1309 3892 1404 3954 liomr
1444 3925 1445 3990 l

305 4012 421 4053 norum
446 3990 584 4055 relatum
610 3991 718 4054 fuerat
732 3991 902 4054 Pontifieis
927 3989 1083 4055 moribus.
1121 3991 1268 4055 Ioannes
1292 3987 1353 4053 XII
1374 4007 1403 4046 ιι
1444 3971 1445 4060 l

306 4111 364 4152 sua
401 4098 493 4173 parte
526 4099 660 4172 questus
692 4098 754 4169 est,
788 4087 876 4173 quod
905 4088 1089 4174 Imperator
1119 4097 1234 4151 contra
1266 4087 1401 4172 promas

306 4185 429 4250 Itomae
460 4186 547 4250 iacta
579 4189 731 4250 civitates
763 4186 806 4250 ad
830 4187 1013 4250 Romanam
1054 4185 1227 4250 ecclesiam
1261 4185 1401 4270 pertinen·

304 4293 355 4346 tes
388 4284 601 4370 compulisset
635 4285 675 4348 ad
709 4285 943 4369 praestandum
975 4283 1039 4348 sibi
1079 4282 1155 4347 fidei
1188 4285 1400 4368 juramentum.
