3054 4834
502 491 678 546 Crintiuuatio
697 490 794 546 luctae.
1170 487 1224 541 set

102 657 201 721 quem
225 633 405 718 Gregorius
429 634 721 700 commendaverat
730 633 766 718 ¹).
813 633 878 697 Sed
904 634 984 716 ipse,
1010 651 1113 717 quum
1138 629 1224 693 vale-

102 732 217 798 tudine
241 741 328 798 esset
349 731 511 814 infirmus,
535 731 660 796 Romae
685 731 839 796 Guiberti
863 751 939 815 pars
961 727 1169 816 praevaleret
1192 737 1226 792 et

102 830 313 896 ‹liflicultates
343 832 510 896 maximae
543 841 661 909 essent,
693 830 784 896 omni
815 831 873 894 via
905 850 989 892 onus
1012 825 1225 912 pontificatus

103 930 270 1014 suscipere
307 928 498 994 declinavit
544 928 596 992 lta
635 929 805 1012 negotium
846 926 1016 991 electionis
1054 923 1226 989 Pontificis

101 1026 242 1111 legitimi
278 1026 336 1090 diu
374 1035 577 1111 protractum
618 1035 682 1108 est,
723 1035 756 1089 et
787 1027 915 1107 integro
954 1045 1040 1088 anno
1075 1020 1226 1086 Ecclesia

101 1134 233 1209 pastore
263 1124 381 1190 orbata
407 1126 585 1190 remansit..
622 1123 792 1188 Postremo
817 1121 1025 1202 Cardinales,
1050 1120 1161 1184 cleriei
1185 1141 1226 1182 ac

102 1221 217 1287 lideles
240 1222 364 1286 Rornoe
388 1223 589 1305 congregati,
629 1222 682 1286 die
710 1222 771 1286 24⁰
795 1220 876 1305 llaji
905 1221 985 1286 anni
1013 1217 1107 1298 1086,
1143 1216 1225 1282 festo

102 1320 324 1398 Pentecosten
365 1319 577 1386 Desiderium
616 1321 770 1405 quamvis
805 1319 1001 1384 renitentem
1029 1317 1225 1380 Pontificem

100 1430 257 1484 crearunt
284 1416 345 1482 sub
376 1419 510 1482 nomine
553 1417 688 1482 Victoris
715 1417 776 1482 III.
830 1416 953 1480 Verum
986 1427 1058 1500 post
1085 1423 1227 1500 quatuor

101 1515 175 1580 dies
189 1516 306 1580 Victor
329 1539 349 1578 a
372 1515 539 1601 praefecto
565 1514 657 1580 urbis
682 1525 832 1598 vexatus,
858 1513 1015 1599 depositis
1039 1511 1227 1596 insignibus

100 1613 359 1698 pontificalibus,
384 1615 519 1678 secessit
543 1612 729 1694 Cassinum,
755 1623 854 1698 atque
878 1613 998 1676 iterum
1022 1612 1064 1676 ob
1088 1609 1227 1674 haesita-

99 1713 226 1776 tionem
251 1712 417 1778 Desiderii
442 1711 655 1776 difficultates
679 1733 821 1794 magnae
844 1719 935 1774 ortae
959 1719 1045 1776 sunt.
1078 1708 1226 1774 Praeser-

100 1811 162 1874 tim
185 1809 285 1892 Hugo
309 1809 543 1894 Lugdunensis
575 1809 618 1873 ob
653 1808 744 1874 illam
774 1809 1029 1872 inconstantiam
1054 1806 1107 1871 vel
1131 1807 1228 1892 perti·

100 1909 233 1972 naciam
257 1907 433 1972 recusandi
458 1907 670 1992 pontificatus
694 1905 911 1970 exacerbatus
935 1906 1007 1989 tuit,
1033 1906 1080 1970 uti
1105 1903 1227 1986 colligi-

98 2015 156 2068 tur
180 2027 223 2068 ex
246 2005 317 2089 ejus
340 2005 383 2068 ad
399 2004 596 2070 blathildem
621 2005 824 2068 comitissam
848 2002 996 2088 epistola,
1021 2025 1087 2089 qua
1110 2001 1228 2067 levita·

99 2104 155 2184 tis,
197 2104 348 2185 astutiae,
390 2102 539 2168 occultae
581 2102 773 2168 ambitionis
802 2101 1015 2180 Desiderium
1051 2101 1227 2182 aecusat2).

99 2201 208 2264 Aestu
234 2200 377 2286 quodam
403 2202 446 2265 ad
470 2201 657 2266 invectivas
680 2199 844 2285 ejusmodi
868 2198 1025 2284 abreptus
1040 2198 1103 2262 fuit
1118 2197 1228 2280 Hugc,

97 2301 159 2384 qni
185 2300 256 2384 ipse
280 2299 509 2383 pontificatum
535 2296 709 2361 dicebatur
738 2297 875 2360 ambire.
924 2297 1068 2360 Demum
1092 2295 1146 2359 die
1170 2295 1231 2358 22⁰

96 2397 214 2460 Martii
239 2397 319 2459 anni
347 2397 432 2461 1087
458 2399 492 2459 in
517 2395 645 2481 synodo
671 2394 832 2482 Capuana
856 2395 973 2458 Victor
995 2393 1046 2458 Ill
1072 2392 1230 2458 Cardina·

95 2495 193 2579 lium,
219 2494 449 2580 episcoporum
474 2503 507 2557 et
529 2495 720 2585 principum
744 2492 900 2578 precibus
924 2513 961 2555 eo
982 2491 1146 2555 adductus
1170 2499 1229 2570 est,

96 2601 136 2655 ut
170 2591 313 2673 insignia
342 2591 513 2677 pontificia
535 2601 725 2657 resumeret.
772 2593 839 2654 Die
863 2591 901 2655 9⁰
924 2590 1005 2675 lllaji
1030 2589 1156 2652 Romae
1180 2610 1228 2651 so-

95 2689 255 2753 lemniter
278 2699 497 2771 consecratus,
529 2701 561 2753 et
584 2713 604 2753 a
627 2690 749 2754 saniori
775 2691 900 2752 civium
932 2699 1025 2774 parte
1057 2695 1229 2772 susceptus

95 2788 174 2851 fuit.
217 2786 349 2850 Partem
373 2809 451 2851 vero
476 2789 621 2851 civitatis
644 2787 779 2851 tenebat
802 2786 984 2852 Guibertus
1007 2787 1176 2870 antipapa.
1258 2787 1260 2792 ’

191 2945 222 3001 4.
264 2937 426 3018 Quamvis
460 2960 595 3024 corpore
626 2938 778 3003 infirmus
802 2947 834 3001 et
858 2935 1112 3001 difficultatibus
1135 2935 1339 3001 uadi-sinon·
1356 2947 1397 2990 Cs-

94 3058 166 3120 que
190 3058 332 3120 pressus,
357 3037 517 3100 excitavit
541 3047 651 3100 tamen
674 3035 791 3099 Victor
813 3035 865 3100 III
891 3037 923 3098 in
948 3034 1045 3098 ltalia
1070 3055 1229 3118 magnum
1281 3030 1355 3070 ''m‘'

95 3135 296 3216 exercitum,
331 3135 388 3220 qui
421 3146 536 3198 contra
560 3134 743 3200 Saracenos
765 3133 881 3214 ¹Afros,
916 3133 1049 3197 ltaliam
1073 3134 1229 3196 continuo

97 3232 313 3314 infestantes,
352 3232 518 3318 profectus
550 3242 617 3312 est,
657 3251 778 3317 eosque
814 3232 941 3314 ingenti
977 3230 1072 3295 clade
1108 3230 1229 3294 affecit.

96 3329 217 3394 Mense
240 3328 392 3414 Augusto
417 3328 572 3394 Pontifex
597 3328 716 3392 babuit
740 3327 876 3414 Capuae
901 3328 1076 3412 synodum,
1107 3330 1139 3392 in
1165 3350 1231 3413 qua

96 3431 222 3492 iterum
254 3429 460 3492 investiturae
493 3425 554 3490 sub
580 3425 791 3490 anathemate
809 3425 993 3512 prohibitae
1016 3437 1098 3490 atat.
1147 3425 1230 3490 Con·

178 3633 197 3684 ¹t
218 3631 247 3684 [tl
266 3630 390 3685 referunt
410 3631 490 3684 wico
509 3629 699 3696 l'errariensia
726 3629 829 3684 Paulus
848 3629 1065 3684 Bernriediensis
1084 3637 1113 3684 et
1130 3629 1232 3683 Petrus

95 3711 287 3778 Cassinensis;
320 3711 366 3764 sed
391 3711 457 3764 Otto
476 3709 610 3764 Ostiensis
635 3709 773 3778 (Urbanus
798 3709 838 3768 ln
866 3725 919 3763 non
948 3709 1072 3764 meminit
1089 3708 1232 3782 Desiderii,

95 3793 221 3846 scribens
251 3793 278 3848 in
308 3792 386 3859 epist.
413 3806 455 3858 ap.
475 3791 619 3860 Hugonem
639 3790 840 3844 Flaviacensem
867 3797 989 3844 serrata:
1023 3789 1089 3856 „llle
1117 3790 1232 3858 (Grego-

94 3875 160 3928 rius
179 3873 241 3938 Vll)
269 3888 358 3926 secum
383 3871 583 3938 aliquantulum
609 3871 734 3939 cogitans
758 3870 824 3924 haec
843 3871 897 3924 illis
916 3869 1000 3924 rerba
1018 3869 1107 3924 dedit:
1137 3870 1232 3936 Quem·

91 3967 214 4020 cumque
233 3952 327 4006 horum
347 3952 438 4012 trium,
466 3952 614 4006 Lunensem
633 3951 738 4006 scilicet
765 3951 925 4019 episcopum,
952 3950 1105 4004 Ostiensem
1123 3957 1173 4004 aut
1190 3963 1233 4002 ar·

93 4033 300 4100 chiepiscopum
329 4031 538 4100 Lugdunensem
567 4031 666 4086 habere
697 4031 838 4099 poteritis.
871 4031 899 4084 in
927 4029 1084 4084 Pontificem
1110 4029 1231 4098 eligite.“

94 4117 132 4170 V.
158 4112 312 4166 ll'atterirh
332 4112 352 4166 1.
371 4113 433 4168 «172.
451 4115 512 4166 473.
533 4144 565 4151 —
586 4112 652 4165 Otto
672 4111 805 4165 Ostiensis
825 4121 853 4165 et
872 4111 954 4180 Hugo
972 4110 1163 4178 Lugdunensis
1182 4125 1228 4176 pa·

94 4211 165 4251 rum
183 4193 308 4248 electioni
328 4192 461 4247 Desitlerii
480 4193 619 4247 favebant.

178 4279 198 4339 ²)
220 4274 250 4326 V.
271 4273 360 4340 Epist.
380 4289 422 4341 ap.
442 4273 597 4327 ll'attericb
617 4273 639 4326 l.
659 4271 712 4325 562
