3002 4836
283 429 317 484 24
637 433 675 488 Ite
694 432 797 486 haeresi
818 434 1043 490 [curiosissimum

282 572 459 662 apostolico
483 573 608 660 plenas.
639 574 749 664 Atque
775 580 808 642 in
829 581 946 664 prime,
971 591 1145 666 postquam
1170 605 1405 648 commemora-

282 673 330 734 vit
365 673 569 758 impietatem
603 674 726 740 Leonis
760 699 824 762 qus
859 686 1002 742 statuam
1039 676 1197 744 Crucifixi
1233 681 1267 744 in
1299 701 1405 746 aenea

280 779 372 855 ports
398 769 576 853 destruxit,
602 782 634 836 et
652 774 908 840 resistentieme
932 775 1062 840 civibus
1085 778 1285 862 oppositam:
1315 779 1405 851 Tum,

281 867 411 948 scribit,
437 881 470 934 tu
492 869 571 932 nsali
593 869 769 936 aemulator
792 873 895 936 missis
919 873 1109 940 satellitibus
1132 873 1276 938 rnulieres
1299 878 1402 939 neseio

281 976 353 1051 quot
376 965 444 1030 illic
467 967 624 1048 occidisti,
649 969 849 1036 adstantibus
871 973 949 1036 viris
968 974 1123 1037 Romanis
1146 984 1176 1036 et
1198 995 1238 1036 erc
1252 973 1402 1050 dianna,

281 1087 321 1126 en
359 1065 533 1144 Vandalis,
566 1089 606 1130 ec
629 1067 851 1144 Mauritania,
885 1091 924 1132 ere
951 1069 1082 1152 Gothia,
1112 1081 1141 1134 et
1174 1081 1209 1136 ut
1229 1072 1402 1156 persancte

280 1163 385 1226 dicam
408 1186 448 1228 esc
481 1175 544 1228 toto
572 1167 721 1230 interiore
749 1167 922 1232 Occidente.
974 1166 1050 1232 Cum
1077 1180 1180 1234 nutem
1203 1169 1404 1234 advenissent

280 1271 310 1323 et
337 1261 371 1324 in
395 1262 461 1324 suis
483 1263 662 1346 repionilrus
694 1264 811 1349 einpuli
826 1265 987 1353 juvenilia
1012 1277 1065 1330 tua
1084 1267 1288 1353 pueriliaque
1304 1265 1404 1352 facta

279 1371 478 1438 narrassent,
495 1371 567 1426 tunc
582 1367 725 1452 projecta
742 1363 888 1428 laureata
903 1375 957 1427 tua
972 1364 1211 1440 conculcarunt,
1236 1375 1266 1428 et
1279 1365 1404 1451 faeiem

281 1469 366 1520 tuam
389 1459 607 1538 coaeternae
631 1484 668 1524 ae
691 1459 811 1526 delectu
833 1461 939 1526 lechito
964 1461 1166 1548 Lonpolrardi
1188 1473 1218 1526 et
1234 1461 1402 1526 Sarmatae

280 1555 433 1642 ceterique
465 1558 520 1642 qui
551 1558 596 1622 ad
624 1561 872 1645 septemtrionem
908 1559 1109 1637 dubitabant,
1137 1561 1283 1624 iniseram
1312 1560 1405 1624 deca·

275 1651 377 1737 polim
408 1655 642 1720 incursionibus
673 1655 882 1743 infestarunt,
915 1659 1079 1743 ipsamque
1111 1657 1304 1743 metropoli-m
1335 1659 1402 1720 lta-

278 1774 412 1814 pennam
435 1765 637 1838 occuparunt,
662 1767 690 1818 et
707 1757 811 1844 ejectis
826 1753 1061 1842 raapistratibus
1074 1759 1136 1820 tuis
1153 1757 1307 1842 proprios
1330 1778 1403 1819 cors-

280 1851 446 1914 stituerunt
478 1855 697 1936 magistratus,
732 1865 759 1914 et
783 1855 904 1918 uicinas
926 1853 1016 1918 rsobis
1041 1853 1128 1918 sedes
1155 1854 1260 1940 rapias
1283 1855 1403 1940 ipsam-

280 1971 336 2033 que
361 1949 493 2012 Romam
528 1952 572 2014 sic
608 1961 743 2016 tractare
778 1962 969 2029 statuerunt,
994 1976 1061 2014 cum
1095 1963 1128 2016 tu
1150 1975 1208 2016 nos
1231 1951 1403 2038 defendere

278 2046 403 2108 minime
422 2049 537 2130 possis.
585 2050 628 2114 Et
658 2051 733 2112 lraec
765 2049 802 2112 cb
825 2049 1070 2136 imprudentiam
1098 2074 1135 2114 ae
1159 2049 1327 2114 strrltitiarn
1351 2073 1404 2114 su-

277 2145 427 2208 stinuisti.
452 2144 496 2208 At
519 2149 600 2210 ersirn
623 2170 681 2211 nos
690 2146 917 2234 perterrefacis
931 2147 1088 2232 dicisque:
1112 2149 1245 2212 Romam
1268 2147 1403 2226 midam,

278 2252 308 2304 et
323 2233 491 2325 imapinem
513 2245 617 2306 sancti
629 2247 718 2308 Petri
736 2245 955 2330 eonfrinpam,·
978 2245 1034 2309 sed
1057 2257 1086 2310 et
1105 2243 1288 2332 Greporium
1309 2243 1404 2310 illinc

276 2339 453 2423 pontificem
476 2343 611 2408 virectum
636 2343 753 2408 adduci
779 2343 910 2425 curalo,
940 2344 1020 2408 sicut
1043 2345 1220 2408 Martinam
1248 2338 1403 2406 Cessetan-

279 2438 363 2500 tinus
397 2436 589 2525 (Constens)
620 2440 738 2506 adduci
761 2443 871 2530 jussit.
919 2439 1007 2506 Scire
1040 2451 1142 2506 autem
1165 2440 1257 2504 deles
1280 2464 1317 2504 ae
1335 2462 1403 2526 pro

278 2546 359 2598 certo
383 2536 508 2614 habere,
535 2539 700 2626 Pontifices
727 2541 782 2626 pai
807 2563 870 2628 pro
899 2551 1034 2625 tempore
1058 2539 1177 2604 Romae
1201 2538 1403 2618 resarciunt,

277 2633 496 2700 conciliandae
521 2639 615 2722 pacis
648 2661 745 2704 causa
768 2638 888 2716 sedere,
921 2648 1070 2724 tanquam
1087 2637 1245 2722 parietem
1268 2637 1403 2720 interpe-

276 2734 382 2796 riuum
405 2745 582 2820 septumque
605 2737 784 2801 medianum
813 2735 952 2800 Orientis
975 2745 1005 2799 et
1033 2733 1224 2810 Occidentis,
1250 2756 1286 2795 ac
1307 2733 1405 2817 pacis
1460 2793 1463 2800 .

278 2828 415 2894 arbitros
439 2843 469 2896 et
491 2833 705 2898 moderatores
729 2855 815 2914 esse;
853 2835 965 2919 quique
999 2841 1071 2896 ante
1096 2842 1124 2896 te
1138 2832 1276 2916 fuerunt
1299 2829 1403 2914 Impe-

276 2937 413 3006 ratores,
444 2930 479 2994 in
515 2931 570 2994 lroc
604 2931 835 3018 comportandas
865 2933 958 3017 pacis
992 2931 1159 2994 certamine
1192 2929 1403 2994 desudarunt.

281 3025 424 3100 Quodsi
455 3029 544 3092 realis
573 3028 745 3094 insolenter
767 3029 913 3106 insultes,
943 3051 1007 3092 nen
1031 3039 1077 3092 est
1100 3027 1189 3092 nobis
1212 3049 1333 3091 necesse
1360 3036 1405 3088 te·

276 3148 343 3188 cnm
366 3127 401 3188 in
424 3136 578 3190 certamen
601 3126 794 3192 descendere.
844 3126 896 3190 Ad
928 3136 1063 3212 quatuor
1095 3135 1124 3188 et
1155 3126 1269 3209 eipinti
1291 3122 1403 3187 stadia

276 3223 395 3286 secedet
418 3215 452 3288 iri
475 3225 630 3308 cepionem
657 3223 851 3310 Campaniae
874 3221 1255 3309 RomanosPoeuJeae1);
1279 3233 1344 3286 tum
1367 3231 1405 3284 tu

276 3321 370 3402 eade,
409 3333 516 3386 uentos
533 3341 732 3408 persequere.
787 3319 909 3396 Quodsi
932 3321 1097 3408 quospiam
1134 3321 1177 3384 ad
1202 3319 1401 3384 euertendam

275 3420 443 3504 imapinem
466 3420 589 3484 miseris
613 3422 715 3484 sancti
737 3421 840 3499 Petri,
863 3420 953 3497 eide,
972 3429 1189 3505 protestamur
1214 3417 1286 3494 tihi,
1310 3419 1404 3480 inno-

276 3528 505 3582 cantassemus
537 3541 557 3580 a
580 3520 733 3602 sanquine
765 3541 853 3604 quem
868 3519 982 3605 fiteusi
1005 3527 1097 3596 sunt;
1119 3539 1225 3580 uerum
1247 3517 1280 3578 iu
1306 3515 1403 3578 cerui-

352 3745 374 3813 Ι)
394 3746 556 3814 Disceptant
574 3747 675 3802 eruditi
693 3749 726 3804 de
744 3763 825 3804 serso
841 3747 936 3803 horum
948 3747 1099 3802 verborum.
1137 3747 1253 3802 Videtur
1271 3745 1404 3802 Pontifex

277 3823 398 3881 sundere
416 3827 450 3880 nd
468 3828 671 3882 commotionem
696 3828 884 3884 vehementem
901 3828 1041 3892 Italorum,
1066 3827 1112 3894 qui
1128 3827 1186 3896 jam
1205 3827 1293 3896 parati
1313 3833 1404 3892 erant,

278 3911 311 3960 ut
330 3908 411 3961 armis
430 3908 546 3976 arreptis
559 3908 721 3976 Imperatori
740 3909 898 3963 resisterent
912 3915 940 3962 et
959 3908 1017 3977 eju
1036 3907 1153 3962 domiuio
1166 3924 1195 3962 se
1213 3906 1321 3975 penitus
1339 3907 1404 3962 sule

278 3987 413 4042 ducerent.
452 3987 528 4044 Unde
547 3990 569 4042 si
589 3989 740 4058 Imperator
752 3989 863 4045 Romam
882 3988 1000 4042 mirisset
1007 3987 1108 4042 milites
1127 3993 1220 4042 eontra
1233 3985 1403 4051 Pontificem,

278 4069 301 4122 is
321 4083 384 4125 vero
402 4067 472 4138 fuge
490 4074 570 4138 capta
594 4069 688 4124 urbem
717 4069 878 4136 reliquisset,
893 4085 968 4123 mox
986 4069 1020 4122 ad
1039 4083 1100 4123 eum
1119 4068 1249 4122 tuendum
1267 4065 1331 4120 Itali
1350 4066 1404 4120 cir·

279 4147 423 4203 cunrmeini
440 4149 628 4213 surrexissent,
647 4148 724 4216 Isque
746 4148 774 4204 in
794 4154 854 4203 tuto
873 4147 980 4204 inuret,
1018 4149 1050 4204 V.
1071 4149 1166 4212 Balari,
1185 4147 1274 4202 Storie
1293 4145 1404 4202 d'Itslia

278 4227 336 4282 I'ol.
356 4229 389 4282 II.
410 4229 439 4282 L.
460 4228 537 4282 XIII.
557 4245 582 4281 n.
604 4228 651 4282 III.
