2932 4836
310 503 413 556 Causae
432 502 528 570 quibus
546 503 662 558 schisma
680 509 879 572 praeparatum.
1101 505 1155 560 333

52 668 117 731 pere
140 646 238 728 velle,
269 645 323 710 vel
347 645 462 711 saltem
487 669 574 711 vana
592 649 756 733 jactantia
779 668 899 712 nomen
923 645 986 712 sibi
1010 647 1154 712 tribuere

51 743 222 830 quodcum
248 745 422 830 exprimat
461 745 637 829 Negabant
659 757 770 809 minen
788 743 913 808 CPtaui
936 745 970 809 id
992 767 1030 809 ea
1046 745 1155 831 appel·

49 841 157 906 latione
190 841 335 921 intendi,
368 840 515 927 aliasque
539 840 777 928 explicationes
809 842 1040 927 appellationis
1067 842 1155 909 illius

50 937 169 1004 dabant.
218 939 354 1003 Poterat
385 937 543 1002 videlicet
573 939 751 1025 appellatio
789 939 940 1004 adhiberi
977 950 1015 1004 ut
1045 961 1155 1007 merus

48 1036 149 1100 titulos
170 1035 384 1116 honorificus,
408 1039 489 1122 quin
513 1039 660 1122 praecise
684 1059 799 1102 sensus
822 1047 1003 1123 urgeretur.
1043 1039 1155 1119 Quum

47 1133 244 1218 patriarchae
267 1155 388 1198 nomen
410 1135 534 1219 passim
557 1145 781 1200 assumeretur
804 1138 902 1200 etiam
927 1135 970 1200 ah
994 1134 1067 1200 aliis
1092 1159 1155 1201 me·

47 1231 241 1316 napolitauis
265 1231 422 1307 Graecia,
458 1233 513 1318 qui
546 1233 668 1297 fastum
694 1232 879 1318 diligebant
910 1243 943 1298 et
965 1234 1156 1319 splendidos

47 1329 160 1408 titulos,
184 1339 365 1416 potuerunt
388 1330 554 1416 praesules
576 1329 702 1395 CPtani
727 1331 817 1394 illam
841 1331 1095 1417 appellationem
1120 1343 1156 1397 ut

46 1421 202 1512 epithe'ton
223 1450 346 1492 ornans
364 1449 462 1492 sensu
477 1427 621 1514 quodam
635 1429 780 1514 generali
800 1429 968 1514 adhibere,
993 1440 1156 1516 quatenus

45 1527 240 1591 almannum
257 1525 311 1590 vel
326 1526 512 1590 catholicam
532 1527 744 1610 significaret.
782 1527 837 1590 Sic
854 1529 952 1590 etiam
968 1527 1155 1611 patriarcha

45 1625 256 1688 armenorum
278 1623 457 1699 καθόλικος
479 1623 673 1709 appellatur.
711 1625 886 1688 Praeterea
910 1646 1030 1690 nomen
1049 1621 1155 1689 οἶκοι·-

43 1720 126 1808 μένης
147 1721 271 1786 Graeci
295 1724 418 1808 passim
443 1721 648 1786 adhibebant
671 1733 707 1784 ut
731 1723 899 1808 Ismarium
922 1725 1153 1807 exprimerent.

44 1834 197 1904 quatenus
227 1819 309 1882 alias
332 1821 484 1904 regiones
514 1843 533 1884 a
558 1819 708 1884 barbaris
738 1819 916 1884 inhabitari
947 1820 1155 1904 adsignifica-

45 1915 123 1982 bant.
174 1917 275 1982 Unde
314 1917 536 2002 patriarcham
570 1919 820 1982 oecumenicum
858 1918 968 1982 dicere
1006 1928 1156 2003 poterant

45 2015 259 2096 patriarcham
281 2014 434 2100 Imperii3
459 2026 492 2078 et
515 2015 676 2101 ejusmodi
701 2015 975 2099 significationem
1000 2016 1157 2081 videntur

44 2109 150 2177 Graeci
182 2111 317 2178 saeculo
340 2134 428 2176 nono
451 2115 577 2177 nomini
609 2110 809 2177 attribuisse.
855 2113 979 2177 'lamen
1015 2135 1052 2178 eo
1077 2123 1155 2178 tem-

44 2232 110 2293 pore
132 2233 198 2297 quo
219 2211 242 2276 J
246 2231 369 2275 oannes
383 2211 558 2274 Nesteutes
581 2231 701 2274 nomen
725 2214 911 2292 assumpsit,
936 2213 1036 2276 etiam
1051 2212 1156 2277 Roma

44 2307 111 2372 urba
142 2318 215 2372 erat
240 2308 393 2393 Imperii,
428 2319 460 2372 et
492 2307 555 2372 hae
586 2330 717 2394 quoque
741 2309 946 2373 restrictione
979 2310 1155 2396 appellatio

44 2427 149 2490 perse
172 2429 212 2472 eo
247 2404 389 2484 ferebat,
424 2415 460 2468 ut
481 2405 594 2490 aliqua
617 2407 878 2492 praeeminentia
900 2429 979 2492 prae
1003 2408 1156 2474 omnibus

45 2506 197 2590 episcopis
221 2513 480 2589 supponeretur.
528 2503 624 2568 Certe
647 2503 836 2568 tendentiae
860 2505 1050 2569 ambitionis
1073 2510 1156 2592 peri-

46 2600 108 2665 culo
126 2602 258 2688 plenae,
284 2623 368 2686 quae
385 2603 490 2664 inerat
512 2601 622 2664 multis
636 2600 843 2686 praesulibus
859 2600 1010 2684 CPtanis,
1035 2625 1155 2669 nomeu

45 2697 114 2764 illud
137 2703 292 2787 apprime
314 2698 552 2784 respondebat,
587 2708 619 2762 et
644 2699 719 2784 jure
744 2701 860 2762 merito
884 2699 1061 2765 Pontifices
1085 2724 1155 2766 sese

45 2795 112 2860 huic
133 2797 231 2862 titulo
257 2805 445 2866 constanter
468 2797 733 2882 opposuerunt.¹)

47 2975 247 2985 ———-—-

106 3071 124 3126 ‘t
144 3071 201 3128 Cir.
230 3071 448 3140 Hergeurbther,
476 3071 591 3125 Photius
615 3071 637 3124 1.
667 3073 691 3126 S.
723 3073 773 3125 178
800 3087 849 3138 sqq
886 3101 919 3110 -
948 3071 1058 3126 Saeculo
1085 3089 1155 3126 nouo

44 3149 159 3206 ridentur
178 3151 278 3206 Graeci
297 3167 392 3205 nomen
411 3151 452 3204 ita
470 3151 645 3220 interpretati
665 3166 730 3214 esse,
749 3159 781 3204 ut
800 3157 929 3218 tauquam
942 3150 1050 3219 Imperii
1069 3153 1155 3208 oriem

45 3229 97 3282 talis
113 3229 299 3298 patriarcham
318 3231 468 3298 episcopum
489 3231 629 3285 CPtannm
647 3229 843 3299 significarent.
880 3231 979 3285 Scribit
995 3232 1155 3287 Anastasius

44 3307 101 3362 stul
120 3311 246 3365 Praefm.
270 3310 298 3363 in
325 3311 455 3376 modum
474 3310 529 3365 VII
553 3309 587 3363 ad
605 3309 738 3364 ioannem
757 3310 840 3364 VIII:
868 3311 917 3376 „In
942 3327 972 3366 so
997 3328 1061 3366 saue
1086 3314 1155 3379 qued

44 3388 190 3455 frequenter
208 3390 391 3445 universalem
415 3389 444 3442 iu
461 3390 512 3444 hae
529 3390 630 3456 syuodo
649 3391 744 3443 (irasci
770 3389 951 3456 patriarcham
969 3406 1047 3444 suum
1064 3392 1155 3445 iuoon·

46 3471 176 3526 unienter
200 3471 354 3540 appellant,
385 3469 561 3538 apostolatus
587 3475 677 3526 vester
701 3469 851 3524 adulationi
877 3470 983 3524 veniam
1007 3470 1053 3524 det
1075 3485 1155 3539 saepe

45 3551 162 3614 praelatis
182 3551 239 3606 suis
257 3568 310 3605 nou
330 3552 387 3603 siue
406 3549 610 3618 reprehensione
627 3549 732 3618 plaeere
751 3551 925 3604 studentium.
955 3549 1055 3604 Verum
1074 3567 1155 3616 quum

44 3631 104 3696 aprud
123 3631 385 3698 Constantinopolim
409 3630 513 3697 positus
538 3629 696 3696 frequenter
714 3629 830 3683 Graecos
854 3645 935 3696 super
959 3628 1008 3682 hoc
1026 3629 1154 3684 vocabulo

46 3710 263 3776 reprehenderem,
283 3719 312 3764 et
330 3709 418 3763 fastus
436 3709 480 3763 vel
498 3709 672 3778 arrogantiae
685 3711 881 3778 redarguerem,
901 3709 1064 3772 asserebant,
1085 3709 1153 3775 quod

45 3803 88 3841 uon
106 3791 166 3844 ideo
185 3791 391 3854 oecumenicum,
409 3805 488 3856 quem
507 3789 585 3843 multi
604 3788 784 3844 universalem
801 3789 977 3856 interpretati
994 3797 1066 3852 sunt,
1085 3789 1154 3843 dice-

47 3875 97 3922 rent
119 3871 318 3938 patriarcham‚
344 3871 413 3937 quod
438 3869 559 3923 universi
575 3869 649 3924 orbis
674 3875 767 3923 teneat
791 3869 988 3937 praesulatum,
1013 3870 1059 3923 sed
1084 3870 1153 3936 quod

43 3949 139 4005 <uidam
163 3952 237 4019 parti
262 3949 334 4005 orbis
363 3949 472 4018 praesit
503 3965 570 4016 quae
594 3949 792 4004 aOhristiauis
816 3948 971 4016 habitatum
996 3965 1059 4003 uam
1084 3950 1154 4016 quod

45 4029 131 4083 tirasci
149 4045 310 4085 oecumeuen
329 4036 441 4094 vocant,
467 4029 608 4084 aLstiuis
627 4047 681 4084 nou
699 4031 783 4084 solum
806 4029 892 4092 orbis,
918 4029 1028 4097 cerpus
1046 4031 1154 4084 univer·

45 4107 146 4162 salitate
170 4110 333 4164 universalis
352 4109 520 4177 appellatur,
545 4125 638 4164 verum
663 4110 745 4164 etiam
764 4109 899 4163 habitatio
926 4109 970 4162 vel
989 4109 1061 4162 loeus
1079 4110 1153 4164 habi·

46 4187 128 4242 tabilis
146 4195 342 4258 nuncupatur.“
362 4189 463 4250 (Labbe
475 4189 535 4244 VII.
554 4191 609 4256 30.)
637 4189 711 4244 Haec
724 4191 885 4244 Graecorum
904 4188 1047 4256 explicatio
1060 4191 1154 4258 inepta

45 4265 148 4322 alicunde
166 4277 248 4336 asset,
267 4270 290 4323 si
310 4269 503 4334 asseruissent,
528 4270 689 4324 oecumenici
707 4268 878 4338 patriarchae
895 4283 991 4322 uomeu
1010 4276 1153 4336 propterea
