2922 4832
316 497 370 552 118
578 498 653 555 xlx.
673 499 880 558 controversiae
898 507 928 557 et
945 501 1055 572 Imperii
1072 501 1184 556 indoles

312 641 406 706 dedit
429 641 615 708 Cardinalis
638 663 716 709 vero
740 647 775 710 in
800 645 895 709 Libro
919 657 1030 710 coutm
1051 647 1215 710 invasores
1237 656 1267 708 ct
1282 642 1409 708 Simone

312 752 364 804 tus
394 739 539 804 valorem
570 739 699 806 illarum
731 743 977 808 ordinationum
1007 742 1228 828 impugnavit.
1273 741 1312 806 In
1334 741 1408 826 praxi

311 847 421 902 autem
446 837 605 926 quosdam
629 841 800 926 episcopos
814 839 1019 905 reordinasse
1042 859 1098 904 eos
1121 842 1178 926 qui
1202 838 1412 904 aSimoniacis

312 935 443 999 fuerant
466 937 657 1018 consecrati,
682 946 821 1002 testatur
835 938 953 1002 Petrus
967 938 1154 1002 Damianos
1177 939 1211 1002 in
1226 937 1411 1002 Praefaticne

313 1033 474 1098 scribens:
498 1043 650 1098 oresoeuta
664 1035 886 1122 flacusotioru's
909 1035 1053 1122 crudique
1073 1045 1202 1100 catonus
1225 1057 1290 1098 essa
1309 1056 1412 1121 proces

312 1154 389 1210 uam,
412 1142 448 1194 ut
470 1129 639 1196 conualles
655 1141 773 1198 condet
796 1136 959 1220 episcopos
981 1134 1022 1198 ob
1038 1133 1106 1198 illis
1125 1134 1293 1198 ordinatos
1307 1133 1414 1196 derioos

312 1229 414 1292 danao
427 1229 665 1315 consecrasse.²)
688 1228 827 1295 Saeculo
839 1231 1022 1296 dommo
1037 1229 1149 1296 adhuc
1160 1229 1259 1297 modo
1269 1232 1346 1296 satis
1355 1251 1414 1294 con·

312 1327 385 1390 fuso
401 1325 443 1390 dc
458 1327 570 1390 valore
586 1325 834 1393 ordinationum
852 1327 1045 1393 collatarum
1069 1326 1111 1392 ab
1126 1327 1303 1394 haereticis
1317 1327 1414 1392 aliisve

312 1422 520 1508 praesulibus
544 1425 699 1508 indignis,
723 1417 889 1512 litigatum
914 1436 980 1509 est3
1005 1425 1064 1490 ssd
1087 1425 1217 1491 saeculo
1242 1427 1415 1490 decimoter-

314 1525 357 1586 tio
381 1521 501 1586 clarius
516 1522 598 1586 hacc
621 1525 769 1609 quaestio
784 1525 976 1609 praesertim
999 1545 1068 1608 as.
1092 1523 1223 1588 Thoma
1245 1547 1285 1589 ac
1299 1545 1415 1610 sequen·

313 1619 403 1683 tibus
425 1619 585 1704 theologis
608 1631 641 1685 et
664 1623 843 1686 canonistis
867 1621 1033 1708 explicata
1056 1629 1115 1686 est.
1152 1621 1323 1708 Principia
1344 1623 1414 1684 enin

314 1742 337 1783 s.
363 1717 540 1802 Augustini
566 1718 772 1800 evolventes,
806 1721 956 1806 apprime
986 1717 1211 1785 distinxerunt
1242 1721 1328 1784 inter
1348 1717 1414 1782 ordi-

314 1839 382 1879 nem
405 1827 438 1879 et
459 1817 729 1906 jurisdictionem,
759 1817 961 1880 caliditatem
990 1825 1023 1880 et
1046 1816 1256 1904 ispalitatam,
1283 1839 1322 1881 ac
1344 1837 1417 1901 prse-

314 1913 425 1976 sertim
458 1935 542 1999 quae
573 1915 616 1979 ad
650 1912 861 1979 indelebilem
888 1914 1015 1980 ordinis
1038 1915 1247 1980 characterem
1269 1915 1416 2000 pertinent

313 2019 467 2074 accurate
499 2010 813 2077 determinaverunt.
861 2012 971 2098 Atque
995 2014 1041 2076 ita
1065 2033 1146 2077 vera
1169 2012 1338 2078 Ecclesiae
1359 2011 1418 2074 doc·

315 2105 404 2172 trina
425 2129 501 2171 mox
525 2111 633 2194 patuit
655 2119 689 2174 et
711 2111 896 2174 communis
919 2110 1008 2174 facta
1030 2121 1088 2176 est.

224 2230 244 2268 '⁰
281 2243 304 2270 ¹·
404 2225 454 2289 11.
486 2225 586 2288 Hisce
603 2225 782 2304 attulimus,
806 2227 960 2312 quamvis
975 2224 1131 2310 breviter,
1156 2227 1334 2311 praecipua
1348 2226 1417 2289 lacu

228 2303 278 2332 ¹¹¹⁵
315 2331 347 2384 et
370 2331 580 2406 argumenta,
615 2345 698 2408 quae
729 2345 770 2388 ex
794 2325 969 2388 transactis
992 2323 1133 2388 saeculis
1163 2325 1256 2388 citari
1288 2334 1415 2410 possunt.

314 2418 609 2506 difficultatemque
632 2420 800 2506 praebent,
825 2429 987 2506 quatenus
1009 2441 1052 2484 ex
1073 2419 1191 2486 iisdem
1206 2419 1417 2486 deduceretur.

314 2517 497 2602 antiquitus
521 2539 592 2582 eam
613 2521 858 2603 persuasionem
881 2517 983 2582 fuisse
1006 2541 1046 2582 ac
1065 2519 1299 2604 praevaluisse,
1323 2517 1415 2582 haerc-

314 2615 464 2697 ticcrum,
490 2614 774 2681 schismaticorum
799 2615 982 2682 aliorumve
1006 2616 1230 2681 ordinationes
1254 2625 1365 2681 contra
1379 2637 1417 2678 cs·

315 2733 426 2792 nones,
451 2711 540 2777 haud
562 2735 631 2778 csse
654 2715 793 2797 validas,
817 2737 857 2780 ac
880 2715 1142 2780 reordinationes
1164 2715 1199 2778 in
1222 2715 1358 2800 antiqua
1370 2711 1416 2776 Ec·

315 2809 414 2874 clesia
438 2832 537 2896 quam
561 2812 829 2899 frequentissime
854 2821 1022 2898 susceptas
1046 2812 1157 2879 fuisse.
1203 2811 1295 2876 Talis
1317 2821 1364 2874 est
1383 2831 1418 2872 re·

314 2929 394 2970 vcra
423 2912 585 2977 sententia
618 2909 797 2975 doctissimi
822 2909 960 2988 Mor-ini,
994 2909 1094 2997 quam
1122 2912 1157 2976 in
1188 2909 1418 2975 Exercitations

315 3007 415 3068 citata
446 3006 551 3071 insius
581 3019 777 3094 propugnat.
833 3007 1056 3073 Difficultates
1096 3019 1208 3072 autem
1240 3029 1325 3095 qnae
1355 3005 1419 3070 inde

315 3105 425 3166 enasci
455 3104 627 3188 videntur,
660 3106 739 3170 dum
763 3106 933 3171 Ecclesiae
966 3106 1117 3172 doctrina
1144 3107 1216 3192 jam
1250 3105 1418 3170 communis

315 3223 459 3286 ususque
482 3205 670 3287 posterioris
703 3207 859 3290 temporis
889 3203 981 3270 hisce
1013 3203 1196 3289 confertur,
1230 3207 1301 3291 ipsc
1332 3201 1419 3266 variis

316 3300 487 3384 principiis
521 3300 853 3389 distinctionibusque
885 3302 1061 3388 propositis
1090 3303 1171 3367 scite
1206 3301 1369 3367 elucidare
1388 3319 1417 3360 ac

315 3396 440 3460 diluere
472 3399 590 3464 studet.
645 3399 808 3480 Quamvis
841 3422 919 3464 vcro
957 3398 1052 3486 plura
1086 3423 1128 3464 ex
1160 3401 1202 3465 iis
1235 3421 1318 3486 quse
1353 3397 1417 3462 dicit

315 3495 562 3581 comprobanda
586 3518 651 3561 non
667 3497 853 3578 videantur,
878 3499 1057 3562 sententias
1081 3507 1194 3563 tamen
1219 3498 1289 3585 ejus
1312 3495 1417 3583 praeci·

314 3615 398 3678 puas
416 3593 488 3680 jam
512 3595 718 3682 exponimus,
744 3597 822 3681 quia
846 3595 1040 3681 quaestioni,
1074 3596 1114 3660 de
1138 3618 1205 3682 qua
1228 3597 1363 3681 agimus,
1383 3591 1417 3654 si·
1450 3649 1451 3660 ,

314 3691 425 3755 ierunt
459 3690 583 3775 lucem,
624 3704 656 3756 et
694 3692 804 3780 aliqua
842 3696 877 3758 in
914 3694 955 3758 iis
996 3692 1160 3758 habentur
1193 3703 1304 3759 notatu
1324 3688 1417 3766 ,valde

316 3789 450 3872 utilia.²)

389 3960 408 4028 ¹)
427 3959 561 4026 Loquitur
578 3960 607 4014 in
625 3966 754 4016 contextu
767 3961 800 4016 de
812 3959 914 4016 clericis
933 3959 980 4027 qni
997 3961 1085 4030 oratu
1103 3977 1120 4015 s
1137 3961 1291 4018 simoniacis
1315 3957 1416 4018 afflasti

315 4045 406 4106 erant;
434 4041 479 4095 sed
497 4041 521 4098 si
539 4041 573 4096 sd
601 4056 645 4096 ecs
664 4041 747 4096 verba
771 4041 859 4096 citata
876 4039 1045 4106 reserantur,
1074 4057 1091 4096 a
1115 4041 1222 4098 fortiori
1248 4047 1330 4112 pater,
1348 4041 1415 4096 stirs

314 4123 401 4175 denuo
420 4136 437 4174 a
454 4119 575 4188 pluribus
593 4127 761 4176 consecratos
780 4119 877 4184 fnisse,
903 4120 949 4187 qui
974 4119 1165 4177 aSimouiacis
1190 4121 1299 4192 pecnnia
1323 4131 1415 4187 accepts

315 4199 433 4253 ordinati
452 4209 537 4254 erant.
559 4233 589 4240 -
611 4201 642 4254 V.
662 4200 796 4255 Morinum
814 4199 832 4256 1.
852 4217 873 4255 c
891 4199 1010 4255 Exercit.
1029 4198 1063 4256 V.
1082 4217 1103 4255 c.
1122 4202 1160 4256 Π.
1179 4219 1223 4257 nn.
1241 4201 1301 4256 vn.
1320 4199 1387 4254 vm.

390 4281 410 4346 ²)
429 4279 498 4333 Vide
516 4279 649 4334 Morinum
668 4281 685 4334 l.
705 4295 726 4334 c.
746 4295 804 4348 cap.
825 4280 872 4334 IX.
