2904 4834
121 1394 484 1518 Dissertatio
525 1394 768 1516 decima
806 1403 1047 1519 octava.

41 1616 345 1699 lieRomnnis
364 1614 715 1699 Pontificibus
736 1617 932 1699 saeculi
948 1617 1147 1701 decimi.

508 1847 667 1856 ...nn-*—

118 2063 148 2124 1.
177 2050 357 2140 Dan-onius,
390 2057 573 2122 Annalium
604 2057 659 2122 ille
689 2079 809 2144 parens
840 2067 872 2121 et
899 2068 1030 2140 auctor,
1061 2082 1147 2124 unus
1167 2075 1257 2116 Bonan
1284 2077 1310 2116 c·

37 2159 176 2222 omnium
201 2166 233 2220 et
255 2157 377 2242 pictate
402 2165 434 2220 et
457 2155 641 2220 eruditione
666 2155 812 2218 maxime
835 2155 985 2240 insignis,
1010 2155 1090 2220 dnm
1112 2158 1148 2222 in
1158 2138 1241 2178 ΜΟ
1258 2147 1323 2177 ⁰⁰⁰⁰·

38 2277 87 2318 suo
119 2277 218 2342 opere
248 2253 291 2318 ad
320 2253 478 2317 terminos
509 2254 663 2340 pervenit
692 2253 773 2316 noui
803 2251 927 2316 saeculi
957 2276 996 2318 ao
1027 2253 1149 2318 decimi

36 2351 143 2418 limina
171 2353 294 2437 tangit,
326 2349 502 2436 lugubrem
525 2350 707 2416 admodum
730 2349 861 2414 illorum
884 2360 1071 2438 temporum
1095 2375 1149 2416 ex-

38 2449 119 2516 hibet
144 2450 409 2536 descriptionem.
443 2447 621 2513 Saeculum
644 2469 770 2513 nonum
794 2447 947 2530 advertit,
972 2448 1084 2514 multis
1107 2471 1150 2513 ex

35 2551 136 2613 causis
161 2545 330 2612 Ecclesiae
353 2567 588 2612 aerumnosum
611 2546 726 2628 fuisse,
757 2545 926 2610 Romanae
950 2567 1028 2611 vero
1052 2548 1149 2635 potis·

36 2645 148 2710 simum
177 2643 380 2710 laboriosum
411 2644 453 2709 ob
483 2642 632 2708 diversas
655 2653 724 2707 tam
747 2642 906 2708 adversus
930 2644 1151 2710 occidentales

34 2765 127 2826 qnam
166 2742 341 2808 orientales
376 2743 544 2828 principes
572 2741 786 2828 perdifficiles
817 2742 1061 2823 contentiones,
1093 2743 1149 2806 im-

36 2843 142 2924 primis
174 2863 252 2905 vero
276 2839 319 2905 ob
344 2840 453 2906 dirum
478 2839 622 2904 schisma
645 2837 851 2903 Graecorum
873 2847 1007 2904 auctore
1030 2838 1149 2904 Photio

35 2941 201 3022 pertum.¹)
247 2939 372 3003 Verum
408 2938 442 3003 id
477 2937 612 3024 quidem
648 2945 714 3017 est3
750 2935 814 2998 fuit
848 2944 976 3016 tamen,
1011 2936 1148 3002 fundato

37 3034 186 3124 Imperio,
216 3038 359 3101 eximius
383 3037 483 3100 etiam
507 3057 546 3098 ea
569 3042 676 3098 aetate
700 3032 871 3098 Ecclesiae
895 3042 928 3097 et
949 3034 1149 3099 Pontificum

31 3135 192 3220 splendor,
217 3137 301 3199 mira
325 3135 376 3197 vis
399 3144 498 3220 atque
521 3134 708 3213 auctoritas,
742 3129 978 3196 saluberrimus
1001 3133 1036 3196 in
1061 3132 1149 3197 orbis

32 3245 141 3316 gentes
171 3233 334 3313 influxus,
367 3233 413 3296 ita
444 3240 480 3294 ut
506 3229 659 3316 pluribus
683 3227 823 3294 saeculis
846 3227 927 3293 illud
951 3228 1042 3295 haud
1065 3243 1149 3316 post·

31 3333 229 3415 ponendum,
253 3328 379 3416 aliquot
402 3328 542 3394 saeculis
565 3327 819 3414 praeferendum
842 3325 1005 3392 videatur.
1031 3365 1067 3374 -
1095 3327 1150 3393 Ad

31 3429 182 3494 ultimum
206 3451 284 3494 vero
307 3428 405 3514 hujus
429 3426 552 3492 sacculi
577 3425 776 3490 decennium
793 3434 929 3510 spectat,
954 3425 1044 3510 quod
1059 3427 1170 3511 apud.

31 3525 207 3592 Beronium
233 3528 396 3614 sequitur:
422 3525 487 3590 Sed
509 3525 546 3589 od
571 3525 722 3588 intestino
746 3523 912 3610 audentque
928 3522 1150 3608 implacabilis

30 3623 110 3690 della
134 3626 168 3690 in
191 3627 262 3711 ipso
286 3626 358 3690 sino
373 3625 537 3688 Romanus
554 3622 714 3686 maleam
737 3621 859 3708 opitarc'
873 3631 994 3707 coepto,
1017 3623 1150 3686 cacteris

30 3719 190 3808 lupubsias
214 3734 260 3787 est
282 3723 440 3787 redditum
464 3733 555 3810 atquo
571 3720 747 3808 sumendus,
772 3743 839 3783 cnm
861 3712 1006 3783 uidelicet
1021 3729 1149 3784 sterten-

30 3821 111 3884 tibus
143 3821 302 3898 omnibns,
333 3819 444 3906 quibus
475 3820 519 3884 od
547 3820 684 3904 repimcn
714 3817 821 3890 fuerat
843 3815 1056 3901 Multandum,
1088 3819 1149 3881 imo

30 3917 139 3982 iisdem
162 3919 243 4004 ipsis
264 3931 301 3983 ut
323 3918 500 4006 apostolico
522 3917 614 3981 nonio
628 3915 780 4002 fluctibus
803 3913 917 3979 obnata
926 3918 1058 4002 penitus
1072 3939 1149 3980 mer-

27 4027 152 4098 paratior
174 4039 301 4104 operum
323 4015 489 4094 dantibus,
518 4015 649 4078 romaici
672 4013 813 4077 divinam
836 4011 948 4078 debeat
971 4015 1151 4078 existimus-i

30 4113 228 4192 mirandum,
259 4114 289 4177 ci
317 4115 392 4200 ipso
422 4123 466 4177 tot
496 4113 651 4198 tantisque
671 4114 802 4199 jactata
822 4109 987 4196 procellis,
1018 4122 1150 4176 contuso

101 4309 123 4378 ¹)
142 4309 185 4363 Ad
202 4325 226 4363 a
244 4309 305 4364 899.
324 4323 351 4362 n
370 4309 395 4365 3.

55 4407 196 4460 suumn,
210 4409 396 4448 mmmmm.
411 4408 475 4448 rom.
491 4407 530 4446 ir.
1028 4395 1038 4445 1
