2898 4836
161 2362 327 2412 cen-aptam

198 2437 221 2466 u
231 2436 233 2444 ,

336 513 370 562 33
517 507 619 561 XVIII.
658 508 698 560 De
716 505 844 560 Meuania
864 505 1039 560 Pontificibus
1058 509 1158 562 saeculi
1178 507 1280 564 decimi.

407 653 504 734 „Post
527 673 624 736 quem
651 649 738 713 celsa
761 649 850 713 subit
873 649 940 714 Leo
960 649 1038 735 jura
1062 655 1231 717 notamine
1254 655 1379 740 quintus.

406 750 554 834 ldmigrat
577 759 653 812 ante
678 769 773 811 suom
797 769 897 834 quum
922 745 1001 811 luna
1026 747 1076 812 bis
1099 750 1236 835 impleat
1259 751 1369 815 orbem.

405 845 661 932 (flrristophorus
685 866 764 909 mox
787 847 921 908 sortitus
945 845 1171 910 moderamina
1196 847 1300 928 Sedis,

405 945 552 1009 Dimidio
577 943 779 1029 ulteriusque
803 965 917 1028 parum
945 943 1114 1030 dispensat
1137 947 1173 1008 in
1196 947 1313 1010 anno.“

426 1061 636 1124 Hermannus
673 1057 868 1124 Contractus
909 1070 1017 1123 autem
1055 1059 1238 1125 monachus
1270 1061 1432 1146 Augicnsis„

336 1162 392 1245 qui
424 1182 453 1223 a.
488 1157 571 1221 1048
606 1157 703 1236 obiit,
737 1158 771 1220 in
805 1178 863 1220 suo
898 1155 1062 1221 Chronico
1096 1158 1212 1221 scribit
1244 1160 1287 1223 ad
1317 1183 1343 1224 a.
1366 1161 1422 1222 tur:

336 1261 456 1322 Itomae
483 1265 559 1342 post
591 1255 794 1319 Benedictam
828 1255 889 1318 Leo
924 1255 958 1332 V,
988 1257 1085 1342 prius
1112 1256 1280 1344 presbyter
1304 1257 1422 1344 fluenda

336 1357 429 1442 Papa
456 1352 542 1419 CXX
564 1353 645 1416 sedit
667 1353 825 1417 mensibus
840 1353 945 1438 ferme
970 1352 1106 1434 duobus,
1137 1365 1336 1442 postquem,
1361 1367 1386 1417 ut
1403 1359 1421 1416 iu

336 1451 521 1540 assibusdam
537 1451 653 1528 iisreui,
673 1449 918 1536 Christopborus
928 1452 1022 1536 prius
1038 1449 1233 1530 cardinalis,
1249 1453 1340 1540 Papa
1353 1451 1427 1516 CXII

336 1550 417 1614 sedit
439 1547 595 1613 mensibus
612 1559 755 1634 picataar.
793 1545 856 1621 Qui
871 1547 1008 1638 dejectas
1024 1559 1069 1612 est
1084 1560 1114 1612 et
1129 1544 1433 1638 monaclusjacnu.¹l

336 1648 526 1732 sigebertus
559 1667 636 1711 vero
669 1643 935 1724 Gemblucensis,
970 1648 1025 1732 qui
1057 1646 1159 1710 altero
1191 1648 1302 1713 medio
1334 1647 1423 1712 saeculi

338 1746 504 1810 undecimi
538 1743 695 1824 florebat,
729 1745 761 1806 in
797 1765 854 1808 suo
890 1742 1054 1808 Chronico
1088 1743 1204 1808 scribit
1235 1745 1279 1810 ad
1312 1769 1339 1810 a.
1368 1746 1424 1810 sut:

337 1845 398 1908 Leo
429 1845 592 1906 Romanae
622 1841 781 1905 Ecclesiae
817 1839 923 1906 CXXI
952 1843 1127 1928 praesidet.
1183 1843 1278 1907 Herse
1298 1857 1369 1931 post
1390 1847 1426 1905 33-

335 1943 424 2028 pinta
457 1941 525 2004 dics
557 1941 771 2004 ordinationis
804 1963 878 2003 suae
915 1938 1160 2027 Cli-istoplioras
1186 1942 1350 2028 presbyter
1375 1965 1434 2004 arur

336 2042 480 2126 capiens,
514 2049 543 2101 et
571 2041 604 2102 in
633 2059 788 2100 carcerem
817 2038 962 2115 tradens,
991 2061 1053 2124 per
1076 2039 1271 2102 invasionem
1295 2043 1427 2105 Ronanus

339 2138 494 2201 Ecclesiae
515 2135 638 2201 CXXII
651 2135 858 2222 praesidet.²)
874 2173 916 2181 -
931 2135 984 2199 Ex
1001 2135 1091 2199 hisce
1106 2137 1321 2222 scriptoribus
1336 2135 1427 2201 similia

337 2236 530 2320 posteriores
554 2231 770 2298 tradiderunt.

425 2341 478 2406 36.
513 2339 624 2421 Quum
656 2339 737 2404 baec
767 2361 833 2404 non
866 2341 1096 2404 invenirentur
1119 2342 1154 2405 in
1178 2341 1218 2405 iis
1242 2365 1327 2428 quae
1349 2352 1428 2406 exsu-

224 2435 283 2464 ⁸²⁵⁰'
334 2439 415 2504 bant
447 2439 653 2503 documentis
686 2437 774 2502 illius
807 2439 940 2520 aetutIS,
974 2448 1125 2502 auctores
1153 2437 1246 2504 dubii
1277 2437 1429 2506 haerebant

333 2536 442 2622 quoad
467 2534 539 2600 illos
563 2547 711 2600 eventus.
755 2534 853 2600 Modo
877 2557 956 2599 vero
981 2557 1023 2599 ex
1047 2539 1087 2601 iis
1104 2536 1232 2601 Auxilii
1257 2535 1428 2620 etVulgarii

333 2635 463 2720 scriptis
494 2656 578 2720 quae
608 2643 757 2698 recenter
787 2643 917 2719 reperta
944 2643 977 2697 et
999 2633 1125 2719 publici
1144 2633 1231 2720 juris
1254 2635 1342 2701 facta
1363 2647 1428 2698 sunt.

332 2731 391 2796 lux
423 2732 534 2818 aliqua
566 2731 629 2796 illis
659 2732 756 2797 factis
780 2731 972 2796 affunditur.
999 2771 1041 2779 -
1065 2732 1222 2798 Auxilius
1245 2735 1344 2813 emm,
1371 2732 1429 2796 dun

332 2831 555 2895 ordInationes
586 2831 734 2894 Formosi
768 2829 917 2894 defendit
949 2841 982 2894 et
1014 2832 1049 2896 in
1082 2831 1235 2916 Sergium
1258 2831 1430 2898 Pontificem

333 2927 478 3006 invehit,
512 2929 598 2992 inter
629 2927 695 2992 alia
728 2926 858 2992 scribit:
905 2927 1046 3009 „Nonne
1078 2939 1152 3014 post
1183 2929 1313 2996 obitum
1344 2927 1431 3016 quarti

332 3025 505 3090 Benedicti
530 3049 635 3111 papae
659 3028 711 3090 vir
736 3027 873 3090 DomIni
896 3025 1076 3093 laudabilis
1100 3029 1190 3092 vitae
1213 3037 1247 3092 et
1270 3027 1432 3094 moriare

332 3124 466 3188 nomine
479 3125 546 3188 Leo
570 3121 792 3209 apostolorum
815 3125 961 3189 vicarius
985 3145 1073 3210 papa
1096 3123 1188 3189 urbis
1209 3127 1355 3206 effectus,
1377 3145 1431 3188 ssu·

333 3231 404 3285 ctae
419 3222 587 3286 Romanae
611 3220 768 3286 ecclesiae
792 3219 1018 3305 gubernacula
1042 3221 1121 3286 dum
1145 3245 1204 3308 per
1227 3226 1360 3310 triginta
1379 3221 1432 3284 dics

332 3318 606 3400 administrasset,
637 3343 657 3384 a
682 3319 825 3405 quodam
851 3318 1087 3405 Christopboro
1110 3319 1292 3405 presbitero
1316 3341 1373 3384 suo
1392 3338 1433 3400 ap·

332 3416 512 3503 prehensus
543 3428 592 3482 est
615 3429 647 3482 et
671 3417 891 3483 carceralibus
915 3416 1089 3503 ergastulis
1112 3419 1342 3504 mancipatus?
1372 3435 1430 3480 mox

331 3526 442 3580 autem
476 3517 564 3581 idem
601 3514 856 3602 Christophorus
892 3537 925 3580 se
960 3537 1082 3601 papam
1116 3517 1270 3582 instituit
1320 3511 1432 3580 Deinde

332 3615 465 3698 Sergius
498 3613 650 3700 quidam,
684 3616 741 3701 qui
769 3613 860 3698 apud
883 3613 1029 3678 Francos
1058 3611 1208 3699 plurimis
1234 3615 1305 3699 jam
1329 3623 1430 3694 tempo

330 3712 423 3776 ribus
457 3713 563 3776 luerat
599 3721 835 3792 commoratus,
873 3711 983 3776 valido
1020 3709 1224 3778 Francorum
1259 3710 1380 3777 auxilie
1410 3721 1432 3768 st

331 3809 549 3895 quorumdam
575 3811 795 3874 Romanorum
828 3807 1129 3874 machinationibus
1157 3810 1339 3895 praefatum
1363 3825 1430 3870 con·

331 3907 491 3994 prehendi
520 3931 558 3971 ac
587 3907 710 3971 recludi
739 3908 818 3971 fecit
843 3905 1132 3992 Christophorum,
1167 3929 1229 3971 nec
1254 3905 1352 3970 multo
1375 3916 1432 3987 post

405 4140 426 4208 ¹)
446 4139 527 4192 Perta
545 4139 581 4194 II.
601 4138 633 4192 G.
653 4137 696 4192 SS.
716 4139 748 4189 V.
770 4140 829 4192 111.

405 4221 425 4279 ¹)
444 4219 479 4272 Μ.
491 4219 523 4272 G.
533 4219 576 4272 SS.
583 4217 631 4272 v1.
642 4219 702 4272 345
712 4249 743 4256 -
755 4219 796 4271 Ex
806 4215 947 4286 Sigsberto
957 4217 1049 4272 eadem
1059 4215 1142 4271 hebet
1147 4215 1304 4272 Vincentius
1314 4213 1431 4268 Bellorsc

331 4301 397 4367 Opp.
416 4298 490 4352 Tam.
509 4297 557 4363 lv,
575 4297 715 4365 Speculum
734 4297 874 4352 historiale
892 4295 923 4350 Ia.
935 4296 1035 4352 XXIV.
1055 4312 1077 4352 e.
1091 4295 1190 4350 tvm.
1209 4295 1302 4366 (onesi
1323 4293 1387 4348 1624
