2952 4832
289 513 330 567 De
350 513 599 567 Pmedecessoribus
618 513 642 567 S.
663 513 791 582 Gregorii
805 513 872 566 'Vll
1105 511 1160 566 245

50 659 194 744 persequi,
220 662 296 747 jore
314 677 478 742 possemus
501 657 676 732 obtendere,
701 659 777 743 quio
801 679 855 720 vos
880 657 1042 720 Romanos
1066 657 1158 720 eccle·

55 759 110 820 siae
121 757 322 842 vosmetipsos
343 756 415 841 ipso
435 755 517 818 dono
536 757 704 840 privastis,
719 758 774 840 qai
789 755 907 818 scilicet
922 756 952 817 ei
961 754 1161 842 praejudicii

53 855 136 916 satri
156 855 257 938 pratis
281 852 498 916 contumeliam
521 851 686 917 intulistis.
711 889 755 899 -
777 851 836 914 ltte
851 873 922 937 erpo
940 855 1066 916 initttm
1088 851 1157 916 rod-

54 951 94 1014 dit
115 951 253 1033 hospitii
269 959 410 1034 pactum,
435 952 490 1034 qui
498 951 592 1034 prior
615 949 714 1012 tiolot
737 949 895 1012 amioitiae
920 960 1158 1013 sacramentum.

129 1076 185 1140 34.
208 1073 254 1137 At
277 1075 362 1137 varii
386 1076 561 1160 scriptores
586 1075 701 1138 merito
726 1073 949 1156 adverterunt,
973 1073 1026 1139 his
1047 1075 1160 1139 Dami-

50 1175 97 1237 ani
120 1171 232 1236 verbis
255 1193 321 1235 non
346 1173 399 1254 agi
425 1171 466 1236 de
498 1171 609 1260 aliqua
640 1171 823 1258 legatione,
858 1195 956 1260 quam
981 1181 1053 1258 post
1077 1193 1159 1236 rnor-

49 1281 107 1334 tem
129 1269 259 1335 Nicolai
283 1267 317 1334 Π
341 1269 382 1334 de
406 1269 557 1353 eligendo
583 1269 743 1334 Pontifice
768 1271 949 1356 susceperit
972 1269 1160 1357 Stephanus

51 1366 244 1449 cardinalis,
269 1365 327 1431 sed
349 1368 463 1430 referri
488 1365 543 1432 hio
563 1366 771 1451 legationem,
797 1390 862 1454 qua
878 1367 1010 1434 functus
1034 1370 1076 1433 sit
1092 1367 1159 1434 Ste-

49 1465 172 1550 phanus
201 1464 312 1530 adhuc
344 1465 479 1528 vivente
509 1463 655 1548 Nicolao,
688 1487 763 1529 cum
787 1466 859 1551 jam
883 1467 999 1550 gravia
1023 1464 1160 1530 dissidia

49 1585 115 1627 enm
139 1563 218 1627 aula
245 1561 407 1648 imperiali
432 1571 540 1626 essent
563 1573 687 1628 exorta.
723 1563 762 1628 In
786 1563 849 1627 hac
873 1563 1037 1647 legatione
1061 1565 1161 1648 igitur

47 1661 248 1747 Stephanum
273 1659 541 1725 contumeliosam
566 1659 720 1726 habuisse
745 1661 949 1748 repulsam¹).
986 1661 1096 1748 Atque
1119 1685 1160 1725 ex

47 1769 199 1824 contextu
224 1759 257 1824 S.
281 1757 370 1820 Petri
394 1757 553 1822 Damiani
577 1781 693 1824 revera
717 1759 928 1824 manifestum
961 1771 1019 1840 est,
1054 1763 1161 1846 ipsum

46 1855 82 1920 te
103 1856 163 1920 tali
188 1853 349 1941 Stephani
372 1855 545 1939 legatione,
577 1855 686 1920 adhuc
711 1858 845 1920 vivente
869 1857 1016 1940 Nicolao,
1045 1879 1161 1942 agere3

44 1953 186 2042 loquitur
209 1955 297 2018 enim
335 1951 373 2016 de
406 1953 589 2038 apostolicis
613 1955 741 2041 seriptis
777 1977 815 2018 ac
845 1955 882 2018 de
907 1955 1039 2019 decretis
1062 1955 1161 2018 coaci-

43 2051 86 2131 lii,
110 2051 235 2138 quibus
258 2051 433 2135 significat,
458 2054 588 2116 venisse
610 2051 816 2138 Stephanum
840 2063 877 2116 ut
901 2051 941 2116 de
964 2051 1029 2117 illis
1053 2051 1162 2117 deora·

42 2151 79 2214 tis
110 2171 199 2236 quae
231 2149 505 2234 indignationem,
528 2151 562 2214 in
587 2149 767 2214 Germania
800 2160 1064 2236 provocaverant
1087 2172 1162 2214 cum

41 2247 114 2312 aula
139 2246 309 2333 imperiali
330 2255 452 2328 ageret.
483 2247 670 2311 Damianos
699 2255 802 2332 urget,
832 2269 907 2311 eum
932 2249 966 2311 in
981 2247 1034 2311 his
1058 2247 1162 2333 repul-

42 2367 109 2410 sam
144 2367 281 2432 passum
306 2367 386 2427 esse,
423 2344 571 2432 adeoque
606 2367 661 2410 eos
691 2369 757 2410 uon
781 2368 876 2432 posse
908 2368 1088 2432 provocare
1121 2345 1163 2410 ad

41 2443 180 2530 aliquod
194 2442 324 2508 Nicolai
348 2453 494 2529 pactum.
528 2443 597 2506 lmo
622 2442 778 2508 hocloco
803 2446 881 2509 satis
905 2442 1031 2508 indicat
1046 2443 1164 2507 Petrus

40 2541 249 2622 Damianos,
281 2539 321 2603 dc
353 2539 511 2606 electione
537 2541 719 2607 Alexandri
760 2563 955 2606 eonsensum
993 2564 1058 2605 nou
1094 2565 1164 2605 esse

39 2641 202 2723 petitum3
243 2661 320 2704 nam
344 2639 506 2704 advocato
530 2639 742 2726 imperatoris
774 2639 837 2703 hoc
861 2638 1073 2725 exprobranti
1097 2661 1163 2704 non

37 2736 222 2824 respondet
250 2735 383 2820 directe,
417 2737 450 2800 id
475 2738 599 2802 factum
629 2759 709 2819 esse,
744 2737 801 2803 sad
833 2738 993 2802 indirecte
1022 2736 1165 2802 ostendit

39 2835 102 2900 hae
129 2835 175 2899 de
198 2856 235 2898 re
259 2833 425 2919 querelam
450 2857 516 2898 non
540 2857 633 2920 posse
659 2837 797 2921 proponi
831 2833 873 2898 ab
898 2836 955 2916 iis,
995 2837 1051 2920 qui
1082 2833 1165 2898 illud

36 2933 173 2999 Nicolai
203 2933 371 2996 decretum
400 2934 546 3018 recipere
577 2933 751 3017 noluerint,
784 2935 906 3019 quique
931 2931 1165 2997 contumeliose

35 3032 261 3096 tractaverint
284 3027 381 3115 paulo
405 3039 481 3094 ante
505 3031 633 3094 Nicolai
658 3031 813 3116 legatum.

127 3147 187 3213 35.
235 3145 399 3212 Omnibus
431 3147 662 3229 consideratis,
694 3170 866 3212 censemus
898 3157 1019 3212 statum
1044 3157 1248 3238 rerum-{tatu⁸
1266 3168 1335 3238 aaa

33 3267 146 3330 quum
173 3243 365 3309 Alexander
395 3245 429 3308 Il
462 3243 646 3330 eligeretur,
683 3245 843 3332 ejusmodi
875 3245 987 3310 fuisso.
1034 3246 1165 3310 Mortuo
1187 3228 1333 3270 ¹³⁰¹⁰⁰‘¹⁰¹⁰'

31 3343 183 3409 Nicolao
206 3342 241 3406 Π
278 3364 399 3426 magna
431 3344 566 3426 agitatio
600 3344 785 3407 animorum
815 3345 925 3408 statim
961 3355 1075 3408 exorta
1108 3354 1166 3410 est.

32 3445 195 3507 Maxima
218 3463 295 3527 pars
318 3463 502 3527 procerum,
527 3439 708 3505 Guibcrtus
735 3441 951 3506 cancellarius
975 3443 1166 3528 imperialis,

30 3541 193 3626 episcopi
223 3537 447 3622 Longohardi,
478 3549 510 3601 et
541 3539 675 3625 quidam
709 3540 817 3604 clerici
844 3540 983 3604 Romani
1015 3540 1165 3625 laxiores,

29 3639 223 3702 factionem
240 3637 455 3700 efformavere
470 3647 648 3721 potentem,
662 3648 761 3724 atque
776 3638 820 3702 ad
834 3636 945 3702 aulam
962 3637 1167 3722 imperialem

28 3760 113 3802 suos
143 3735 270 3818 legatos
304 3735 480 3812 miserunt,
519 3745 554 3798 ut
578 3735 765 3800 obtinerent
790 3737 987 3801 Pontificem
1012 3737 1093 3822 ipsis
1116 3759 1167 3800 ac-

28 3845 192 3921 ceptum.
216 3832 331 3897 Altera
347 3855 433 3918 pars,
458 3832 718 3916 Hildebrandus,
736 3833 940 3914 Cardinales,
966 3845 998 3898 et
1014 3856 1090 3919 pars
1106 3835 1167 3900 fer·

26 3933 116 3998 vida
147 3931 238 4009 cleri,
266 3929 364 3994 facile
389 3941 637 4015 perspexerunt,
663 3955 697 3996 se
721 3943 837 3997 eontra
861 3933 951 3997 illam
976 3933 1166 4014 factionem,

111 4141 136 4206 ¹)
161 4135 193 4190 Id
211 4135 331 4190 ostendit
349 4134 479 4202 imprimis
493 4135 668 4189 Giesebrecht
687 4136 714 4189 in
728 4137 800 4190 notis
821 4137 853 4189 ad
869 4137 986 4190 Annales
997 4136 1167 4200 Altahenses,

24 4241 51 4288 p,
77 4221 148 4282 154,
172 4225 236 4270 uoto
254 4217 279 4278 2,
300 4215 429 4276 (Berolini
451 4216 539 4279 testi,
559 4216 668 4284 ejusque
686 4217 839 4270 sententiae
858 4217 1046 4270 assentiuntur
1061 4217 1167 4270 Watte-

22 4303 85 4356 rich
110 4301 136 4354 1.
164 4299 224 4362 als,
249 4295 461 4363 Hergenrttheu
481 4295 515 4350 K.
536 4297 568 4351 G.
588 4295 610 4350 1.
630 4297 655 4352 S.
676 4297 738 4352 623.
