2932 4836
296 481 398 538 Causae
416 481 513 550 quibus
531 481 646 538 schisma
663 489 861 550 praeparatum
1084 479 1138 534 386

46 627 136 694 adecti
157 637 240 692 sunt
286 625 396 710 Aegre
419 624 578 706 tulerunt,
603 625 692 712 quod
715 625 892 689 auctoritas
914 623 1137 688 Romanorum

47 721 218 786 Pontificum
235 733 326 788 tanto
343 725 458 808 vigore
472 735 505 788 et
520 723 694 809 splendore
709 745 744 787 ss
760 721 995 786 manifestaret.
1026 720 1138 801 Quum

45 819 166 905 deipsis
188 819 341 886 exarchis
363 819 480 886 Italiae
503 823 634 908 saepius
657 821 798 886 Romani
825 818 1003 884 Pontifices
1026 821 1137 884 trium-

44 917 109 1001 phos
137 918 309 999 referrent,
341 941 381 982 ec
405 918 539 984 demum
568 919 730 982 exstincto
763 917 911 982 dominio
935 915 1138 982 Graecorum

44 1015 186 1098 initalia,
210 1015 415 1082 stabiliretur
437 1018 643 1101 principatus
667 1015 775 1080 civilis
799 1013 895 1080 Sedis
917 1014 1137 1100 Apostolicas,

43 1114 146 1198 majora
175 1115 254 1180 odia
286 1113 407 1180 Gracci
447 1125 687 1200 conceperunt,
722 1115 876 1200 quamvis
908 1133 1024 1178 revera
1055 1114 1139 1179 nihil
1244 1155 1247 1162 ·

40 1211 236 1278 Pontificibus
259 1211 460 1299 exprobrare
490 1222 639 1310 possent,
671 1211 730 1276 sed
753 1210 883 1296 culpa
874 1213 955 1296 ipsis
978 1223 1064 1276 essct
1085 1215 1138 1276 tri-

41 1307 223 1374 b-uenda
251 1311 421 1375 Postremo
445 1331 548 1396 quum
563 1300 752 1396 Imperium
777 1307 981 1374 occidentale
1004 1307 1259 1376 auctoretertte
1268 1307 1310 1348 ⁸⁰·

39 1407 131 1472 leone
146 1409 196 1474 111
220 1408 416 1474 Pontifice'
408 1431 441 1474 m
460 1407 577 1473 Oarolo
592 1409 714 1492 Magno
737 1415 985 1490 restauraretur,
1010 1429 1139 1473 summa
1163 1429 1239 1472 1111
1238 1381 1293 1472 ii..

39 1504 247 1590 indignatione
268 1517 300 1571 et
314 1508 363 1570 ira
380 1505 565 1573 Orientalss
581 1506 736 1571 commoti
751 1517 837 1570 sunt.
875 1505 1069 1571 Necessaria
1083 1505 1138 1571 illa

39 1603 142 1668 Romae
171 1604 326 1670 liberatio
359 1629 380 1668 a
412 1604 558 1670 dominio
591 1603 755 1690 imperiali
786 1603 950 1684 Orientis,
985 1605 1058 1668 visa
1090 1613 1139 1667 est

39 1701 159 1766 t'Ptanis
182 1702 320 1768 rebellio
342 1704 460 1788 impia3
487 1703 675 1767 constitutio
695 1700 831 1787 Imperii
851 1699 1065 1766 occidentalis
1084 1700 1137 1764 ha·

37 1799 91 1862 bita
112 1813 160 1864 est
181 1811 220 1868 ut
244 1801 414 1886 usurpatio
435 1821 599 1885 perversa.
637 1799 908 1864 Dominationem
927 1797 1140 1862 ,barbarorum

37 1897 61 1959 in
84 1896 263 1962 Occidente
286 1907 323 1964 ut
346 1897 543 1963 horrendam
568 1896 823 1961 considerabant
847 1895 1137 1978 abominationem,

35 2009 60 2056 et
76 1995 212 2062 barbara
237 1997 337 2060 etiam
362 1997 549 2080 ignorantia
569 2017 684 2059 omnes
708 1994 755 2059 ibi
777 1995 891 2071 teneri,
915 1991 1057 2058 libenter
1075 1995 1138 2058 sibi

35 2093 276 2177 persuadebant,
316 2092 465 2180 adeoque
504 2115 580 2157 eum
615 2103 806 2179 contemptu
845 2113 965 2177 magno
1000 2091 1139 2158 Latinos

34 2188 259 2274 despiciebant.

105 2317 157 2382 22.
193 2315 354 2380 Attamen
388 2315 518 2380 saeculo
551 2335 638 2379 nono
673 2313 800 2379 dissidii
834 2323 867 2378 et
899 2313 1139 2380 discordiarum

34 2415 141 2477 motiva
170 2416 262 2478 inter
291 2413 461 2480 Orientem
498 2423 531 2477 et
560 2411 777 2480 Occidentem
807 2411 917 2476 adhuc
947 2433 1068 2498 magua
1097 2435 1140 2476 ex

33 2521 109 2586 parte
132 2511 282 2576 indolem
306 2512 416 2596 potius
438 2509 607 2596 politicam
638 2531 737 2595 quam
762 2509 1018 2575 ecclesiasticam
1042 2509 1139 2574 habe-

33 2603 107 2670 bant.
154 2609 254 2674 Fidei
287 2631 326 2672 ao
357 2607 526 2673 doctrinae
556 2609 665 2672 unitas
698 2607 845 2671 nondum
870 2629 1029 2672 concussa
1060 2617 1139 2689 erat,

32 2725 80 2767 nec
112 2707 258 2772 Romani
299 2705 471 2770 Pontificis
510 2707 672 2792 primatus
709 2704 875 2790 juridicus
916 2706 1138 2791 impugnatus.

33 2800 152 2868 Photius
175 2805 331 2869 scissioni
354 2803 571 2867 fundamenta
585 2804 732 2866 firmiora
751 2803 877 2886 stravit,
902 2803 1139 2868 extensionem·

32 2923 82 2983 que
104 2903 266 2988 majorem
291 2903 516 2986 praeparavit,
542 2901 621 2964 dum
646 2901 801 2984 dogmata
824 2899 922 2964 simul
945 2901 1139 2964 Latinorum

32 3012 56 3059 et
75 3001 214 3066 Romani
234 2999 405 3064 Pontificis
428 3001 606 3084 primatum
630 3020 729 3062 ausus
753 3009 802 3061 est
824 2999 1017 3082 impugnare
1041 3006 1139 3083 atque

31 3096 161 3179 rejicere.
212 3099 266 3162 De
290 3097 360 3184 ejus
383 3097 494 3182 impiis
516 3099 617 3181 gestis
635 3096 706 3180 jem
731 3098 879 3180 sequitur
901 3105 938 3158 ut
961 3117 1108 3180 agamus.

550 3455 610 3520 11.

169 3571 245 3635 De
267 3570 501 3635 sctsstorte
522 3584 550 3632 a
573 3567 740 3633 Paesto
764 3565 987 3632 eoecttota.

106 3747 159 3812 23.
184 3744 378 3810 Methodius
402 3742 602 3830 patriarcha,
628 3743 683 3828 qui
708 3743 828 3806 11842
853 3739 1137 3827 Constantinopoli
1169 3745 1289 3849 '‘wip‘'

31 3841 57 3906 in
83 3844 193 3910 locum
219 3843 361 3909 loannis
390 3841 596 3927 patriarchae
628 3839 835 3906 iconomachi
865 3841 1035 3904 ordinatus
1060 3851 1139 3918 erat,
1165 3809 1201 3860 ⁹⁸
1233 3819 1255 3849 κ
1286 3837 1290 3849 ’

31 3957 138 4006 runa
170 3964 251 4006 cum
275 3940 448 4006 Theodora
471 3939 684 4024 Imperatrice
715 3937 840 4002 cultum
870 3959 1037 4002 sacrarum
1062 3939 1139 4002 ima-

30 4041 131 4120 ginum
156 4043 357 4120 restituerat,
381 4036 554 4102 ecclesiam
570 4035 660 4101 illam
675 4035 760 4100 bene
776 4035 1022 4100 administravit
1036 4058 1139 4121 usquc

30 4137 64 4200 nd
87 4153 244 4218 mortem,
270 4159 335 4223 qua
353 4137 424 4222 jam
448 4158 477 4199 a.
504 4135 568 4199 846
596 4133 639 4198 ad
663 4133 798 4197 meliore
821 4143 959 4198 vocatus
982 4142 1039 4198 est.
1087 4132 1140 4198 Ob

31 4236 227 4302 vindicatam
250 4233 479 4299 orthodoxiam
503 4257 541 4297 ac
566 4255 641 4297 suas
665 4233 802 4295 virtutes
824 4252 944 4316 magno
967 4229 1141 4296 inhonore
