<?xml version="1.0" encoding="UTF-8"?>
<!DOCTYPE html PUBLIC "-//W3C//DTD XHTML 1.0 Transitional//EN"
    "http://www.w3.org/TR/xhtml1/DTD/xhtml1-transitional.dtd">
<html xmlns="http://www.w3.org/1999/xhtml" xml:lang="en" lang="en">
 <head>
  <title>
</title>
<meta http-equiv="Content-Type" content="text/html;charset=utf-8" />
  <meta name='ocr-system' content='tesseract 3.04.00' />
  <meta name='ocr-capabilities' content='ocr_page ocr_carea ocr_par ocr_line ocrx_word'/>
</head>
<body>
  <div class='ocr_page' id='page_1' title='image "./dissertationess01junggoog_0622.png"; bbox 0 0 2922 4832; ppageno 0'>
   <div class='ocr_carea' id='block_1_1' title="bbox 484 458 1160 528">
    <p class='ocr_par' dir='ltr' id='par_1_1' title="bbox 484 458 1160 528">
     <span class='ocr_line' id='line_1_1' title="bbox 484 458 1160 528; baseline 0.003 -12"><span class='ocrx_word' id='word_1_1' title='bbox 484 458 595 528; x_wconf 70' lang='lat' dir='ltr'><strong>Imperii</strong></span> <span class='ocrx_word' id='word_1_2' title='bbox 613 458 725 516; x_wconf 76' lang='lat' dir='ltr'><strong>indoles.</strong></span> <span class='ocrx_word' id='word_1_3' title='bbox 1115 464 1160 520; x_wconf 79' lang='lat' dir='ltr'><strong>ter</strong></span> 
     </span>
    </p>
   </div>
   <div class='ocr_carea' id='block_1_2' title="bbox 54 601 1329 3821">
    <p class='ocr_par' dir='ltr' id='par_1_2' title="bbox 54 601 1329 3821">
     <span class='ocr_line' id='line_1_2' title="bbox 59 601 1166 672; baseline 0.003 -2"><span class='ocrx_word' id='word_1_4' title='bbox 59 603 307 672; x_wconf 78' lang='lat' dir='ltr'><strong>dominationem</strong></span> <span class='ocrx_word' id='word_1_5' title='bbox 323 606 358 669; x_wconf 89' lang='lat' dir='ltr'><strong>in</strong></span> <span class='ocrx_word' id='word_1_6' title='bbox 372 602 558 668; x_wconf 77' lang='lat' dir='ltr'><strong>Ecclesiam</strong></span> <span class='ocrx_word' id='word_1_7' title='bbox 574 611 706 668; x_wconf 86' lang='lat' dir='ltr'><strong>secutus</strong></span> <span class='ocrx_word' id='word_1_8' title='bbox 715 611 809 668; x_wconf 86' lang='lat' dir='ltr'><strong>esset.</strong></span> <span class='ocrx_word' id='word_1_9' title='bbox 834 601 1010 670; x_wconf 85' lang='lat' dir='ltr'><strong>Caeterum</strong></span> <span class='ocrx_word' id='word_1_10' title='bbox 1022 605 1100 672; x_wconf 88' lang='lat' dir='ltr'><strong>Otto</strong></span> <span class='ocrx_word' id='word_1_11' title='bbox 1114 606 1166 672; x_wconf 83' lang='lat'><strong>111</strong></span> 
     </span>
     <span class='ocr_line' id='line_1_3' title="bbox 60 699 1329 788; baseline 0 -20"><span class='ocrx_word' id='word_1_12' title='bbox 60 703 197 788; x_wconf 83' lang='lat' dir='ltr'><strong>religioni</strong></span> <span class='ocrx_word' id='word_1_13' title='bbox 220 724 261 767; x_wconf 88' lang='lat' dir='ltr'><strong>ac</strong></span> <span class='ocrx_word' id='word_1_14' title='bbox 284 702 400 788; x_wconf 86' lang='lat' dir='ltr'><strong>pietati</strong></span> <span class='ocrx_word' id='word_1_15' title='bbox 424 699 605 766; x_wconf 82' lang='lat' dir='ltr'><strong>admodum</strong></span> <span class='ocrx_word' id='word_1_16' title='bbox 628 699 782 765; x_wconf 87' lang='lat' dir='ltr'><strong>addictus</strong></span> <span class='ocrx_word' id='word_1_17' title='bbox 805 709 885 784; x_wconf 90' lang='lat' dir='ltr'><strong>erat,</strong></span> <span class='ocrx_word' id='word_1_18' title='bbox 909 703 955 768; x_wconf 85' lang='lat' dir='ltr'><strong>ita</strong></span> <span class='ocrx_word' id='word_1_19' title='bbox 979 705 1073 768; x_wconf 92' lang='lat' dir='ltr'><strong>utin</strong></span> <span class='ocrx_word' id='word_1_20' title='bbox 1097 706 1167 769; x_wconf 87' lang='lat' dir='ltr'><strong>vita</strong></span> <span class='ocrx_word' id='word_1_21' title='bbox 1184 715 1235 768; x_wconf 70' lang='lat' dir='ltr'><strong>ris·</strong></span> <span class='ocrx_word' id='word_1_22' title='bbox 1250 715 1329 768; x_wconf 59' lang='lat' dir='ltr'><strong>rm</strong></span> 
     </span>
     <span class='ocr_line' id='line_1_4' title="bbox 58 799 1167 888; baseline 0.003 -23"><span class='ocrx_word' id='word_1_23' title='bbox 58 801 122 887; x_wconf 83' lang='lat' dir='ltr'><strong>ejus</strong></span> <span class='ocrx_word' id='word_1_24' title='bbox 149 802 280 888; x_wconf 89' lang='lat' dir='ltr'><strong>privata</strong></span> <span class='ocrx_word' id='word_1_25' title='bbox 309 799 611 886; x_wconf 81' lang='lat' dir='ltr'><strong>peregrinationum</strong></span> <span class='ocrx_word' id='word_1_26' title='bbox 643 820 683 862; x_wconf 91' lang='lat' dir='ltr'><strong>ac</strong></span> <span class='ocrx_word' id='word_1_27' title='bbox 706 799 929 884; x_wconf 88' lang='lat' dir='ltr'><strong>poenitentiae</strong></span> <span class='ocrx_word' id='word_1_28' title='bbox 958 801 1047 868; x_wconf 84' lang='lat' dir='ltr'><strong>iacta</strong></span> <span class='ocrx_word' id='word_1_29' title='bbox 1070 823 1167 888; x_wconf 86' lang='lat' dir='ltr'><strong>quee-</strong></span> 
     </span>
     <span class='ocr_line' id='line_1_5' title="bbox 58 895 1169 984; baseline 0.002 -22"><span class='ocrx_word' id='word_1_30' title='bbox 58 898 128 962; x_wconf 89' lang='lat' dir='ltr'><strong>dam</strong></span> <span class='ocrx_word' id='word_1_31' title='bbox 142 900 225 964; x_wconf 72' lang='lat' dir='ltr'><strong>mma</strong></span> <span class='ocrx_word' id='word_1_32' title='bbox 241 907 425 962; x_wconf 89' lang='lat' dir='ltr'><strong>occurrant.</strong></span> <span class='ocrx_word' id='word_1_33' title='bbox 449 895 526 962; x_wconf 90' lang='lat' dir='ltr'><strong>Huc</strong></span> <span class='ocrx_word' id='word_1_34' title='bbox 542 897 643 961; x_wconf 89' lang='lat' dir='ltr'><strong>etiam</strong></span> <span class='ocrx_word' id='word_1_35' title='bbox 657 897 800 981; x_wconf 87' lang='lat' dir='ltr'><strong>pertinet</strong></span> <span class='ocrx_word' id='word_1_36' title='bbox 812 895 990 980; x_wconf 76' lang='lat' dir='ltr'><strong>tendentia,</strong></span> <span class='ocrx_word' id='word_1_37' title='bbox 1006 921 1093 984; x_wconf 86' lang='lat' dir='ltr'><strong>quae</strong></span> <span class='ocrx_word' id='word_1_38' title='bbox 1107 899 1169 964; x_wconf 81' lang='lat' dir='ltr'><strong>fer-</strong></span> 
     </span>
     <span class='ocr_line' id='line_1_6' title="bbox 57 992 1169 1080; baseline 0.004 -22"><span class='ocrx_word' id='word_1_39' title='bbox 57 1007 114 1078; x_wconf 81' lang='lat' dir='ltr'><strong>tur,</strong></span> <span class='ocrx_word' id='word_1_40' title='bbox 136 1006 172 1061; x_wconf 97' lang='grc' dir='ltr'><strong>ιιι</strong></span> <span class='ocrx_word' id='word_1_41' title='bbox 194 997 284 1060; x_wconf 86' lang='lat' dir='ltr'><strong>vitae</strong></span> <span class='ocrx_word' id='word_1_42' title='bbox 307 997 509 1060; x_wconf 81' lang='lat' dir='ltr'><strong>monasticae</strong></span> <span class='ocrx_word' id='word_1_43' title='bbox 529 1016 565 1058; x_wconf 89' lang='lat' dir='ltr'><strong>se</strong></span> <span class='ocrx_word' id='word_1_44' title='bbox 582 992 684 1077; x_wconf 84' lang='lat' dir='ltr'><strong>duret,</strong></span> <span class='ocrx_word' id='word_1_45' title='bbox 707 993 753 1058; x_wconf 90' lang='lat' dir='ltr'><strong>ad</strong></span> <span class='ocrx_word' id='word_1_46' title='bbox 766 993 856 1079; x_wconf 89' lang='lat' dir='ltr'><strong>quod</strong></span> <span class='ocrx_word' id='word_1_47' title='bbox 872 994 961 1060; x_wconf 85' lang='lat' dir='ltr'><strong>vitae</strong></span> <span class='ocrx_word' id='word_1_48' title='bbox 983 1016 1088 1080; x_wconf 80' lang='lat' dir='ltr'><strong>genua</strong></span> <span class='ocrx_word' id='word_1_49' title='bbox 1102 1017 1169 1062; x_wconf 89' lang='lat' dir='ltr'><strong>am-</strong></span> 
     </span>
     <span class='ocr_line' id='line_1_7' title="bbox 60 1090 1169 1180; baseline 0.003 -23"><span class='ocrx_word' id='word_1_50' title='bbox 60 1093 260 1180; x_wconf 87' lang='lat' dir='ltr'><strong>plectendum</strong></span> <span class='ocrx_word' id='word_1_51' title='bbox 273 1116 299 1158; x_wconf 87' lang='lat' dir='ltr'><strong>s.</strong></span> <span class='ocrx_word' id='word_1_52' title='bbox 311 1091 515 1158; x_wconf 88' lang='lat' dir='ltr'><strong>Romualdus</strong></span> <span class='ocrx_word' id='word_1_53' title='bbox 530 1091 739 1156; x_wconf 85' lang='lat' dir='ltr'><strong>cumdicitur</strong></span> <span class='ocrx_word' id='word_1_54' title='bbox 751 1090 898 1157; x_wconf 85' lang='lat' dir='ltr'><strong>hortatus</strong></span> <span class='ocrx_word' id='word_1_55' title='bbox 910 1092 1073 1160; x_wconf 80' lang='lat' dir='ltr'><strong>inissa-</strong></span> <span class='ocrx_word' id='word_1_56' title='bbox 1087 1093 1169 1160; x_wconf 89' lang='lat' dir='ltr'><strong>Obs-</strong></span> 
     </span>
     <span class='ocr_line' id='line_1_8' title="bbox 58 1188 1167 1279; baseline 0 -23"><span class='ocrx_word' id='word_1_57' title='bbox 58 1215 129 1258; x_wconf 86' lang='lat' dir='ltr'><strong>cura</strong></span> <span class='ocrx_word' id='word_1_58' title='bbox 139 1192 303 1278; x_wconf 85' lang='lat' dir='ltr'><strong>quaedam</strong></span> <span class='ocrx_word' id='word_1_59' title='bbox 313 1194 349 1255; x_wconf 92' lang='lat' dir='ltr'><strong>in</strong></span> <span class='ocrx_word' id='word_1_60' title='bbox 360 1192 430 1254; x_wconf 87' lang='lat' dir='ltr'><strong>vita</strong></span> <span class='ocrx_word' id='word_1_61' title='bbox 443 1188 574 1255; x_wconf 89' lang='lat' dir='ltr'><strong>Ottonis</strong></span> <span class='ocrx_word' id='word_1_62' title='bbox 586 1188 638 1254; x_wconf 89' lang='lat'><strong>111</strong></span> <span class='ocrx_word' id='word_1_63' title='bbox 648 1199 830 1272; x_wconf 81' lang='lat' dir='ltr'><strong>remanent,</strong></span> <span class='ocrx_word' id='word_1_64' title='bbox 846 1211 1063 1278; x_wconf 84' lang='lat' dir='ltr'><strong>quemqueen</strong></span> <span class='ocrx_word' id='word_1_65' title='bbox 1075 1214 1167 1279; x_wconf 91' lang='lat' dir='ltr'><strong>prae-</strong></span> 
     </span>
     <span class='ocr_line' id='line_1_9' title="bbox 59 1285 1169 1376; baseline 0.005 -26"><span class='ocrx_word' id='word_1_66' title='bbox 59 1290 159 1354; x_wconf 81' lang='lat' dir='ltr'><strong>valeat</strong></span> <span class='ocrx_word' id='word_1_67' title='bbox 170 1291 345 1370; x_wconf 89' lang='lat' dir='ltr'><strong>sententia,</strong></span> <span class='ocrx_word' id='word_1_68' title='bbox 361 1311 436 1354; x_wconf 89' lang='lat' dir='ltr'><strong>cum</strong></span> <span class='ocrx_word' id='word_1_69' title='bbox 460 1299 531 1354; x_wconf 90' lang='lat' dir='ltr'><strong>tum</strong></span> <span class='ocrx_word' id='word_1_70' title='bbox 548 1289 681 1372; x_wconf 85' lang='lat' dir='ltr'><strong>ingenio</strong></span> <span class='ocrx_word' id='word_1_71' title='bbox 696 1296 766 1352; x_wconf 89' lang='lat' dir='ltr'><strong>tum</strong></span> <span class='ocrx_word' id='word_1_72' title='bbox 783 1286 930 1352; x_wconf 88' lang='lat' dir='ltr'><strong>moribus</strong></span> <span class='ocrx_word' id='word_1_73' title='bbox 952 1285 1054 1354; x_wconf 84' lang='lat' dir='ltr'><strong>fuisse</strong></span> <span class='ocrx_word' id='word_1_74' title='bbox 1070 1288 1169 1376; x_wconf 87' lang='lat' dir='ltr'><strong>plene</strong></span> 
     </span>
     <span class='ocr_line' id='line_1_10' title="bbox 58 1385 1169 1474; baseline 0.001 -23"><span class='ocrx_word' id='word_1_75' title='bbox 58 1389 228 1470; x_wconf 84' lang='lat' dir='ltr'><strong>eximium,</strong></span> <span class='ocrx_word' id='word_1_76' title='bbox 253 1388 299 1451; x_wconf 87' lang='lat' dir='ltr'><strong>ita</strong></span> <span class='ocrx_word' id='word_1_77' title='bbox 322 1397 360 1452; x_wconf 93' lang='grc' dir='ltr'><strong>ιιι</strong></span> <span class='ocrx_word' id='word_1_78' title='bbox 381 1387 492 1452; x_wconf 78' lang='lat' dir='ltr'><strong>muudi</strong></span> <span class='ocrx_word' id='word_1_79' title='bbox 509 1385 696 1474; x_wconf 65' lang='lat' dir='ltr'><strong>prodicium</strong></span> <span class='ocrx_word' id='word_1_80' title='bbox 724 1405 782 1450; x_wconf 89' lang='lat' dir='ltr'><strong>suo</strong></span> <span class='ocrx_word' id='word_1_81' title='bbox 807 1393 953 1472; x_wconf 86' lang='lat' dir='ltr'><strong>tempore</strong></span> <span class='ocrx_word' id='word_1_82' title='bbox 981 1385 1169 1464; x_wconf 81' lang='lat' dir='ltr'><strong>haberetur,</strong></span> 
     </span>
     <span class='ocr_line' id='line_1_11' title="bbox 57 1482 1171 1571; baseline 0.002 -21"><span class='ocrx_word' id='word_1_83' title='bbox 57 1506 306 1552; x_wconf 85' lang='lat' dir='ltr'><strong>commemorare</strong></span> <span class='ocrx_word' id='word_1_84' title='bbox 334 1493 446 1550; x_wconf 88' lang='lat' dir='ltr'><strong>tamen</strong></span> <span class='ocrx_word' id='word_1_85' title='bbox 470 1485 635 1566; x_wconf 90' lang='lat' dir='ltr'><strong>convenit,</strong></span> <span class='ocrx_word' id='word_1_86' title='bbox 667 1482 793 1548; x_wconf 89' lang='lat' dir='ltr'><strong>indicia</strong></span> <span class='ocrx_word' id='word_1_87' title='bbox 821 1483 965 1550; x_wconf 83' lang='lat' dir='ltr'><strong>inveniri</strong></span> <span class='ocrx_word' id='word_1_88' title='bbox 994 1484 1107 1571; x_wconf 87' lang='lat' dir='ltr'><strong>aliqua</strong></span> <span class='ocrx_word' id='word_1_89' title='bbox 1135 1487 1171 1552; x_wconf 91' lang='lat' dir='ltr'><strong>in</strong></span> 
     </span>
     <span class='ocr_line' id='line_1_12' title="bbox 59 1579 1170 1670; baseline 0.004 -24"><span class='ocrx_word' id='word_1_90' title='bbox 59 1585 245 1670; x_wconf 88' lang='lat' dir='ltr'><strong>supparium</strong></span> <span class='ocrx_word' id='word_1_91' title='bbox 285 1592 459 1648; x_wconf 86' lang='lat' dir='ltr'><strong>auctorum</strong></span> <span class='ocrx_word' id='word_1_92' title='bbox 503 1583 651 1667; x_wconf 86' lang='lat' dir='ltr'><strong>seriptis,</strong></span> <span class='ocrx_word' id='word_1_93' title='bbox 696 1602 739 1644; x_wconf 89' lang='lat' dir='ltr'><strong>ex</strong></span> <span class='ocrx_word' id='word_1_94' title='bbox 777 1579 898 1666; x_wconf 87' lang='lat' dir='ltr'><strong>quibus</strong></span> <span class='ocrx_word' id='word_1_95' title='bbox 934 1581 1037 1669; x_wconf 81' lang='lat' dir='ltr'><strong>aliqui</strong></span> <span class='ocrx_word' id='word_1_96' title='bbox 1076 1583 1170 1650; x_wconf 86' lang='lat' dir='ltr'><strong>colle-</strong></span> 
     </span>
     <span class='ocr_line' id='line_1_13' title="bbox 56 1679 1170 1766; baseline 0.003 -21"><span class='ocrx_word' id='word_1_97' title='bbox 56 1691 183 1766; x_wconf 87' lang='lat' dir='ltr'><strong>gerunt,</strong></span> <span class='ocrx_word' id='word_1_98' title='bbox 216 1679 307 1746; x_wconf 89' lang='lat' dir='ltr'><strong>hand</strong></span> <span class='ocrx_word' id='word_1_99' title='bbox 337 1679 498 1746; x_wconf 85' lang='lat' dir='ltr'><strong>illibatam</strong></span> <span class='ocrx_word' id='word_1_100' title='bbox 530 1689 562 1744; x_wconf 91' lang='lat' dir='ltr'><strong>et</strong></span> <span class='ocrx_word' id='word_1_101' title='bbox 592 1679 815 1744; x_wconf 89' lang='lat' dir='ltr'><strong>continentem</strong></span> <span class='ocrx_word' id='word_1_102' title='bbox 843 1679 945 1744; x_wconf 88' lang='lat' dir='ltr'><strong>fuisse</strong></span> <span class='ocrx_word' id='word_1_103' title='bbox 969 1679 1099 1747; x_wconf 87' lang='lat' dir='ltr'><strong>Ottonis</strong></span> <span class='ocrx_word' id='word_1_104' title='bbox 1123 1683 1170 1748; x_wconf 88' lang='lat' dir='ltr'><strong>vi·</strong></span> 
     </span>
     <span class='ocr_line' id='line_1_14' title="bbox 59 1775 1171 1866; baseline 0.004 -24"><span class='ocrx_word' id='word_1_105' title='bbox 59 1789 128 1862; x_wconf 84' lang='lat' dir='ltr'><strong>tam,</strong></span> <span class='ocrx_word' id='word_1_106' title='bbox 152 1779 252 1844; x_wconf 88' lang='lat' dir='ltr'><strong>etad</strong></span> <span class='ocrx_word' id='word_1_107' title='bbox 286 1779 427 1844; x_wconf 86' lang='lat' dir='ltr'><strong>crimina</strong></span> <span class='ocrx_word' id='word_1_108' title='bbox 454 1775 621 1862; x_wconf 84' lang='lat' dir='ltr'><strong>expianda</strong></span> <span class='ocrx_word' id='word_1_109' title='bbox 647 1797 722 1842; x_wconf 91' lang='lat' dir='ltr'><strong>eum</strong></span> <span class='ocrx_word' id='word_1_110' title='bbox 746 1776 802 1842; x_wconf 93' lang='lat' dir='ltr'><strong>illa</strong></span> <span class='ocrx_word' id='word_1_111' title='bbox 824 1779 1046 1862; x_wconf 87' lang='lat' dir='ltr'><strong>poenitentiae</strong></span> <span class='ocrx_word' id='word_1_112' title='bbox 1070 1801 1171 1866; x_wconf 89' lang='lat' dir='ltr'><strong>opera</strong></span> 
     </span>
     <span class='ocr_line' id='line_1_15' title="bbox 57 1873 1170 1962; baseline 0.001 -21"><span class='ocrx_word' id='word_1_113' title='bbox 57 1879 217 1942; x_wconf 84' lang='lat' dir='ltr'><strong>severiora</strong></span> <span class='ocrx_word' id='word_1_114' title='bbox 240 1877 433 1962; x_wconf 79' lang='lat' dir='ltr'><strong>suscepisse.</strong></span> <span class='ocrx_word' id='word_1_115' title='bbox 465 1874 517 1939; x_wconf 89' lang='lat' dir='ltr'><strong>Ita</strong></span> <span class='ocrx_word' id='word_1_116' title='bbox 540 1897 568 1939; x_wconf 91' lang='lat' dir='ltr'><strong>e.</strong></span> <span class='ocrx_word' id='word_1_117' title='bbox 590 1895 621 1958; x_wconf 84' lang='lat' dir='ltr'><strong>g.</strong></span> <span class='ocrx_word' id='word_1_118' title='bbox 647 1898 667 1938; x_wconf 89' lang='lat' dir='ltr'><strong>a</strong></span> <span class='ocrx_word' id='word_1_119' title='bbox 690 1873 915 1957; x_wconf 86' lang='lat' dir='ltr'><strong>Thietbmero,</strong></span> <span class='ocrx_word' id='word_1_120' title='bbox 944 1876 1024 1942; x_wconf 90' lang='lat' dir='ltr'><strong>dum</strong></span> <span class='ocrx_word' id='word_1_121' title='bbox 1049 1878 1090 1944; x_wconf 89' lang='lat' dir='ltr'><strong>de</strong></span> <span class='ocrx_word' id='word_1_122' title='bbox 1114 1877 1170 1943; x_wconf 91' lang='lat' dir='ltr'><strong>Ot-</strong></span> 
     </span>
     <span class='ocr_line' id='line_1_16' title="bbox 58 1973 1171 2061; baseline 0.003 -23"><span class='ocrx_word' id='word_1_123' title='bbox 58 1979 136 2040; x_wconf 90' lang='lat' dir='ltr'><strong>tonis</strong></span> <span class='ocrx_word' id='word_1_124' title='bbox 158 1977 262 2061; x_wconf 86' lang='lat' dir='ltr'><strong>gestis</strong></span> <span class='ocrx_word' id='word_1_125' title='bbox 283 1973 445 2061; x_wconf 85' lang='lat' dir='ltr'><strong>loquitur,</strong></span> <span class='ocrx_word' id='word_1_126' title='bbox 475 1975 545 2059; x_wconf 91' lang='lat' dir='ltr'><strong>ipse</strong></span> <span class='ocrx_word' id='word_1_127' title='bbox 576 1973 698 2038; x_wconf 85' lang='lat' dir='ltr'><strong>dicitur</strong></span> <span class='ocrx_word' id='word_1_128' title='bbox 726 1975 934 2038; x_wconf 79' lang='lat' dir='ltr'><strong>conscientiae</strong></span> <span class='ocrx_word' id='word_1_129' title='bbox 961 1986 1077 2040; x_wconf 66' lang='lat' dir='ltr'><strong>nemeto</strong></span> <span class='ocrx_word' id='word_1_130' title='bbox 1099 1975 1171 2061; x_wconf 78' lang='lat' dir='ltr'><strong>plu</strong></span> 
     </span>
     <span class='ocr_line' id='line_1_17' title="bbox 55 2070 1170 2158; baseline 0.001 -22"><span class='ocrx_word' id='word_1_131' title='bbox 55 2075 133 2138; x_wconf 79' lang='grc' dir='ltr'>ιιίιια</span> <span class='ocrx_word' id='word_1_132' title='bbox 154 2073 360 2158; x_wconf 65' lang='lat' dir='ltr'><strong>ingemiscens</strong></span> <span class='ocrx_word' id='word_1_133' title='bbox 382 2072 540 2146; x_wconf 69' lang='lat' dir='ltr'><strong>facinora.</strong></span> <span class='ocrx_word' id='word_1_134' title='bbox 587 2070 698 2158; x_wconf 87' lang='lat' dir='ltr'><strong>Atque</strong></span> <span class='ocrx_word' id='word_1_135' title='bbox 721 2073 749 2134; x_wconf 92' lang='lat' dir='ltr'><strong>si</strong></span> <span class='ocrx_word' id='word_1_136' title='bbox 772 2092 889 2136; x_wconf 84' lang='lat' dir='ltr'><strong>verum</strong></span> <span class='ocrx_word' id='word_1_137' title='bbox 913 2082 977 2154; x_wconf 88' lang='lat' dir='ltr'><strong>est,</strong></span> <span class='ocrx_word' id='word_1_138' title='bbox 1008 2097 1033 2138; x_wconf 92' lang='lat' dir='ltr'><strong>s.</strong></span> <span class='ocrx_word' id='word_1_139' title='bbox 1056 2071 1170 2138; x_wconf 90' lang='lat' dir='ltr'><strong>Nilum</strong></span> 
     </span>
     <span class='ocr_line' id='line_1_18' title="bbox 57 2167 1172 2251; baseline 0 -17"><span class='ocrx_word' id='word_1_140' title='bbox 57 2193 93 2235; x_wconf 90' lang='lat' dir='ltr'><strong>ac</strong></span> <span class='ocrx_word' id='word_1_141' title='bbox 122 2194 146 2238; x_wconf 91' lang='lat' dir='ltr'><strong>s.</strong></span> <span class='ocrx_word' id='word_1_142' title='bbox 177 2169 402 2236; x_wconf 85' lang='lat' dir='ltr'><strong>Romualdum</strong></span> <span class='ocrx_word' id='word_1_143' title='bbox 435 2170 602 2234; x_wconf 87' lang='lat' dir='ltr'><strong>monuisse</strong></span> <span class='ocrx_word' id='word_1_144' title='bbox 625 2168 780 2234; x_wconf 88' lang='lat' dir='ltr'><strong>Ottonem</strong></span> <span class='ocrx_word' id='word_1_145' title='bbox 804 2167 866 2251; x_wconf 86' lang='lat'><strong>111,</strong></span> <span class='ocrx_word' id='word_1_146' title='bbox 898 2191 964 2234; x_wconf 91' lang='lat' dir='ltr'><strong>nou</strong></span> <span class='ocrx_word' id='word_1_147' title='bbox 997 2169 1102 2237; x_wconf 90' lang='lat' dir='ltr'><strong>solum</strong></span> <span class='ocrx_word' id='word_1_148' title='bbox 1134 2181 1172 2235; x_wconf 88' lang='lat' dir='ltr'><strong>ut</strong></span> 
     </span>
     <span class='ocr_line' id='line_1_19' title="bbox 59 2266 1170 2355; baseline 0 -23"><span class='ocrx_word' id='word_1_149' title='bbox 59 2269 211 2355; x_wconf 88' lang='lat' dir='ltr'><strong>majorem</strong></span> <span class='ocrx_word' id='word_1_150' title='bbox 235 2290 314 2332; x_wconf 85' lang='lat' dir='ltr'><strong>snae</strong></span> <span class='ocrx_word' id='word_1_151' title='bbox 336 2270 469 2331; x_wconf 88' lang='lat' dir='ltr'><strong>animae</strong></span> <span class='ocrx_word' id='word_1_152' title='bbox 493 2289 606 2332; x_wconf 88' lang='lat' dir='ltr'><strong>curam</strong></span> <span class='ocrx_word' id='word_1_153' title='bbox 630 2266 777 2350; x_wconf 77' lang='lat' dir='ltr'><strong>haberet,</strong></span> <span class='ocrx_word' id='word_1_154' title='bbox 802 2266 860 2331; x_wconf 93' lang='lat' dir='ltr'><strong>sed</strong></span> <span class='ocrx_word' id='word_1_155' title='bbox 884 2269 984 2334; x_wconf 88' lang='lat' dir='ltr'><strong>etiam</strong></span> <span class='ocrx_word' id='word_1_156' title='bbox 1007 2279 1053 2350; x_wconf 94' lang='lat' dir='ltr'><strong>ut,</strong></span> <span class='ocrx_word' id='word_1_157' title='bbox 1078 2266 1170 2334; x_wconf 88' lang='lat' dir='ltr'><strong>abdi·</strong></span> 
     </span>
     <span class='ocr_line' id='line_1_20' title="bbox 55 2363 1170 2452; baseline 0.001 -22"><span class='ocrx_word' id='word_1_158' title='bbox 55 2369 132 2432; x_wconf 88' lang='lat' dir='ltr'><strong>catis</strong></span> <span class='ocrx_word' id='word_1_159' title='bbox 155 2365 329 2446; x_wconf 91' lang='lat' dir='ltr'><strong>omnibus,</strong></span> <span class='ocrx_word' id='word_1_160' title='bbox 365 2363 487 2430; x_wconf 90' lang='lat' dir='ltr'><strong>mundo</strong></span> <span class='ocrx_word' id='word_1_161' title='bbox 516 2365 731 2446; x_wconf 86' lang='lat' dir='ltr'><strong>renuntiaret,</strong></span> <span class='ocrx_word' id='word_1_162' title='bbox 756 2363 978 2452; x_wconf 88' lang='lat' dir='ltr'><strong>Ottonemque</strong></span> <span class='ocrx_word' id='word_1_163' title='bbox 1001 2365 1035 2429; x_wconf 89' lang='lat' dir='ltr'><strong>id</strong></span> <span class='ocrx_word' id='word_1_164' title='bbox 1059 2388 1084 2432; x_wconf 86' lang='lat' dir='ltr'><strong>e.</strong></span> <span class='ocrx_word' id='word_1_165' title='bbox 1108 2366 1170 2431; x_wconf 88' lang='lat' dir='ltr'><strong>Ro-</strong></span> 
     </span>
     <span class='ocr_line' id='line_1_21' title="bbox 55 2461 1169 2550; baseline 0.001 -24"><span class='ocrx_word' id='word_1_166' title='bbox 55 2464 181 2530; x_wconf 89' lang='lat' dir='ltr'><strong>mualdo</strong></span> <span class='ocrx_word' id='word_1_167' title='bbox 207 2463 416 2550; x_wconf 89' lang='lat' dir='ltr'><strong>promisisse,</strong></span> <span class='ocrx_word' id='word_1_168' title='bbox 449 2463 576 2526; x_wconf 88' lang='lat' dir='ltr'><strong>motiva</strong></span> <span class='ocrx_word' id='word_1_169' title='bbox 607 2461 770 2548; x_wconf 87' lang='lat' dir='ltr'><strong>quaedam</strong></span> <span class='ocrx_word' id='word_1_170' title='bbox 803 2463 978 2527; x_wconf 87' lang='lat' dir='ltr'><strong>secretiora</strong></span> <span class='ocrx_word' id='word_1_171' title='bbox 1012 2462 1169 2544; x_wconf 85' lang='lat' dir='ltr'><strong>adfuisse,</strong></span> 
     </span>
     <span class='ocr_line' id='line_1_22' title="bbox 54 2557 1171 2649; baseline 0.001 -25"><span class='ocrx_word' id='word_1_172' title='bbox 54 2563 139 2628; x_wconf 87' lang='lat' dir='ltr'><strong>credi</strong></span> <span class='ocrx_word' id='word_1_173' title='bbox 163 2570 285 2649; x_wconf 87' lang='lat' dir='ltr'><strong>posset.</strong></span> <span class='ocrx_word' id='word_1_174' title='bbox 331 2561 454 2624; x_wconf 89' lang='lat' dir='ltr'><strong>Parum</strong></span> <span class='ocrx_word' id='word_1_175' title='bbox 485 2559 657 2646; x_wconf 89' lang='lat' dir='ltr'><strong>probabile</strong></span> <span class='ocrx_word' id='word_1_176' title='bbox 689 2561 778 2624; x_wconf 90' lang='lat' dir='ltr'><strong>enim</strong></span> <span class='ocrx_word' id='word_1_177' title='bbox 802 2557 945 2640; x_wconf 86' lang='lat' dir='ltr'><strong>videtur,</strong></span> <span class='ocrx_word' id='word_1_178' title='bbox 969 2582 994 2624; x_wconf 91' lang='lat' dir='ltr'><strong>s.</strong></span> <span class='ocrx_word' id='word_1_179' title='bbox 1018 2559 1171 2625; x_wconf 88' lang='lat' dir='ltr'><strong>Romual-</strong></span> 
     </span>
     <span class='ocr_line' id='line_1_23' title="bbox 56 2655 1171 2742; baseline 0 -20"><span class='ocrx_word' id='word_1_180' title='bbox 56 2657 128 2724; x_wconf 91' lang='lat' dir='ltr'><strong>dum</strong></span> <span class='ocrx_word' id='word_1_181' title='bbox 152 2661 253 2724; x_wconf 90' lang='lat' dir='ltr'><strong>unice</strong></span> <span class='ocrx_word' id='word_1_182' title='bbox 277 2657 318 2724; x_wconf 95' lang='lat' dir='ltr'><strong>ob</strong></span> <span class='ocrx_word' id='word_1_183' title='bbox 343 2659 431 2722; x_wconf 88' lang='lat' dir='ltr'><strong>vitae</strong></span> <span class='ocrx_word' id='word_1_184' title='bbox 456 2659 657 2723; x_wconf 86' lang='lat' dir='ltr'><strong>monasticae</strong></span> <span class='ocrx_word' id='word_1_185' title='bbox 681 2655 912 2722; x_wconf 85' lang='lat' dir='ltr'><strong>excellentiam</strong></span> <span class='ocrx_word' id='word_1_186' title='bbox 934 2657 1104 2742; x_wconf 81' lang='lat' dir='ltr'><strong>institisse,</strong></span> <span class='ocrx_word' id='word_1_187' title='bbox 1134 2667 1171 2722; x_wconf 90' lang='lat' dir='ltr'><strong>ut</strong></span> 
     </span>
     <span class='ocr_line' id='line_1_24' title="bbox 55 2752 1169 2844; baseline -0.002 -24"><span class='ocrx_word' id='word_1_188' title='bbox 55 2755 237 2844; x_wconf 88' lang='lat' dir='ltr'><strong>imperator</strong></span> <span class='ocrx_word' id='word_1_189' title='bbox 259 2755 460 2838; x_wconf 87' lang='lat' dir='ltr'><strong>adolescens,</strong></span> <span class='ocrx_word' id='word_1_190' title='bbox 485 2756 542 2841; x_wconf 91' lang='lat' dir='ltr'><strong>qui</strong></span> <span class='ocrx_word' id='word_1_191' title='bbox 558 2765 651 2819; x_wconf 86' lang='lat' dir='ltr'><strong>tanta</strong></span> <span class='ocrx_word' id='word_1_192' title='bbox 674 2753 846 2820; x_wconf 89' lang='lat' dir='ltr'><strong>molimina</strong></span> <span class='ocrx_word' id='word_1_193' title='bbox 870 2765 978 2820; x_wconf 90' lang='lat' dir='ltr'><strong>mente</strong></span> <span class='ocrx_word' id='word_1_194' title='bbox 1002 2752 1169 2836; x_wconf 85' lang='lat' dir='ltr'><strong>volvebat,</strong></span> 
     </span>
     <span class='ocr_line' id='line_1_25' title="bbox 54 2851 1171 2941; baseline -0.001 -23"><span class='ocrx_word' id='word_1_195' title='bbox 54 2853 192 2941; x_wconf 88' lang='lat' dir='ltr'><strong>Imperio</strong></span> <span class='ocrx_word' id='word_1_196' title='bbox 217 2855 429 2919; x_wconf 88' lang='lat' dir='ltr'><strong>renuntiaret.</strong></span> <span class='ocrx_word' id='word_1_197' title='bbox 477 2851 543 2919; x_wconf 90' lang='lat' dir='ltr'><strong>Sed</strong></span> <span class='ocrx_word' id='word_1_198' title='bbox 572 2851 655 2917; x_wconf 87' lang='lat' dir='ltr'><strong>forte</strong></span> <span class='ocrx_word' id='word_1_199' title='bbox 684 2854 794 2940; x_wconf 91' lang='lat' dir='ltr'><strong>potins</strong></span> <span class='ocrx_word' id='word_1_200' title='bbox 817 2874 902 2939; x_wconf 90' lang='lat' dir='ltr'><strong>qnae</strong></span> <span class='ocrx_word' id='word_1_201' title='bbox 925 2852 989 2918; x_wconf 88' lang='lat' dir='ltr'><strong>hac</strong></span> <span class='ocrx_word' id='word_1_202' title='bbox 1013 2851 1053 2917; x_wconf 91' lang='lat' dir='ltr'><strong>de</strong></span> <span class='ocrx_word' id='word_1_203' title='bbox 1076 2873 1111 2916; x_wconf 91' lang='lat' dir='ltr'><strong>re</strong></span> <span class='ocrx_word' id='word_1_204' title='bbox 1135 2853 1171 2917; x_wconf 92' lang='lat' dir='ltr'><strong>in</strong></span> 
     </span>
     <span class='ocr_line' id='line_1_26' title="bbox 55 2949 1171 3037; baseline 0 -22"><span class='ocrx_word' id='word_1_205' title='bbox 55 2953 143 3018; x_wconf 78' lang='lat' dir='ltr'><strong>Actis</strong></span> <span class='ocrx_word' id='word_1_206' title='bbox 175 2977 201 3019; x_wconf 92' lang='lat' dir='ltr'><strong>s.</strong></span> <span class='ocrx_word' id='word_1_207' title='bbox 235 2949 411 3017; x_wconf 89' lang='lat' dir='ltr'><strong>Romualdi</strong></span> <span class='ocrx_word' id='word_1_208' title='bbox 442 2973 482 3014; x_wconf 89' lang='lat' dir='ltr'><strong>ao</strong></span> <span class='ocrx_word' id='word_1_209' title='bbox 512 2974 537 3016; x_wconf 89' lang='lat' dir='ltr'><strong>s.</strong></span> <span class='ocrx_word' id='word_1_210' title='bbox 570 2951 638 3015; x_wconf 91' lang='lat' dir='ltr'><strong>Nili</strong></span> <span class='ocrx_word' id='word_1_211' title='bbox 661 2951 861 3033; x_wconf 87' lang='lat' dir='ltr'><strong>referuntur,</strong></span> <span class='ocrx_word' id='word_1_212' title='bbox 892 2953 966 3037; x_wconf 92' lang='lat' dir='ltr'><strong>piae</strong></span> <span class='ocrx_word' id='word_1_213' title='bbox 999 2950 1171 3036; x_wconf 85' lang='lat' dir='ltr'><strong>hagiogra-</strong></span> 
     </span>
     <span class='ocr_line' id='line_1_27' title="bbox 55 3046 1169 3137; baseline -0.001 -24"><span class='ocrx_word' id='word_1_214' title='bbox 55 3050 190 3135; x_wconf 91' lang='lat' dir='ltr'><strong>phorum</strong></span> <span class='ocrx_word' id='word_1_215' title='bbox 224 3049 428 3137; x_wconf 88' lang='lat' dir='ltr'><strong>simplicitati</strong></span> <span class='ocrx_word' id='word_1_216' title='bbox 466 3047 520 3114; x_wconf 86' lang='lat' dir='ltr'><strong>vel</strong></span> <span class='ocrx_word' id='word_1_217' title='bbox 556 3049 803 3134; x_wconf 81' lang='lat' dir='ltr'><strong>exaggerationi</strong></span> <span class='ocrx_word' id='word_1_218' title='bbox 839 3059 914 3114; x_wconf 90' lang='lat' dir='ltr'><strong>suut</strong></span> <span class='ocrx_word' id='word_1_219' title='bbox 948 3046 1169 3131; x_wconf 89' lang='lat' dir='ltr'><strong>attribuenda,</strong></span> 
     </span>
     <span class='ocr_line' id='line_1_28' title="bbox 54 3145 1169 3236; baseline 0 -26"><span class='ocrx_word' id='word_1_220' title='bbox 54 3147 128 3213; x_wconf 90' lang='lat' dir='ltr'><strong>dum</strong></span> <span class='ocrx_word' id='word_1_221' title='bbox 162 3147 254 3236; x_wconf 91' lang='lat' dir='ltr'><strong>quod</strong></span> <span class='ocrx_word' id='word_1_222' title='bbox 286 3149 348 3236; x_wconf 90' lang='lat' dir='ltr'><strong>ipsi</strong></span> <span class='ocrx_word' id='word_1_223' title='bbox 381 3147 501 3212; x_wconf 85' lang='lat' dir='ltr'><strong>devota</strong></span> <span class='ocrx_word' id='word_1_224' title='bbox 536 3145 593 3212; x_wconf 90' lang='lat' dir='ltr'><strong>sed</strong></span> <span class='ocrx_word' id='word_1_225' title='bbox 628 3157 765 3233; x_wconf 86' lang='lat' dir='ltr'><strong>angusta</strong></span> <span class='ocrx_word' id='word_1_226' title='bbox 800 3157 909 3211; x_wconf 90' lang='lat' dir='ltr'><strong>mente</strong></span> <span class='ocrx_word' id='word_1_227' title='bbox 941 3157 1169 3233; x_wconf 87' lang='lat' dir='ltr'><strong>conceperant,</strong></span> 
     </span>
     <span class='ocr_line' id='line_1_29' title="bbox 57 3243 1170 3332; baseline 0.004 -26"><span class='ocrx_word' id='word_1_228' title='bbox 57 3245 104 3309; x_wconf 87' lang='lat' dir='ltr'><strong>vel</strong></span> <span class='ocrx_word' id='word_1_229' title='bbox 128 3270 171 3312; x_wconf 87' lang='lat' dir='ltr'><strong>ex</strong></span> <span class='ocrx_word' id='word_1_230' title='bbox 195 3245 385 3311; x_wconf 90' lang='lat' dir='ltr'><strong>rumoribus</strong></span> <span class='ocrx_word' id='word_1_231' title='bbox 408 3243 597 3326; x_wconf 86' lang='lat' dir='ltr'><strong>audierant,</strong></span> <span class='ocrx_word' id='word_1_232' title='bbox 628 3255 787 3332; x_wconf 86' lang='lat' dir='ltr'><strong>tanquam</strong></span> <span class='ocrx_word' id='word_1_233' title='bbox 810 3245 935 3309; x_wconf 85' lang='lat' dir='ltr'><strong>factum</strong></span> <span class='ocrx_word' id='word_1_234' title='bbox 959 3267 1170 3332; x_wconf 90' lang='lat' dir='ltr'><strong>supposuere.</strong></span> 
     </span>
     <span class='ocr_line' id='line_1_30' title="bbox 56 3342 1170 3430; baseline -0.002 -22"><span class='ocrx_word' id='word_1_235' title='bbox 56 3342 134 3424; x_wconf 82' lang='lat' dir='ltr'><strong>Quis</strong></span> <span class='ocrx_word' id='word_1_236' title='bbox 157 3343 282 3428; x_wconf 89' lang='lat' dir='ltr'><strong>credat,</strong></span> <span class='ocrx_word' id='word_1_237' title='bbox 306 3343 462 3409; x_wconf 92' lang='lat' dir='ltr'><strong>Ottonem</strong></span> <span class='ocrx_word' id='word_1_238' title='bbox 486 3345 676 3430; x_wconf 88' lang='lat' dir='ltr'><strong>promisisse</strong></span> <span class='ocrx_word' id='word_1_239' title='bbox 701 3366 726 3411; x_wconf 92' lang='lat' dir='ltr'><strong>s.</strong></span> <span class='ocrx_word' id='word_1_240' title='bbox 751 3342 945 3426; x_wconf 87' lang='lat' dir='ltr'><strong>Romualdo,</strong></span> <span class='ocrx_word' id='word_1_241' title='bbox 971 3365 1004 3408; x_wconf 89' lang='lat' dir='ltr'><strong>se</strong></span> <span class='ocrx_word' id='word_1_242' title='bbox 1028 3366 1107 3407; x_wconf 91' lang='lat' dir='ltr'><strong>mox</strong></span> <span class='ocrx_word' id='word_1_243' title='bbox 1123 3345 1170 3406; x_wconf 89' lang='lat' dir='ltr'><strong>vi·</strong></span> 
     </span>
     <span class='ocr_line' id='line_1_31' title="bbox 54 3439 1170 3528; baseline 0.001 -24"><span class='ocrx_word' id='word_1_244' title='bbox 54 3451 118 3506; x_wconf 83' lang='lat' dir='ltr'><strong>tam</strong></span> <span class='ocrx_word' id='word_1_245' title='bbox 142 3443 361 3507; x_wconf 87' lang='lat' dir='ltr'><strong>monasticam</strong></span> <span class='ocrx_word' id='word_1_246' title='bbox 377 3439 607 3528; x_wconf 85' lang='lat' dir='ltr'><strong>amplexurum</strong></span> <span class='ocrx_word' id='word_1_247' title='bbox 631 3463 711 3524; x_wconf 88' lang='lat' dir='ltr'><strong>esse,</strong></span> <span class='ocrx_word' id='word_1_248' title='bbox 736 3463 837 3527; x_wconf 90' lang='lat' dir='ltr'><strong>quum</strong></span> <span class='ocrx_word' id='word_1_249' title='bbox 863 3462 900 3505; x_wconf 89' lang='lat' dir='ltr'><strong>eo</strong></span> <span class='ocrx_word' id='word_1_250' title='bbox 924 3451 1070 3528; x_wconf 86' lang='lat' dir='ltr'><strong>tempore</strong></span> <span class='ocrx_word' id='word_1_251' title='bbox 1088 3439 1170 3506; x_wconf 83' lang='lat' dir='ltr'><strong>Con·</strong></span> 
     </span>
     <span class='ocr_line' id='line_1_32' title="bbox 55 3537 1170 3626; baseline 0.002 -25"><span class='ocrx_word' id='word_1_252' title='bbox 55 3537 300 3626; x_wconf 88' lang='lat' dir='ltr'><strong>stantinopolim</strong></span> <span class='ocrx_word' id='word_1_253' title='bbox 324 3541 468 3604; x_wconf 90' lang='lat' dir='ltr'><strong>mitteret</strong></span> <span class='ocrx_word' id='word_1_254' title='bbox 489 3538 614 3625; x_wconf 86' lang='lat' dir='ltr'><strong>legatos</strong></span> <span class='ocrx_word' id='word_1_255' title='bbox 637 3539 694 3626; x_wconf 89' lang='lat' dir='ltr'><strong>qui</strong></span> <span class='ocrx_word' id='word_1_256' title='bbox 718 3539 781 3624; x_wconf 85' lang='lat' dir='ltr'><strong>ipsi</strong></span> <span class='ocrx_word' id='word_1_257' title='bbox 802 3559 939 3603; x_wconf 85' lang='lat' dir='ltr'><strong>uxorem</strong></span> <span class='ocrx_word' id='word_1_258' title='bbox 955 3538 1170 3604; x_wconf 87' lang='lat' dir='ltr'><strong>adducerent.</strong></span> 
     </span>
     <span class='ocr_line' id='line_1_33' title="bbox 55 3634 1169 3724; baseline 0.001 -25"><span class='ocrx_word' id='word_1_259' title='bbox 55 3634 179 3722; x_wconf 82' lang='lat' dir='ltr'><strong>Sponsa</strong></span> <span class='ocrx_word' id='word_1_260' title='bbox 203 3638 304 3702; x_wconf 85' lang='lat' dir='ltr'><strong>Anna</strong></span> <span class='ocrx_word' id='word_1_261' title='bbox 326 3636 379 3701; x_wconf 86' lang='lat' dir='ltr'><strong>vel</strong></span> <span class='ocrx_word' id='word_1_262' title='bbox 404 3635 532 3702; x_wconf 88' lang='lat' dir='ltr'><strong>Helena</strong></span> <span class='ocrx_word' id='word_1_263' title='bbox 556 3659 671 3700; x_wconf 88' lang='lat' dir='ltr'><strong>revera</strong></span> <span class='ocrx_word' id='word_1_264' title='bbox 691 3635 822 3700; x_wconf 88' lang='lat' dir='ltr'><strong>Italiam</strong></span> <span class='ocrx_word' id='word_1_265' title='bbox 846 3634 983 3722; x_wconf 87' lang='lat' dir='ltr'><strong>appulit,</strong></span> <span class='ocrx_word' id='word_1_266' title='bbox 1009 3658 1073 3724; x_wconf 90' lang='lat' dir='ltr'><strong>quo</strong></span> <span class='ocrx_word' id='word_1_267' title='bbox 1089 3646 1169 3701; x_wconf 91' lang='lat' dir='ltr'><strong>tem·</strong></span> 
     </span>
     <span class='ocr_line' id='line_1_34' title="bbox 55 3735 885 3821; baseline 0 -23"><span class='ocrx_word' id='word_1_268' title='bbox 55 3755 129 3818; x_wconf 90' lang='lat' dir='ltr'><strong>pore</strong></span> <span class='ocrx_word' id='word_1_269' title='bbox 153 3735 232 3802; x_wconf 87' lang='lat' dir='ltr'><strong>Otto</strong></span> <span class='ocrx_word' id='word_1_270' title='bbox 256 3735 307 3800; x_wconf 91' lang='lat' dir='ltr'><strong>III</strong></span> <span class='ocrx_word' id='word_1_271' title='bbox 331 3745 541 3821; x_wconf 88' lang='lat' dir='ltr'><strong>praematura</strong></span> <span class='ocrx_word' id='word_1_272' title='bbox 564 3745 667 3799; x_wconf 92' lang='lat' dir='ltr'><strong>morte</strong></span> <span class='ocrx_word' id='word_1_273' title='bbox 691 3744 804 3820; x_wconf 89' lang='lat' dir='ltr'><strong>raptus</strong></span> <span class='ocrx_word' id='word_1_274' title='bbox 827 3743 885 3798; x_wconf 91' lang='lat' dir='ltr'><strong>est.</strong></span> 
     </span>
    </p>
   </div>
   <div class='ocr_carea' id='block_1_3' title="bbox 53 3839 1331 4318">
    <p class='ocr_par' dir='ltr' id='par_1_3' title="bbox 53 3839 1331 4318">
     <span class='ocr_line' id='line_1_35' title="bbox 138 3839 1331 3928; baseline -0.011 -20"><span class='ocrx_word' id='word_1_275' title='bbox 138 3843 193 3908; x_wconf 79' lang='lat'><strong>54.</strong></span> <span class='ocrx_word' id='word_1_276' title='bbox 228 3841 371 3908; x_wconf 83' lang='lat' dir='ltr'><strong>Juvabit</strong></span> <span class='ocrx_word' id='word_1_277' title='bbox 393 3851 504 3906; x_wconf 86' lang='lat' dir='ltr'><strong>autem</strong></span> <span class='ocrx_word' id='word_1_278' title='bbox 529 3863 568 3906; x_wconf 90' lang='lat' dir='ltr'><strong>ea</strong></span> <span class='ocrx_word' id='word_1_279' title='bbox 592 3842 693 3906; x_wconf 87' lang='lat' dir='ltr'><strong>citare</strong></span> <span class='ocrx_word' id='word_1_280' title='bbox 717 3863 802 3927; x_wconf 90' lang='lat' dir='ltr'><strong>quae</strong></span> <span class='ocrx_word' id='word_1_281' title='bbox 826 3839 1036 3906; x_wconf 88' lang='lat' dir='ltr'><strong>Thietmarus</strong></span> <span class='ocrx_word' id='word_1_282' title='bbox 1060 3839 1100 3903; x_wconf 90' lang='lat' dir='ltr'><strong>de</strong></span> <span class='ocrx_word' id='word_1_283' title='bbox 1123 3839 1171 3904; x_wconf 91' lang='lat' dir='ltr'><strong>ul·</strong></span> <span class='ocrx_word' id='word_1_284' title='bbox 1195 3855 1283 3928; x_wconf 65' lang='grc' dir='ltr'>οιιιιιι</span> <span class='ocrx_word' id='word_1_285' title='bbox 1298 3855 1331 3896; x_wconf 89' lang='grc' dir='ltr'><strong>ιιι</strong></span> 
     </span>
     <span class='ocr_line' id='line_1_36' title="bbox 53 3916 1298 4026; baseline 0 -24"><span class='ocrx_word' id='word_1_286' title='bbox 53 3940 129 4004; x_wconf 89' lang='lat' dir='ltr'><strong>timo</strong></span> <span class='ocrx_word' id='word_1_287' title='bbox 154 3951 302 4026; x_wconf 89' lang='lat' dir='ltr'><strong>tempore</strong></span> <span class='ocrx_word' id='word_1_288' title='bbox 326 3940 416 4004; x_wconf 89' lang='lat' dir='ltr'><strong>vitae</strong></span> <span class='ocrx_word' id='word_1_289' title='bbox 432 3938 564 4004; x_wconf 89' lang='lat' dir='ltr'><strong>Ottonis</strong></span> <span class='ocrx_word' id='word_1_290' title='bbox 588 3939 724 4025; x_wconf 89' lang='lat' dir='ltr'><strong>ejusque</strong></span> <span class='ocrx_word' id='word_1_291' title='bbox 748 3948 852 4004; x_wconf 90' lang='lat' dir='ltr'><strong>morte</strong></span> <span class='ocrx_word' id='word_1_292' title='bbox 876 3937 1007 4021; x_wconf 82' lang='lat' dir='ltr'><strong>scribit3</strong></span> <span class='ocrx_word' id='word_1_293' title='bbox 1032 3959 1170 4023; x_wconf 82' lang='lat' dir='ltr'><strong>magnas</strong></span> <span class='ocrx_word' id='word_1_294' title='bbox 1217 3916 1298 3958; x_wconf 54' lang='grc' dir='ltr'><strong>Μ’·</strong></span> 
     </span>
     <span class='ocr_line' id='line_1_37' title="bbox 54 4036 1169 4124; baseline -0.001 -24"><span class='ocrx_word' id='word_1_295' title='bbox 54 4037 264 4104; x_wconf 79' lang='lat' dir='ltr'><strong>difficultates</strong></span> <span class='ocrx_word' id='word_1_296' title='bbox 288 4037 482 4124; x_wconf 86' lang='lat' dir='ltr'><strong>Imperatori</strong></span> <span class='ocrx_word' id='word_1_297' title='bbox 505 4037 607 4100; x_wconf 89' lang='lat' dir='ltr'><strong>fnisse</strong></span> <span class='ocrx_word' id='word_1_298' title='bbox 630 4059 673 4101; x_wconf 85' lang='lat' dir='ltr'><strong>ex</strong></span> <span class='ocrx_word' id='word_1_299' title='bbox 701 4037 742 4100; x_wconf 87' lang='lat' dir='ltr'><strong>iis</strong></span> <span class='ocrx_word' id='word_1_300' title='bbox 772 4038 907 4103; x_wconf 87' lang='lat' dir='ltr'><strong>eruitur.</strong></span> <span class='ocrx_word' id='word_1_301' title='bbox 956 4036 1169 4122; x_wconf 83' lang='lat' dir='ltr'><strong>,Imperator,</strong></span> 
     </span>
     <span class='ocr_line' id='line_1_38' title="bbox 55 4132 1171 4225; baseline -0.002 -27"><span class='ocrx_word' id='word_1_302' title='bbox 55 4138 107 4218; x_wconf 84' lang='lat' dir='ltr'><strong>ait,</strong></span> <span class='ocrx_word' id='word_1_303' title='bbox 132 4138 286 4225; x_wconf 87' lang='lat' dir='ltr'><strong>quamvis</strong></span> <span class='ocrx_word' id='word_1_304' title='bbox 309 4136 454 4200; x_wconf 84' lang='lat' dir='ltr'><strong>exterius</strong></span> <span class='ocrx_word' id='word_1_305' title='bbox 477 4132 572 4198; x_wconf 88' lang='lat' dir='ltr'><strong>vultu</strong></span> <span class='ocrx_word' id='word_1_306' title='bbox 596 4155 725 4220; x_wconf 90' lang='lat' dir='ltr'><strong>semper</strong></span> <span class='ocrx_word' id='word_1_307' title='bbox 742 4133 840 4198; x_wconf 89' lang='lat' dir='ltr'><strong>hilari</strong></span> <span class='ocrx_word' id='word_1_308' title='bbox 865 4156 899 4198; x_wconf 89' lang='lat' dir='ltr'><strong>ee</strong></span> <span class='ocrx_word' id='word_1_309' title='bbox 923 4132 1101 4214; x_wconf 84' lang='lat' dir='ltr'><strong>simularet,</strong></span> <span class='ocrx_word' id='word_1_310' title='bbox 1125 4141 1171 4196; x_wconf 86' lang='lat' dir='ltr'><strong>ta·</strong></span> 
     </span>
     <span class='ocr_line' id='line_1_39' title="bbox 57 4231 1169 4318; baseline -0.003 -22"><span class='ocrx_word' id='word_1_311' title='bbox 57 4253 127 4300; x_wconf 89' lang='lat' dir='ltr'><strong>men</strong></span> <span class='ocrx_word' id='word_1_312' title='bbox 165 4235 387 4300; x_wconf 86' lang='lat' dir='ltr'><strong>conscientiae</strong></span> <span class='ocrx_word' id='word_1_313' title='bbox 421 4242 546 4298; x_wconf 88' lang='lat' dir='ltr'><strong>secreto</strong></span> <span class='ocrx_word' id='word_1_314' title='bbox 585 4231 726 4318; x_wconf 88' lang='lat' dir='ltr'><strong>plurima</strong></span> <span class='ocrx_word' id='word_1_315' title='bbox 761 4233 980 4316; x_wconf 87' lang='lat' dir='ltr'><strong>ingemiscens</strong></span> <span class='ocrx_word' id='word_1_316' title='bbox 1011 4231 1169 4312; x_wconf 88' lang='lat' dir='ltr'><strong>facinora,</strong></span> 
     </span>
    </p>
   </div>
   <div class='ocr_carea' id='block_1_4' title="bbox 0 0 1466 4832">
    <p class='ocr_par' dir='ltr' id='par_1_4' title="bbox 0 0 1466 4832">
     <span class='ocr_line' id='line_1_40' title="bbox 0 0 1466 4832; baseline 0 1"><span class='ocrx_word' id='word_1_317' title='bbox 0 0 1466 4832; x_wconf 95' lang='lat' dir='ltr'><strong> </strong></span> 
     </span>
    </p>
   </div>
  </div>
 </body>
</html>
