2898 4836
347 531 537 588 Controversia
555 533 588 586 de
606 531 857 586 reordinationibus.
1113 535 1161 586 111

60 675 278 741 Vehementius
311 676 410 740 etiam
434 674 474 738 lis
502 673 563 738 sub
587 673 701 759 Sergio
726 675 778 740 III
801 676 940 755 exarsit,
973 685 1071 760 atque
1095 673 1162 740 Au-

58 772 143 837 xilius
163 773 338 859 presbyter
367 782 448 837 tunc
471 793 530 858 pro
564 772 753 838 defensione
786 773 1031 839 ordinationum
1056 772 1161 858 Sergii

58 873 171 956 scripsit
194 873 304 936 varios
327 869 438 953 libros,
463 891 563 956 quum
593 893 614 934 a
636 870 749 934 Leone
771 869 900 935 Nolano
923 871 1077 957 episcopo
1100 870 1163 935 bac

57 969 84 1032 in
105 992 135 1032 re
158 968 327 1034 consultus
343 978 438 1033 esset.
485 969 589 1032 Missa
612 968 778 1054 lcpcticrrs,
801 966 917 1032 scribit
939 967 982 1032 ad
1005 968 1163 1041 Leonem,

58 1068 158 1130 cerm
180 1078 208 1130 te
232 1067 388 1131 violentas
406 1067 482 1152 pati
505 1066 733 1152 oppressiones,
761 1075 797 1129 at
819 1065 997 1152 episcopale
1021 1065 1163 1130 sacerdo-

56 1165 129 1242 tium,
151 1164 234 1250 proed
258 1163 333 1228 olim
362 1187 383 1226 a
407 1163 499 1250 Papa
522 1163 670 1227 Formosa
694 1164 868 1250 sucepisti,
892 1165 986 1249 quasi
1006 1163 1087 1227 citit
1109 1165 1162 1240 eit,

55 1262 165 1326 irritos
178 1262 304 1348 socias.
358 1258 428 1334 Qua
457 1281 496 1324 aa
525 1283 623 1324 cansa
637 1260 760 1345 fateris
792 1269 820 1324 te
843 1261 994 1344 matesc
1017 1259 1163 1326 solatius

56 1361 190 1440 Francos,
216 1381 335 1424 rcecaeu
358 1369 389 1421 et
405 1359 646 1424 &concatenat
670 1359 807 1422 deitatis
823 1359 947 1446 peritos
971 1358 1162 1424 cousuluisse

56 1459 140 1536 circe,
169 1481 334 1544 eorumne
358 1455 503 1522 moenita
532 1456 622 1542 apud
645 1467 673 1519 te
696 1457 818 1542 scripta
839 1457 989 1534 retinere,
1023 1478 1102 1542 quac
1135 1467 1162 1520 tc

53 1557 192 1641 ajanwds'
217 1556 495 1639 traaspresse’oaem
517 1555 723 1634 committere,
750 1553 923 1640 ucauiscsta
945 1555 1069 1618 ratione
1086 1576 1162 1640 pro·

53 1651 207 1739 babeam)
254 1651 406 1736 Sergium
431 1662 541 1716 autem
562 1651 673 1737 plures
694 1652 956 1717 reordinationes
979 1654 1162 1738 suscepisse

53 1747 169 1814 illorum
185 1753 417 1836 episcoporum
435 1748 488 1814 vel
504 1749 707 1831 clericorum,
733 1748 855 1814 diserte
875 1750 991 1812 asserit
1006 1749 1162 1814 Auxilius

52 1847 203 1914 scribens:
237 1845 399 1922 Quosdam
421 1871 461 1912 ea
484 1847 562 1926 illis,
587 1858 734 1933 tauquam
758 1848 788 1911 εἰ
809 1845 890 1912 citit
913 1869 1022 1912 ramae
1044 1850 1161 1912 uacuo

52 1947 93 2006 urs
113 1945 297 2024 habundat,
327 1968 440 2010 msam
470 1946 589 2010 imitati
611 1945 811 2030 semitpsum
839 1946 952 2010 itesam
981 1967 1161 2010 mensuare

52 2064 106 2106 nou
128 2045 310 2122 timueromt,
335 2054 483 2128 mapsam
500 2043 528 2120 si
545 2045 656 2130 primu
677 2045 713 2106 iu
736 2044 782 2106 eia
804 2065 868 2106 aaa
891 2045 1083 2108 consecratio
1107 2044 1163 2108 sed

50 2143 139 2224 mosis
161 2143 321 2206 maceio
337 2140 485 2227 flectit&

127 2259 156 2322 3.
206 2257 245 2321 In
282 2258 506 2320 controversia
548 2255 589 2319 da
625 2256 781 2320 Formosa
823 2253 948 2341 duplex
982 2257 1160 2342 praecipue
1200 2275 1301 2326 ouans

49 2357 186 2438 quaestio
203 2354 401 2440 agitabatur,
426 2355 533 2440 prima
557 2353 701 2440 quidem,
727 2361 838 2417 utrum
861 2352 1027 2438 legitimus
1049 2353 1160 2418 Ponti·
1199 2337 1285 2388 ΨΜ

49 2451 97 2515 sex
118 2453 221 2518 fuerit
235 2453 423 2534 Formosus,
447 2451 560 2534 altera,
584 2460 705 2532 utrum,
730 2453 757 2518 si
781 2472 847 2516 non
862 2450 960 2515 fuerit
982 2449 1160 2534 legitimus,

48 2551 109 2634 ejus
132 2550 360 2615 ordinationes
387 2549 511 2614 luerint
540 2548 681 2615 validae.
728 2548 903 2634 Negabant
925 2559 995 2612 tum
1019 2551 1161 2634 primam

48 2659 109 2712 tum
131 2648 272 2712 alteram
287 2649 513 2734 quaestionem
530 2648 681 2712 Formosi
696 2647 889 2727 adversarii,
913 2647 1055 2710 nitentes
1069 2669 1161 2733 prae·

46 2749 147 2811 sertim
173 2744 359 2812 canonibus
383 2744 669 2831 disciplinaribus,
703 2745 856 2831 quamvis
878 2743 1025 2808 secunda
1047 2767 1160 2830 qnaes-

46 2845 84 2906 tio
106 2844 148 2909 sd
174 2845 425 2930 inquisitionem
457 2843 678 2928 dogmaticam
706 2844 854 2907 maxima
884 2865 926 2906 ex
948 2851 1040 2929 parta
1063 2845 1160 2928 pcrti-

47 2953 140 3010 neret.
188 2941 389 3006 Defensores
412 2941 578 3025 Formosi,
605 2942 653 3005 uti
676 2938 843 3021 Auxilius,
868 2941 1066 3004 annuariam
1090 2963 1159 3006 san-

45 3041 173 3103 tentiam
204 3038 314 3125 quoad
345 3049 519 3124 utramque
547 3039 774 3125 quaestionem
805 3037 1003 3103 statuebant.
1051 3037 1160 3125 Atque

46 3135 198 3202 Auxilius
230 3149 301 3202 tum
325 3159 367 3200 ex
391 3137 492 3201 variis
515 3136 611 3200 factis
643 3133 877 3216 anterioribus,
913 3145 983 3198 tum
1014 3157 1056 3199 ex
1085 3136 1159 3200 doc.
1224 3141 1227 3148 ’
1265 3209 1268 3216 ,

43 3235 123 3298 trina
147 3234 189 3298 de
214 3235 429 3298 sacramentis
453 3234 678 3299 demonstrare
702 3231 879 3310 nitebatur,
908 3233 1007 3296 etiam
1031 3232 1159 3317 illegiti-

45 3353 166 3398 morum
201 3335 431 3418 episcoporum
462 3332 685 3396 ordinationes
714 3329 842 3395 validas
873 3351 953 3396 esse.
999 3330 1100 3394 Recte
1124 3342 1159 3396 ut

44 3441 160 3496 certam
184 3433 358 3496 veritatem
389 3431 458 3516 ipse
483 3429 632 3494 defendit
662 3428 750 3494 illam
779 3429 990 3494 sententiam:
1028 3430 1158 3494 Iteratio

45 3529 164 3592 adluis
200 3551 296 3615 acque
329 3527 458 3592 caelata
489 3551 526 3591 ac
562 3529 688 3592 dando
728 3525 877 3612 baptismi
883 3547 894 3604 ;
929 3535 962 3588 et
994 3527 1158 3611 principis

46 3623 81 3686 de
104 3625 218 3696 valore
242 3635 521 3690 sacramentorum
542 3627 640 3688 etiam
665 3624 707 3688 ab
731 3623 877 3709 indignis
900 3621 1092 3688 collatorum
1116 3645 1158 3688 ex

42 3743 133 3806 opere
157 3733 302 3810 operato,
327 3745 411 3809 quae
435 3733 548 3788 contra
563 3723 755 3788 Donatistae
778 3721 956 3808 aliquando
981 3744 1005 3786 s.
1029 3720 1158 3806 Augus·

43 3821 126 3884 tinus
150 3821 336 3902 evolverat,
370 3823 439 3907 ipse
472 3821 535 3886 hac
558 3823 593 3886 in
617 3821 840 3884 controversia
868 3820 983 3884 merito
1008 3819 1156 3904 urgebat.

45 3984 242 3996 Ἢ

55 4147 60 4156 .
98 4067 127 4158 ft
146 4067 189 4122 De
206 4069 291 4126 ordin.
309 4070 436 4136 Formosi‚
454 4069 486 4124 L.
504 4068 657 4137 11:1niu0;
676 4084 718 4138 ap.
737 4068 872 4124 Merinum
889 4069 931 4124 De
949 4069 1032 4124 sacua
1051 4069 1157 4126 ordine.

43 4147 383 4299 uomllubrplielldbionem
401 4229 486 4284 ordin.
511 4227 632 4283 Formosi
656 4227 687 4283 b.
706 4228 742 4282 11.
761 4245 783 4282 c
803 4229 821 4282 l.
840 4245 882 4298 ep.
902 4229 1048 4293 Dummler,
1073 4231 1156 4284 Augu

43 4305 89 4360 lins
107 4315 135 4361 et
154 4307 310 4378 vulgarius,
329 4325 355 4379 p,
375 4309 417 4365 78,
