2898 4836
301 463 338 516 90
488 461 592 516 XVIII.
624 461 662 515 De
682 462 810 516 Romanis
829 462 1007 517 Pontificibus
1025 464 1126 518 saeculi
1145 465 1247 520 decimi.

302 605 414 670 sedem
438 605 619 670 Romanam
647 605 874 691 usurpaverit,
906 607 971 670 imo
1003 607 1075 692 ipso
1105 617 1240 673 auctore
1268 609 1405 674 Benedic-
1440 627 1441 630 ’

301 713 372 767 tum
397 701 446 766 VI
475 703 671 768 suffocatum
702 724 772 768 esse
803 704 992 789 opinantur.
1031 705 1076 768 Et
1107 727 1143 768 re
1178 706 1312 793 qnidam
1343 729 1405 770 rere
1440 741 1441 782 1

302 803 337 865 in
363 799 526 866 Chronico
551 801 736 866 Hermanui
762 799 948 884 Contracti,
982 803 1039 888 qui
1071 802 1180 868 medio
1214 803 1342 869 saeculo
1362 829 1405 870 un·
1440 786 1441 842 l

302 898 431 962 decimo
464 898 590 980 floruit,
627 898 810 964 secundum
842 897 1013 983 vulgatam
1052 903 1279 966 recensionem
1308 903 1407 988 legitur

301 994 344 1058 ad
369 1019 398 1060 a.
424 997 505 1062 974:
547 997 689 1076 ,Romae
720 996 923 1062 Benedictus
946 997 1052 1082 Papa,
1088 999 1283 1064 criminatus
1314 1023 1332 1064 a
1360 999 1407 1063 Ro·

302 1095 410 1158 manis
433 1103 466 1157 et
488 1117 508 1157 a
525 1092 714 1160 Crescentio
731 1094 925 1160 Theodorae
940 1093 1017 1178 filio,
1043 1097 1078 1160 in
1101 1096 1235 1162 castello
1260 1119 1286 1164 a.
1303 1097 1404 1182 Augeb'

300 1191 472 1256 custodiae
489 1193 705 1277 mancipatur,
731 1192 843 1280 ibique
858 1193 1081 1278 strangulatus
1106 1205 1164 1276 est,
1188 1205 1222 1259 et
1237 1216 1275 1259 eo
1292 1197 1407 1260 vivente

300 1289 493 1354 Bonifacius
528 1290 672 1354 Ferrntii
706 1290 794 1355 filius
829 1291 921 1376 Papa
958 1291 1193 1378 ordinatus.“¹)
1231 1292 1407 1379 Amulpbus

300 1396 411 1451 autem
444 1387 710 1469 Aurelianensis,
748 1410 850 1473 quum
889 1391 922 1452 in
956 1389 1211 1475 pseudosynodo
1248 1391 1406 1458 Rhomensi

300 1509 330 1552 a.
356 1488 418 1550 991
445 1488 480 1552 iu
494 1485 667 1551 ecclesiam
684 1486 868 1552 Romanam
885 1487 1110 1553 inverecunde
1124 1488 1309 1574 inveheret,
1329 1490 1407 1554 Boni·

300 1584 373 1650 fatii
397 1586 598 1650 mentionem
621 1583 760 1665 faciens,
792 1585 855 1648 ait:
899 1583 1075 1665 „Succedit
1098 1585 1223 1652 Romae
1256 1589 1292 1652 in
1321 1587 1407 1673 ponti·

300 1682 401 1746 ficatu
424 1680 625 1746 horrendum
649 1689 847 1762 monstrum,
871 1681 1082 1766 Malcfnciaa
1108 1695 1245 1750 cunctos
1276 1682 1408 1750 mortale

301 1781 450 1866 nequitia
473 1801 632 1865 superans
655 1780 777 1865 etjam
802 1781 920 1864 prieris
935 1781 1106 1846 Pontificis
1126 1784 1290 1866 sanguine
1313 1803 1407 1848 cruen-

301 1877 418 1966 tue.“²)
473 1877 525 1942 Ac
554 1877 653 1946 simili
684 1879 812 1942 ratione
845 1888 960 1942 auctor
992 1876 1141 1964 Catalogi
1172 1879 1339 1965 Paparum
1367 1899 1407 1963 ap.

300 1977 489 2042 Eccardum
520 1974 651 2040 scribit:
683 1975 875 2058 „dohannes
899 1976 948 2040 VI
972 1976 1048 2063 (leg.
1072 1976 1276 2042 Benedictus
1299 1976 1359 2060 vl)
1378 1975 1408 2040 de

301 2076 438 2140 consilio
458 2074 625 2140 Malefacii
653 2072 877 2158 strangulatus
900 2084 948 2138 est
973 2077 1008 2139 iu
1032 2074 1165 2140 castello
1189 2098 1215 2140 a.
1240 2073 1407 2162 Angebat

155 2189 188 2230 tn
202 2199 266 2260 veru
302 2211 347 2221 —
368 2172 527 2238 Attamen
551 2171 725 2238 obscuram
749 2171 791 2236 de
806 2172 972 2238 Bonifatio
988 2171 1055 2236 Vll
1071 2175 1299 2259 quaestionem
1316 2184 1407 2238 nostro

156 2249 265 2291 ‘mm
301 2280 448 2357 tempore
463 2273 651 2336 accuratius
681 2271 887 2334 examinavit
919 2271 972 2334 vir
1003 2270 1170 2352 eruditus,
1204 2271 1244 2336 cl.
1269 2269 1407 2354 Aloysin

302 2366 556 2452 Chrysostomus
586 2368 807 2450 Ferrutius34)
832 2369 925 2453 isque
948 2367 1062 2433 solidis
1085 2368 1271 2434 rationibus
1295 2368 1407 2454 probari

301 2468 478 2550 existimat,
506 2467 712 2533 Bonifatium
732 2466 803 2552 jam
828 2467 992 2532 exstincto
1024 2466 1206 2532 Benedicta
1231 2467 1281 2530 VI
1314 2469 1346 2530 in
1366 2465 1407 2529 Se

302 2564 378 2630 dem
413 2564 639 2652 Apostolicam
678 2563 844 2628 elevatum
879 2573 911 2628 et
948 2575 1174 2629 consecratum
1213 2565 1331 2648 fuisse,
1361 2585 1407 2628 nec

303 2664 365 2749 ipsi
397 2684 511 2727 necem
542 2662 716 2727 Benedicti
748 2661 850 2726 tribui
885 2683 990 2747 posse.
1047 2660 1137 2728 Hinc
1176 2664 1237 2726 etsi
1268 2661 1406 2727 Bonifatii

301 2761 417 2826 electio
442 2760 630 2846 irregularis
653 2760 762 2841 fuerit,
786 2781 854 2824 non
869 2759 970 2824 fuisse
984 2769 1096 2826 tamen
1113 2759 1308 2842 invalidam,
1328 2759 1407 2824 adeo·

301 2881 366 2944 que
389 2859 593 2924 Bonifatium
623 2857 714 2922 baud
737 2858 838 2922 fuisse
869 2857 1118 2944 pseudopapam
1140 2856 1199 2922 sed
1224 2879 1338 2922 verum
1360 2855 1407 2920 Ro-

280 2977 439 3021 ·mauum
460 2957 666 3022 Pontificem.
714 2955 870 3020 Advertit
893 2955 1059 3036 Ferrucci,
1085 2957 1295 3020 recensiones
1316 2953 1406 3020 admo

303 3054 383 3118 dum
406 3056 517 3118 varias
540 3056 575 3119 iu
599 3052 770 3120 codicibus
794 3055 938 3120 inveniri
961 3051 1120 3118 Chronici
1143 3053 1327 3120 Hermanui
1341 3050 1406 3116 Con-

302 3153 409 3234 tracti,
434 3163 467 3216 et
489 3173 556 3216 uon
581 3154 615 3217 in
639 3150 795 3216 omnibus
828 3151 894 3215 dici
917 3150 1122 3216 Bonifatium
1157 3151 1294 3216 vivente
1323 3150 1405 3214 Bene·

304 3247 392 3313 dioto
417 3249 465 3314 VI
487 3250 682 3315 Pontificem
706 3247 874 3334 factumst)
904 3247 1070 3334 Arnulpbi
1094 3257 1217 3326 autem,
1242 3248 1296 3314 vel
1318 3247 1404 3333 potius
1440 3291 1441 3318 ,

303 3347 457 3412 Gerberti
480 3347 727 3412 Aureliacensis
750 3349 807 3433 qui
830 3346 917 3412 illius
941 3346 1053 3410 verbis
1076 3347 1188 3424 utitur,
1213 3347 1402 3415 assertionem

304 3467 425 3530 vagam
455 3468 521 3511 non
548 3448 631 3510 tanti
653 3443 842 3511 habendam
866 3465 952 3526 ease,
986 3453 1022 3508 ut
1055 3443 1133 3508 inde
1164 3443 1286 3510 deduci
1314 3443 1402 3529 possit
1440 3475 1441 3528 p

303 3544 507 3608 Bonifatium
533 3554 698 3608 auctorem
716 3543 818 3607 fnisse
836 3543 926 3606 necis
943 3540 1115 3605 Benedicti
1132 3541 1191 3605 Vl.
1228 3541 1326 3605 Multa
1342 3559 1402 3601 sane

380 3781 705 3855 ananum

379 3864 401 3935 ²)
420 3865 455 3918 Μ.
476 3864 508 3918 G.
527 3863 571 3926 SS,
590 3861 641 3915 111.
661 3877 685 3929 p.
705 3863 765 3920 672.

379 3935 399 3992 ”t
419 3937 469 4003 Ap.
489 3935 597 3988 Eccard.
619 3933 696 4000 corp.
717 3933 779 3986 bist.
799 3931 874 3986 Toni.
894 3931 930 3985 11.
950 3930 998 3985 col.
1020 3933 1096 3984 lato.

376 4017 398 4083 ⁴)
417 4014 632 4084 Investigaaioni
651 4011 874 4066 starioc-critiche
899 4011 969 4066 suba
994 4025 1108 4078 persona
1126 4009 1159 4064 ed
1178 4010 1197 4063 il
1217 4007 1354 4078 pontificato
1370 4003 1395 4054 di

303 4094 446 4150 Bonifatio
465 4095 519 4148 VH
537 4093 659 4163 ugnnolo
671 4093 699 4147 di
718 4092 859 4148 Ferruccio
872 4093 1000 4156 Romana
1019 4091 1062 4146 del
1080 4090 1220 4145 Caraliere
1229 4083 1397 4157 Luigribrisos·

304 4181 377 4228 tomo
396 4174 536 4240 Ferrncci;
554 4173 641 4243 Lago,
661 4173 807 4242 tipografia
825 4171 957 4226 Melandn'
978 4171 1055 4226 1856.

379 4255 390 4285 '³
419 4253 544 4308 Fermcci
564 4255 580 4307 l.
601 4271 622 4308 c.
642 4270 666 4321 p.
686 4255 729 4308 43.
