3002 4836
211 529 212 542 ,
292 491 325 543 14
641 491 679 544 De
698 489 802 545 haeresi
820 491 1053 550 Iconcclastarum.

287 631 353 696 alia
375 633 432 696 vie
455 632 563 696 sidem
576 632 743 698 Romanae
767 633 926 698 ecclesiae
953 635 1129 716 dominari,
1153 647 1287 723 agentes
1309 641 1406 704 nimi·

287 753 375 808 rum,
411 740 448 795 ut
482 730 517 793 in
550 730 725 814 collegium
749 731 781 797 S.
805 731 845 796 ll.
869 733 907 798 E.
934 731 1160 800 Cardinalium
1184 736 1407 821 allegarentur

288 827 487 909 Orientslcs,
512 829 569 912 qui
584 831 682 892 etiam
707 851 807 914 opera
823 830 1041 895 exarchorum
1070 836 1240 898 annitente
1257 853 1406 899 crearen-

288 935 341 988 tur
353 925 493 989 Romani
503 925 690 990 Pontifices.
726 925 815 990 Hinc
827 927 942 992 videas
955 939 1029 1012 post
1040 929 1258 996 Benedictum
1271 931 1407 996 Pantili-

288 1045 364 1086 cum
376 1022 397 1087 J
400 1044 541 1086 oannem
550 1023 580 1086 V
590 1024 710 1108 Syrum
722 1026 855 1088 natione
868 1038 1014 1090 creatum
1031 1049 1266 1111 successorem,
1284 1028 1407 1094 deinde

288 1121 457 1185 Cononem
481 1120 664 1202 Thracem,
688 1131 802 1207 postea
826 1123 977 1206 Sergium
1002 1123 1137 1208 Syrum,
1161 1127 1326 1192 „loannem
1353 1126 1407 1190 de·

287 1219 365 1284 inde
388 1217 554 1283 Graecum
577 1221 701 1304 pariter
736 1220 850 1284 ordine
887 1231 1016 1285 sextum
1052 1223 1193 1303 dictum,
1227 1225 1304 1288 inde
1330 1275 1336 1289 .
1363 1273 1371 1289 .
1399 1274 1406 1288 .

287 1318 452 1382 Joanuem
486 1316 552 1380 VII
585 1317 700 1382 itidem
724 1316 904 1400 Graecum,
928 1331 1042 1404 postea
1066 1321 1248 1386 Sisinnium
1273 1321 1407 1406 Syrum,

288 1424 416 1500 etpost
439 1437 514 1478 eum
539 1414 792 1480 Constantinum
816 1419 940 1502 pariter
958 1417 1096 1501 Syrum,
1121 1419 1302 1504 itidemque
1326 1418 1408 1483 Gre-

286 1513 416 1596 gorium
452 1514 585 1576 tertium
609 1511 730 1596 Syrum
754 1515 867 1595 ctiam,
904 1536 966 1578 nac
989 1536 1054 1579 non
1087 1526 1161 1601 post
1183 1537 1259 1580 eum
1283 1515 1408 1580 Zacha-

287 1612 370 1674 riam
399 1610 584 1692 Graecum3
613 1621 650 1674 ut
678 1621 848 1695 appareat,
873 1612 959 1676 inter
982 1612 1042 1678 hos
1073 1635 1186 1678 omnes
1215 1617 1285 1678 vix·
1302 1635 1407 1678 uuum

288 1705 484 1792 Gregorium
508 1708 541 1771 II
565 1707 794 1772 intercalatum
826 1709 1012 1774 Romanum
1041 1713 1174 1776 natione
1198 1711 1407 1786 Pontificem,

288 1805 421 1870 -Sed
453 1805 533 1892 quid
557 1805 700 1870 accidit?
729 1806 852 1891 Utique
876 1817 1034 1893 tanquam
1059 1811 1255 1875 miraculum
1279 1834 1298 1874 a
1321 1811 1408 1892 Deo,

288 1915 325 1968 ut
357 1905 390 1968 in
425 1904 597 1988 collegium
631 1904 732 1968 iidem
763 1905 904 1989 cooptati
937 1906 970 1971 S.
994 1907 1032 1972 R.
1057 1907 1096 1972 E.
1122 1907 1350 1973 Cardinalium
1375 1919 1410 1973 et

289 2005 389 2066 creati
412 2002 590 2066 Pontifices
601 2001 811 2086 Apostolicae
836 2002 945 2084 Sedis,
975 2007 1127 2089 spiritum
1150 2007 1273 2091 pariter
1295 2003 1409 2071 haere-

289 2100 426 2164 ditarint
447 2098 679 2184 apostolicum,
708 2103 922 2186 steterintque
951 2101 1110 2168 adversus
1132 2125 1245 2168 omnes
1269 2115 1409 2168 conatus

289 2199 528 2284 Imperatorum
562 2207 594 2261 et
626 2197 834 2262 orientalium
866 2201 1112 2284 episcoporum,
1151 2205 1408 2288 restiterintque,

289 2319 329 2362 ao
353 2317 394 2362 ue
418 2298 591 2360 minimum
615 2295 750 2381 quidem
775 2299 961 2362 cesserint.“
1058 2295 1060 2303 ²

381 2395 421 2459 15
456 2393 562 2477 Sergii
582 2392 745 2457 industria
763 2395 955 2478 praesertim
976 2405 1074 2481 atquo
1094 2399 1287 2462 auctoritate
1307 2397 1410 2462 schis-

290 2516 344 2556 ma
367 2493 521 2556 Istrienee
545 2493 743 2556 exstinctum
767 2501 825 2573 est,
850 2502 883 2556 et
906 2492 1044 2556 ecelesia
1064 2492 1296 2579 Aquileiensis,
1323 2516 1412 2581 quae

290 2593 389 2655 trium
415 2589 641 2676 Capitulorum
676 2599 707 2656 et
732 2589 870 2655 Concilii
905 2593 1011 2676 quinti
1045 2594 1216 2656 occasione
1246 2593 1287 2657 ab
1311 2595 1412 2657 anuis

291 2691 359 2754 fere
378 2690 448 2753 ,150
470 2711 490 2752 a
513 2689 663 2752 Romane
695 2688 834 2774 aliisque
858 2688 1005 2754 ecclesiis
1029 2709 1062 2752 se
1087 2690 1339 2774 dissociaverat,
1365 2691 1411 2755 ad

290 2789 464 2873 pristinam
497 2808 573 2850 cum
597 2786 660 2850 illis
693 2787 958 2850 communionem
981 2786 1089 2852 rediit.
1136 2788 1330 2852 Pontificem
1355 2788 1413 2854 ad-

291 2887 368 2950 duci
393 2907 458 2950 non
482 2887 644 2970 potuisse,
662 2894 699 2948 ut
714 2905 857 2948 canones
873 2883 1047 2950 Trullanos
1061 2885 1233 2971 probaret,
1259 2889 1414 2972 superius

287 2985 359 3070 jam
382 2984 537 3048 diximus.
562 3021 606 3030 —
630 2982 662 3048 S.
687 2981 801 3066 Sergio
825 2981 879 3045 die
904 2981 1142 3068 lSeptembris
1164 2986 1243 3048 anni
1268 2983 1330 3048 701
1357 2985 1413 3049 de-

133 3113 226 3156 um„
243 3113 275 3156 vi,
292 3082 422 3163 functo,
447 3083 604 3146 suffectus
627 3090 677 3144 eet
700 3079 754 3143 die
778 3079 820 3144 28
838 3078 991 3145 Octobris
1012 3081 1156 3145 Joaaaeo
1187 3081 1234 3144 VI
1252 3079 1414 3164 Graecus,

293 3181 350 3266 qui
374 3180 460 3244 sedit
481 3178 587 3242 tribus
610 3179 706 3243 annis
730 3187 763 3241 et
786 3177 915 3241 duobus
939 3177 1117 3242 mensibus.
1165 3177 1319 3243 Tiberius
1343 3179 1414 3243 Ab·

293 3279 452 3358 simarus,
482 3276 666 3360 Imperator
697 3273 859 3358 Graecus,
895 3296 933 3338 eo
969 3285 1114 3360 tempore
1149 3277 1287 3340 Romam
1323 3279 1417 3342 misit

294 3373 579 3460 Theophylactum
608 3372 805 3454 exarchum,
839 3383 876 3437 ut
898 3372 1051 3438 Pontifici
1083 3377 1251 3460 negotium
1275 3375 1417 3440 facesse-

294 3483 362 3554 ret3
394 3493 494 3557 quam
527 3493 604 3535 vero
637 3471 679 3535 ob
713 3493 857 3552 causam,
892 3473 1066 3557 scriptores
1098 3493 1164 3536 non
1192 3471 1415 3538 tradiderunt.

295 3571 419 3634 Verum
443 3568 745 3650 exercitusltaliae,
770 3571 826 3655 qui
851 3573 885 3634 in
910 3568 1009 3635 simili
1034 3591 1113 3634 casu
1137 3569 1197 3634 sub
1221 3571 1416 3636 Justiniano

296 3667 489 3732 defenderat
502 3663 673 3751 Sergium,
698 3666 847 3732 defendit
867 3669 990 3753 pariter
1003 3668 1181 3750 Joannem,
1206 3671 1253 3732 ita
1283 3677 1319 3731 ut
1341 3669 1417 3754 ipse

296 3865 427 3920 meusium
445 3863 557 3917 duorum
575 3867 603 3916 et
621 3861 752 3929 amplius;
771 3867 803 3916 ut
822 3861 947 3916 videatur
964 3861 1137 3918 lastinianus
1153 3862 1246 3931 jnnior
1263 3861 1336 3930 patri
1355 3877 1419 3918 suc-

296 3945 391 4000 cedens
409 3943 511 3999 nnllam
529 3941 620 3996 haberi
640 3941 756 3996 voluisse
783 3941 848 3996 talis
872 3942 1010 4011 privilegii
1038 3942 1184 4010 rationem,
1204 3943 1251 3998 sed
1268 3942 1419 3999 inhaesisse

297 4027 330 4091 ei,
349 4025 418 4097 quod
436 4023 506 4078 idem
519 4021 713 4078 constantinus
730 4026 810 4089 pater
827 4037 891 4076 suus
904 4021 952 4076 sub
965 4022 1054 4078 Leone
1071 4022 1182 4078 dederat
1204 4027 1270 4078 etc.“
1286 4021 1318 4076 V.
1329 4022 1419 4078 Coo&

297 4115 342 4160 tus
360 4103 560 4160 chronico-hist.
579 4103 608 4157 in
626 4100 896 4169 Catal.Pontiliourn;
915 4101 1022 4172 Propyl.
1042 4102 1154 4156 adacta
1163 4103 1321 4157 Sanctorum
1339 4103 1418 4158 Maii.

298 4217 331 4226 -
357 4183 411 4239 Cir.
440 4184 523 4240 etiam
540 4181 751 4247 Thomassinum,
777 4182 818 4235 De
837 4187 891 4234 vet.
920 4185 948 4236 et
966 4197 1037 4238 nova
1064 4181 1131 4238 aar.
1158 4181 1308 4250 disciplina
1327 4181 1359 4238 P.
1379 4183 1420 4238 11.

297 4266 488 4323 amum
