2952 4832
304 475 357 530 246
549 476 623 529 XXI.
644 475 684 530 De
702 477 727 530 S.
747 475 879 544 Gregorio
899 475 954 529 vn
971 475 1048 530 Rom.
1068 475 1210 530 Pontifice.

303 640 388 703 quae
407 619 478 704 jam
503 618 624 702 agebat
647 641 723 683 cunr
747 618 823 683 aula
846 618 1009 704 imperiali
1033 618 1075 683 de
1092 619 1236 684 creando
1253 618 1404 696 Pontifice,

303 716 437 780 omnino
461 716 652 801 praevalere
682 737 749 780 non
784 739 887 802 posse,
922 719 948 780 ei
973 716 1132 800 eligerent
1155 717 1347 782 Pontificem
1373 739 1404 779 ee

301 813 389 896 dein,
413 823 590 899 antequam
615 816 877 896 inauguraretur,
902 836 1100 880 consensum
1125 816 1340 902 Imperatoris
1360 836 1404 900 pe·

303 921 417 976 terent.
466 911 577 992 Quum
602 914 691 976 enim
714 933 756 976 ex
781 915 821 976 iis
845 933 931 998 quae
955 933 1072 978 versus
1096 914 1197 978 finem
1221 913 1403 978 vitaeNieo-

303 1007 346 1072 lai
374 1009 408 1074 II
443 1009 634 1075 acciderant
666 1020 842 1092 constaret,
881 1010 992 1074 aulam
1027 1013 1107 1096 ipsis
1144 1033 1215 1076 esee
1248 1012 1404 1085 infensam,

302 1131 470 1194 quumque
494 1105 677 1172 adversarii
700 1107 861 1194 ampliora
880 1109 958 1195 jura
974 1109 1182 1195 Imperatrici
1206 1113 1242 1174 in
1258 1111 1405 1174 creatione

302 1206 472 1270 Pontificio
497 1205 672 1288 deferrent,
697 1216 730 1270 et
753 1227 850 1271 suum
861 1208 934 1292 jam
958 1217 1180 1293 proponerent
1196 1207 1406 1286 candidatum,

303 1326 401 1389 quem
425 1303 514 1368 nullo
539 1303 636 1368 modo
661 1303 835 1368 admittere
851 1314 1006 1390 poterant
1023 1303 1226 1384 Cardinalee,
1251 1303 1340 1368 haud
1360 1302 1405 1366 du·

302 1401 396 1466 bium
420 1412 499 1484 erat,
530 1401 598 1466 fore
622 1412 659 1465 ut
682 1401 805 1466 electus
828 1426 848 1466 e
873 1401 1110 1468 Oardiuelibue
1144 1403 1185 1468 ab
1211 1401 1288 1467 aula
1312 1402 1406 1486 rejice-

301 1510 401 1582 retur,
427 1501 454 1564 si
478 1499 658 1586 imperialis
682 1522 860 1565 consensus
884 1510 1042 1586 tanquam
1068 1503 1276 1566 necessarius
1300 1511 1406 1586 petere

301 1609 364 1664 tur.
410 1598 585 1662 Praeterea
619 1620 708 1680 vero,
747 1621 808 1662 uec
838 1597 896 1662 teli
941 1599 1160 1664 contumeliae
1201 1594 1408 1662 conveniebat

302 1717 371 1759 sese
395 1716 571 1780 exponere,
595 1718 656 1760 nec
681 1697 931 1761 concedendum
955 1709 1025 1761 erat
1048 1697 1145 1761 aulae
1168 1695 1333 1781 imperiali
1356 1691 1406 1756 tale

301 1792 523 1878 privilegium,
548 1802 585 1857 ut
604 1794 780 1859 excludere
804 1804 917 1880 posset
940 1795 1079 1859 electum
1096 1795 1303 1860 Pontificem.
1349 1791 1407 1854 lle-x

301 1891 466 1956 Henricus
488 1891 536 1954 IV
561 1891 648 1972 dein,
674 1895 727 1956 cui
751 1893 963 1978 privilegium
986 1893 1157 1980 personale
1180 1915 1201 1956 a
1225 1887 1406 1955 Nicolaoll

301 1999 531 2052 conservatum
553 1990 668 2073 fuerat,
693 2000 773 2058 tunc
789 1990 899 2055 adhuc
915 2013 998 2076 puer
1012 2001 1083 2056 erat
1106 1991 1221 2055 decem
1246 2008 1408 2053 annorum.

299 2086 332 2149 Is
355 2108 434 2150 vero
461 2089 593 2173 proprio
613 2089 742 2173 judicio
771 2090 805 2153 in
830 2089 989 2152 electione
1013 2088 1184 2154 Pontificio
1216 2087 1407 2152 intervenire

300 2183 477 2271 nequibat;
502 2187 647 2272 permitti
672 2195 782 2250 autem
806 2209 873 2251 non
897 2196 1035 2272 poterat,
1071 2197 1107 2250 ut
1124 2186 1180 2250 alii
1205 2184 1409 2250 abuterentur

300 2283 441 2366 pueritia
477 2283 547 2368 ejus
589 2283 631 2348 ed
659 2283 905 2349 obtrudendum
936 2283 1105 2348 Ecclesiae
1138 2283 1335 2348 Pontificem
1371 2283 1409 2342 iu·

301 2378 450 2462 dignum.

388 2479 441 2545 36.
488 2479 582 2544 Talia
606 2501 709 2565 quum
733 2503 752 2542 a
777 2479 1010 2544 Cardinalibus
1035 2479 1311 2565 expenderentur,
1344 2474 1412 2538 dila·

130 2604 224 2656 umba
235 2607 289 2648 e100„
298 2574 396 2640 bente
435 2587 581 2662 tempore
612 2577 876 2641 vehementiores
912 2579 1012 2641 etiam
1057 2587 1165 2641 motus
1196 2577 1322 2640 Romae
1365 2593 1412 2636 ex-

190 2676 229 2718 ²¹⁰·
298 2685 457 2757 arserunt,
482 2697 521 2740 ac
537 2673 723 2739 timendum
748 2685 826 2758 erat,
853 2697 894 2739 ne
919 2686 1056 2760 urgente
1080 2675 1182 2738 altere
1206 2675 1351 2738 factione
1373 2671 1412 2732 iu·

298 2773 418 2856 dignus
442 2773 598 2837 Pontifex
622 2775 656 2836 in
675 2771 856 2838 Germania
880 2783 1056 2858 crearetur,
1081 2774 1147 2836 imo
1173 2772 1208 2836 id
1232 2768 1411 2858 praevideri

293 2873 364 2957 jam
397 2880 524 2955 poterat
558 2871 718 2935 futurum.
765 2871 862 2934 Tunc
886 2873 987 2955 igitur
1010 2869 1263 2935 Hildebrandus
1287 2879 1319 2932 et
1343 2865 1411 2930 Car-

298 2968 435 3049 dinalee
460 2991 562 3055 quum
580 2969 769 3033 diuturnior
785 2991 877 3033 more
894 2979 979 3032 esset
1003 2968 1101 3032 valde
1125 2968 1322 3054 periculosa,
1346 2986 1411 3027 cen-

300 3076 454 3148 suerunt,
493 3067 662 3131 Ecclesiae
702 3066 798 3130 saluti
832 3065 1076 3151 providendum
1111 3088 1200 3148 esee,
1239 3067 1312 3151 ejus
1341 3065 1411 3148 jura

289 3166 397 3229 vinsita
422 3165 531 3251 quoad
555 3165 748 3229 electionem
769 3165 940 3229 Pontificio
965 3187 1034 3228 esse
1058 3163 1274 3240 vindicanda,
1299 3185 1359 3226 nec
1381 3161 1411 3222 in

298 3261 362 3326 illis
386 3261 552 3348 adjunctis
577 3261 782 3327 difficillimis
806 3283 882 3326 cum
906 3262 981 3327 aula
1005 3262 1169 3348 imperiali
1190 3262 1230 3326 de
1247 3257 1410 3326 Pontificio

299 3359 457 3424 eloctione
481 3383 574 3446 posse
599 3362 742 3443 tractari,
768 3363 833 3424 imo
847 3361 882 3425 id
896 3361 1067 3424 Ecclesiae
1093 3362 1315 3446 perniciosum
1337 3357 1411 3420 forr.

297 3458 548 3523 Praevenerunt
571 3460 672 3544 igitur
695 3458 873 3522 factionem
887 3461 1072 3544 oppositam
1087 3469 1186 3544 atque
1212 3454 1409 3544 imperialem

298 3555 418 3636 aulam,
444 3556 595 3640 eligendo
610 3557 805 3620 Pontificem
818 3555 1048 3621 Alexandrum
1063 3555 1107 3621 ΙΙ.
1140 3555 1306 3636 Quamvis
1328 3551 1410 3614 euim

299 3655 462 3739 conjicere
500 3665 649 3740 possent,
690 3653 852 3718 offensum
892 3656 931 3718 iri
962 3653 1210 3740 Imperatricem
1242 3653 1409 3737 Agnetem.

298 3763 409 3816 tamen
441 3753 505 3817 hac
535 3756 672 3835 ratione,
705 3774 807 3838 quum
831 3752 1026 3817 Pontificem
1058 3765 1144 3817 certe
1168 3751 1349 3836 legitimum
1373 3767 1409 3807 ac

299 3849 436 3936 dignum
452 3850 622 3915 Ecclesiae
646 3850 868 3936 providerent,
893 3852 1058 3936 sapienter
1076 3860 1109 3915 et
1130 3850 1259 3914 fortiter
1281 3857 1408 3932 egerem

299 3949 332 4014 id
361 3949 450 4036 quod
483 3958 553 4014 erat
585 3951 730 4035 ipsorum
765 3949 920 4013 muneris.
966 3947 1067 4014 Haud
1103 3971 1277 4014 censemus
1306 3947 1408 4026 igitur.

298 4047 385 4133 quod
413 4047 518 4133 aliqui
551 4056 701 4111 auctores
730 4055 800 4110 tum
833 4047 967 4112 adversi
997 4057 1068 4114 tum
1097 4047 1223 4112 addicti
1246 4043 1407 4111 Ecclesiae·
1462 4133 1463 4136 Ἴ

299 4146 500 4228 existimant,
531 4143 800 4208 Hildebrandum
824 4147 997 4210 occasione
1026 4147 1139 4210 mortis
1162 4143 1292 4210 Nicolei
1318 4161 1406 4206 neum
1462 4139 1463 4208 l

299 4263 370 4304 osse
395 4264 436 4304 ex
461 4243 638 4327 proposito,
662 4252 700 4306 ut
722 4242 904 4307 affirmaret
928 4253 959 4308 et
982 4243 1169 4308 vindicaret
1192 4241 1406 4308 omnimodam
1462 4217 1463 4306 l
