2962 4840
329 505 382 559 110
613 503 687 558 XIV.
704 503 746 558 De
763 502 838 558 civili
857 503 889 558 R
908 503 1053 560 Ponufleis
1071 503 1233 575 ptintdpatu.

158 687 317 801 Ἕω
329 745 362 810 d·
388 647 472 809 tu33.
496 647 601 808 thgas
618 647 888 809 Francqflrptqtnex
901 646 1452 814 fbmilqaquiuingp,aruerpnpitiisrpetjaprelpix

244 763 297 793 “¹¹¹-
353 767 387 810 1u
425 767 486 810 ruo
551 765 666 830 mpore
697 767 732 808 ιιι
833 767 875 808 ιιιΔ
1007 767 1046 810 ae
1281 771 1323 812 ac
1437 773 1453 812 s

328 842 507 921 ferocibus,
530 842 776 928 polygamiae
797 841 939 923 imita
954 864 1061 926 ganas
1082 865 1178 908 snum
1202 848 1308 930 magis
1331 849 1454 930 magia

328 961 393 1028 que
416 939 636 1005 debilitabant
659 951 692 1004 et
715 939 815 1004 futuri
841 941 992 1004 interitus
1016 962 1132 1006 causas
1155 943 1329 1028 parabant.
1351 945 1453 1010 Prae-

329 1040 441 1104 sertim
456 1037 534 1102 iude
544 1061 565 1101 a
574 1037 777 1124 temporibus
786 1037 980 1122 Dagobcrti,
991 1059 1078 1102 anno
1087 1039 1151 1104 638
1163 1039 1321 1121 defuncti,
1332 1063 1452 1125 regum

327 1138 506 1201 auctoritas
529 1134 720 1201 declinavit.
766 1133 1004 1200 Sueoesserunt
1035 1137 1125 1200 enim
1151 1136 1251 1224 longa
1273 1141 1358 1204 serie
1381 1161 1451 1202 om-

328 1255 387 1298 nes
418 1234 486 1298 fere
518 1254 611 1318 reges
643 1234 747 1319 pueri,
782 1234 838 1318 qui
863 1233 1002 1298 vixdum
1032 1233 1077 1298 ad
1099 1233 1355 1302 adolescentiam
1379 1257 1453 1321 per·

328 1341 506 1413 venerant,
537 1332 751 1415 interierunt,
785 1332 855 1394 sive
888 1341 991 1396 morte
1024 1329 1169 1396 violenta
1199 1334 1233 1398 in
1256 1331 1367 1414 bellis,
1391 1355 1452 1398 seu

328 1431 476 1494 maxima
498 1437 591 1514 parte
614 1427 748 1512 morbis,
773 1450 811 1492 eo
835 1427 924 1514 quod
946 1427 1029 1492 forte
1053 1450 1096 1492 ex
1119 1430 1219 1516 stirpe
1243 1429 1371 1494 viribus
1395 1453 1454 1494 ex-

327 1528 445 1592 hausta
469 1536 502 1591 et
533 1549 575 1589 ex
600 1524 774 1590 connubiis
797 1527 905 1611 prima
931 1525 1153 1592 adolescentia
1183 1529 1359 1594 contractis
1389 1527 1452 1592 filii

327 1624 454 1692 robusti
477 1623 567 1689 haud
586 1625 658 1710 jam
681 1625 937 1705 noscerentur1).
983 1623 1119 1690 Dixeris
1152 1625 1252 1690 etiam
1271 1627 1363 1712 justa
1383 1625 1452 1690 Dei

329 1723 543 1809 dispositione
575 1732 695 1786 mortes
725 1719 797 1785 illas
829 1721 1024 1786 immaturas
1054 1721 1225 1787 accidisse.
1275 1721 1344 1788 Sub
1378 1725 1454 1788 istis

328 1821 462 1907 regibus
491 1840 620 1884 summa
649 1841 760 1882 rerum
789 1819 948 1905 regnique
980 1820 1128 1904 potentia
1159 1829 1381 1905 pervenerunt
1419 1823 1452 1884 in

329 1941 447 1984 manus
469 1915 715 1982 Praefectorum
747 1915 879 2002 palatii,
913 1917 970 2003 qui
995 1915 1266 2004 Majoresdomus,
1290 1920 1357 1982 imo
1382 1941 1455 1982 sae-

329 2015 403 2080 culo
436 2023 552 2079 octavo
580 2013 652 2098 jam
684 2015 850 2099 principes
883 2024 915 2078 et
949 2013 1050 2080 duces
1073 2015 1279 2080 Francorum
1302 2017 1454 2082 nomina·

329 2115 460 2180 bantur.
506 2110 653 2195 Regibus
687 2111 892 2176 Francorum
924 2111 1058 2177 taudem
1091 2115 1150 2179 vix
1178 2112 1269 2179 aliud
1291 2116 1454 2180 remansit

329 2232 428 2297 quam
453 2230 597 2274 vacuum
621 2210 706 2292 regis
731 2229 850 2273 nomen
868 2231 944 2273 cum
959 2219 1093 2274 externo
1118 2211 1262 2296 quodam
1285 2222 1454 2298 apparatu

329 2309 502 2390 honorum,
527 2315 647 2370 cuncta
670 2327 748 2370 vero
772 2327 857 2392 quae
878 2309 1055 2372 vastissimi
1078 2311 1172 2394 regni
1196 2309 1455 2375 administratio-

330 2428 406 2472 nem
430 2403 539 2492 quoad
562 2425 631 2468 rem
655 2403 789 2468 civilem
813 2414 845 2469 et
877 2403 1052 2470 militarem
1077 2407 1281 2491 spectabant,
1306 2408 1341 2472 in
1364 2407 1455 2471 arbi·

328 2505 391 2568 trio
407 2501 690 2587 Majorumdomus
709 2511 812 2566 eraut.
836 2501 948 2566 Variis
963 2524 1005 2567 ex
1029 2505 1137 2568 causis
1161 2504 1322 2592 ejusmodi
1337 2528 1453 2570 rerum

330 2601 475 2666 conditio
499 2599 659 2686 paulatim
683 2609 797 2664 exorta
820 2611 878 2665 est.

417 2695 476 2765 34!
496 2699 593 2780 Sane,
605 2719 707 2783 quum
718 2719 831 2762 omnes
841 2697 908 2762 fere
919 2699 972 2762 isti
984 2719 1078 2782 reges
1088 2699 1182 2784 pueri
1193 2708 1302 2765 esseut
1312 2698 1365 2764 vel
1373 2699 1453 2766 adc-

226 2803 280 2832 Μ’·
328 2796 510 2879 lescentuli,
534 2805 591 2860 aut
615 2797 649 2859 in
673 2795 772 2860 rebus
796 2794 938 2881 publicis
966 2794 1238 2861 administrandis
1262 2798 1372 2861 minus
1397 2821 1454 2861 ex-

327 2897 422 2981 perti,
456 2917 499 2959 ex
531 2893 641 2959 indole
664 2895 711 2957 rei
734 2894 861 2958 factum
885 2903 947 2972 cst,
981 2903 1017 2956 ut
1040 2893 1301 2979 Majoresdomus
1325 2899 1452 2980 praeci·

328 3014 429 3079 puam
452 2995 661 3078 acquirerent
684 2993 922 3056 auctoritatem.
968 2991 1015 3056 Hi
1035 3013 1112 3055 vero
1137 3002 1329 3077 potestatem
1354 3015 1450 3056 snam

328 3093 434 3177 magis
448 3093 619 3177 magisque
632 3089 763 3153 firmare
779 3090 843 3154 nisi
860 3099 946 3170 sunt,
966 3109 1006 3154 ao
1029 3088 1283 3154 haereditariam
1298 3089 1450 3156 reddere.

327 3211 369 3254 ne
393 3189 436 3254 ab
460 3187 533 3253 aliis
556 3185 748 3273 proceribus
772 3209 815 3250 ex
843 3185 958 3251 cadem
983 3185 1082 3272 dejici
1106 3199 1247 3277 possent.
1282 3188 1370 3254 Sunt
1392 3189 1451 3274 qui

327 3289 532 3369 existimant,
550 3284 811 3369 Majoresdomus
840 3307 882 3349 ex
912 3285 1012 3370 stirpe
1046 3284 1238 3370 Pipinorum
1269 3287 1369 3351 etiam
1408 3308 1452 3349 ex

327 3387 473 3471 professo
505 3383 684 3467 studuisse,
718 3393 755 3446 ut
787 3383 968 3467 potentiam
999 3384 1125 3466 regiam
1157 3381 1379 3450 diminuerent
1411 3405 1452 3448 ac

326 3486 471 3570 speciem
495 3493 665 3546 externam
688 3481 851 3546 honorum
875 3481 916 3544 iis
939 3489 1068 3545 tantum
1090 3480 1324 3568 relinquerent,
1349 3491 1451 3568 atque

326 3585 373 3646 ita
397 3581 540 3646 voluisse
564 3577 724 3664 paulatim
746 3577 892 3642 familiae
908 3599 987 3642 tuac
1008 3581 1134 3662 regiam
1158 3579 1354 3664 dignitatem
1379 3582 1451 3645 vin-

325 3680 448 3746 dicare.
472 3679 541 3743 Vix
562 3687 674 3741 tamen
691 3676 916 3758 admitterem,
935 3677 1111 3762 perspicua
1127 3675 1225 3764 hujus
1241 3687 1379 3742 conatus
1395 3678 1451 3742 do-

325 3787 482 3842 cumenta
499 3787 638 3842 exstare.
668 3773 804 3840 Certum
823 3772 970 3859 profecto
991 3783 1040 3838 est
1050 3823 1060 3857 ,
1080 3775 1115 3838 in
1134 3777 1273 3840 summis
1293 3775 1452 3862 perieulis

325 3877 419 3960 regni
430 3897 515 3962 quae
529 3872 748 3938 imminebant
762 3883 833 3936 tum
846 3871 889 3936 ab
902 3870 1052 3938 hostibus
1067 3874 1221 3954 externis,
1237 3894 1266 3938 e.
1279 3895 1311 3958 g.
1323 3895 1343 3938 a
1356 3873 1449 3940 Sars-

325 3976 431 4056 cenis,
447 3983 518 4037 tum
533 3973 803 4037 aGermanorum
819 3970 922 4033 variis
931 3969 1086 4054 gentibus
1098 3991 1182 4056 quae
1190 3971 1330 4035 Francis
1346 3971 1450 4036 tribu·

326 4074 430 4136 turine
441 4081 534 4134 erant
544 4079 577 4133 et
592 4070 811 4156 suprematiae
826 4087 938 4131 eorum
955 4064 1132 4152 subjectae,
1150 4077 1220 4132 tum
1231 4089 1273 4130 ex
1284 4069 1451 4134 intestinis

327 4216 539 4224 .———-

402 4284 423 4350 ¹)
443 4281 498 4336 Cfr.
518 4281 691 4350 usnbergss
710 4279 821 4350 Synchr.
841 4279 935 4335 Gescb
953 4280 985 4334 B.
1005 4280 1038 4346 u
1058 4280 1142 4335 variis
1160 4279 1233 4336 locis.
