2922 4832
289 467 344 520 200
529 464 588 516 XX.
607 463 648 517 Ite
667 469 744 518 statu
765 462 834 517 Eccl.
854 463 942 518 raedis
959 479 1027 518 saec
1048 464 1197 518 silleium.

807 717 884 781 N.

390 859 456 924 De
478 857 685 923 Macco
709 857 974 942 Pontificibus
996 859 1126 940 irruas
1148 862 1308 927 aetolia

381 1035 435 1100 48.
474 1033 549 1115 Quo
574 1031 691 1098 melius
714 1053 826 1097 rerum
850 1034 1150 1099 ecclesiasticarum
1173 1033 1316 1100 conditio
1339 1058 1401 1122 per-

291 1137 460 1222 spiciatur,
486 1133 603 1196 seriem
620 1141 653 1194 et
676 1139 751 1194 acta
773 1132 955 1218 praecipua
967 1131 1178 1214 Pontificum,
1204 1135 1261 1219 qui
1277 1131 1349 1197 inde
1364 1131 1401 1196 ab

290 1233 383 1298 initio
397 1232 521 1296 saeculi
536 1227 704 1293 undecimi
714 1227 884 1292 Ecclesiae
901 1228 1124 1316 praefuerunt,
1141 1253 1183 1293 ex
1200 1229 1314 1296 ordine
1326 1253 1402 1294 com·
1449 1231 1450 1312 Ῠ

128 1345 231 1386 strutar
245 1343 273 1386 ¹1·
290 1351 472 1396 memorare
498 1325 644 1413 juvabit.
676 1363 719 1374 -—
753 1327 872 1408 Quoad
901 1325 1087 1392 Silvestrcm
1117 1327 1157 1392 ΙΙ
1183 1329 1326 1395 sufficiat
1354 1328 1402 1392 hir
1449 1313 1450 1350 ¹

290 1428 418 1494 adver
396 1438 484 1508 rsec,
509 1424 552 1488 ab
569 1423 692 1510 ipsoSt
693 1424 861 1510 ephanum
873 1425 908 1489 11
923 1423 1043 1489 ducem
1059 1423 1262 1512 Hungariae
1283 1437 1404 1512 propter
1449 1489 1450 1514 3

291 1528 362 1614 ejus
390 1523 560 1611 praeclara
591 1522 632 1587 de
655 1523 894 1609 propagatione
918 1521 996 1587 fidei
1021 1521 1148 1606 merita,
1179 1525 1269 1610 regis
1292 1523 1403 1588 honore
1449 1525 1450 1636 3

291 1635 324 1690 et
346 1625 479 1689 nomine
504 1630 638 1685 auctum
663 1621 774 1686 fuisse
812 1618 907 1686 Obiit
928 1619 1094 1704 Pontifex,
1119 1573 1162 1685 ob
1187 1621 1356 1686 doctrinae
1377 1595 1450 1710 etl

291 1722 449 1786 scientiae
483 1717 615 1783 laudem
652 1718 750 1783 valde
787 1718 912 1800 clarus,
952 1718 1007 1783 die
1032 1721 1070 1784 11
1098 1717 1179 1806 Maji
1209 1721 1292 1784 anni
1316 1677 1450 1785 10033

290 1819 405 1884 Benno
437 1815 743 1904 pseudocardinalis
774 1816 835 1881 sub
871 1815 1031 1902 Gregorio
1055 1815 1132 1899 Vll,
1166 1838 1243 1881 eum
1281 1821 1403 1904 praesti·
1449 1791 1450 1882 3

289 1919 353 2003 giis
377 1926 409 1982 et
431 1915 559 1980 artibus
581 1913 721 1999 magicis
744 1913 894 1980 deditum
927 1913 1029 1979 titisse
1054 1915 1159 2002 iisque
1182 1915 1402 2001 pontificatum
1449 1917 1450 2010 3

290 2023 477 2080 assecutum
499 2033 579 2094 esse,
612 2012 833 2076 calumniatus
857 2024 916 2077 est.
963 2011 1049 2076 Eam
1073 2013 1277 2077 calumniam
1302 2025 1402 2100 postea

291 2112 426 2199 quidam
450 2112 626 2196 scriptores
649 2112 861 2196 repetierunt,
885 2111 1160 2196 occasionemque
1183 2111 1257 2196 ejus
1281 2123 1403 2176 censent
1449 2139 1450 2204 3

290 2212 392 2297 aliqui
426 2209 528 2272 fuisse
552 2208 705 2273 Gerherti
738 2209 891 2293 peritiam
921 2209 956 2272 in
979 2205 1079 2272 rebus
1103 2207 1347 2272 mathematicis
1367 2219 1404 2271 at-

290 2331 354 2395 quc
386 2309 420 2371 in
451 2307 581 2370 arcanis
617 2305 856 2391 philosophiae.
904 2305 1033 2370 rietatis
1068 2305 1156 2370 illius
1191 2307 1403 2392 ignorantiam

291 2407 466 2471 obscuram
488 2403 567 2467 inde
592 2404 771 2468 decantant
794 2413 956 2484 auctores,
981 2405 1037 2489 qui
1057 2403 1154 2490 proni
1177 2415 1256 2468 sunt
1280 2403 1324 2468 ad
1347 2426 1405 2466 car·

289 2504 399 2590 peuda
423 2525 462 2566 ea
485 2523 569 2588 quae
585 2501 769 2566 Ecclesiam
794 2510 961 2588 spectant3
985 2499 1043 2566 sed
1067 2503 1215 2588 ineptam
1239 2499 1332 2566 illam
1349 2503 1406 2588 opi-

291 2605 424 2667 nionem
450 2599 490 2664 de
506 2599 663 2665 Silvestre
680 2600 804 2664 Romae
828 2609 861 2664 et
883 2601 1064 2664 universim
1089 2598 1179 2685 apud
1200 2601 1292 2664 viros
1316 2597 1406 2664 eccle·

292 2702 440 2766 siasticos
464 2699 589 2763 aliosve
613 2697 764 2762 homines
789 2698 939 2762 cordatos
956 2697 1144 2762 nullatenus
1162 2709 1242 2762 tunc
1257 2699 1404 2783 viguisse.

291 2807 453 2862 testantur
466 2807 532 2860 tam
547 2798 670 2880 scripta
694 2794 782 2860 illius
798 2797 925 2876 celatia,
950 2817 1050 2882 quam
1068 2795 1277 2881 epitaphium
1293 2799 1405 2882 magni-

291 2898 391 2961 ficum
416 2917 480 2981 quo
505 2894 640 2979 Sergius
664 2893 713 2956 IV
743 2897 858 2979 paucis
886 2903 960 2980 post
990 2895 1086 2958 annis
1110 2891 1264 2958 Silvestri
1297 2915 1404 2959 memo-

292 2995 375 3057 riam
400 2991 627 3072 celebravit.¹)

120 3109 283 3152 roanusxva.
381 3093 435 3155 49.
465 3090 542 3154 Post
555 3097 692 3153 mortem
706 3087 856 3152 Silvestri
869 3086 903 3152 ΙΙ
923 3089 1042 3153 iterum
1060 3087 1360 3174 proceresRomani
1373 3111 1404 3151 ar

292 3189 488 3253 nominatim
513 3185 777 3251 Crescentiorum
801 3185 928 3250 familia
951 3187 1175 3272 principatum
1199 3185 1403 3272 temporalem

292 3287 416 3350 Βοιιιιιθ
440 3287 587 3349 maxima
610 3293 703 3370 parte
726 3295 937 3372 usurparunt,
962 3283 1023 3348 sub
1048 3305 1173 3369 suaque
1191 3281 1403 3370 dependentis

293 3392 469 3450 tenuerunt
492 3381 679 3447 Pontifices.
719 3384 888 3447 Defuncto
914 3381 1071 3447 videlicet
1087 3379 1208 3446 ottone
1232 3378 1297 3460 ΙΙΙ,
1324 3383 1403 3447 allo·

293 3482 400 3545 manis
416 3479 564 3546 Joaunes
578 3479 799 3560 crescentius,
823 3479 911 3543 filius
936 3481 1007 3566 ejus
1030 3501 1128 3566 quem
1154 3479 1271 3544 ultimo
1296 3479 1404 3566 suppli-

293 3581 344 3644 cio
368 3579 524 3642 affecerat
547 3577 625 3643 Otto
641 3578 703 3657 ΙΙΙ,
729 3581 762 3643 in
779 3577 962 3642 Patricium
988 3585 1118 3641 creatus
1141 3589 1200 3654 est
1224 3590 1403 3664 atquemox

293 3678 405 3742 omnia
430 3699 568 3741 munera
592 3675 727 3762 publica
750 3686 783 3740 et
806 3675 947 3740 honores
976 3675 1018 3739 ab
1043 3675 1106 3739 ista
1129 3675 1256 3740 lamilia
1283 3675 1403 3764 ejusque

293 3775 427 3840 asseclis
450 3785 582 3862 arrepta
598 3785 683 3840 sunt.
714 3773 952 3840 Successerunt
961 3772 1140 3837 Pontifices
1152 3771 1302 3838 Jocanua
1314 3773 1344 3838 X
1347 3769 1403 3836 Vll.

294 3875 350 3962 qui
367 3881 441 3959 post
464 3895 523 3936 sex
546 3873 614 3937 fere
638 3895 766 3937 menses
790 3873 844 3936 die
867 3873 888 3936 3
911 3869 1108 3936 Decembris
1132 3873 1212 3935 anni
1239 3872 1328 3937 1003
1345 3872 1402 3958 jam

335 4047 506 4056 .—-——-

370 4141 391 4206 ¹)
410 4139 479 4194 Vide
504 4138 571 4192 illud
594 4155 637 4206 ap.
665 4138 733 4206 Pagi
753 4137 874 4196 Breviar.
903 4136 990 4194 211.
1018 4135 1067 4190 sub
1093 4137 1222 4190 silcestre
1245 4139 1291 4201 ΙΙ,
1322 4147 1347 4192 et
1369 4151 1402 4200 sp.

295 4219 449 4272 Wattericb
470 4215 486 4273 Ι,
507 4237 528 4272 c.
548 4219 578 4272 T.
600 4219 618 4272 l.
639 4236 664 4287 p.
683 4219 726 4274 88.
