3054 4834
341 451 394 503 338
575 451 648 504 XXI.
669 451 708 504 De
727 452 752 506 S.
773 453 906 520 Gregorio
926 453 979 506 Vll
999 453 1076 506 Rom.
1096 453 1234 506 Porrtifice.

339 594 448 656 radice
473 593 547 658 talis
570 597 785 676 auctoritatis
810 595 942 682 qualem
966 609 1188 660 exercuerunt
1212 599 1245 661 in
1262 597 1454 680 depositione

341 693 530 777 principum
555 703 587 756 et
608 693 641 756 in
658 693 791 758 casibus
804 694 979 774 similibus,
1005 696 1206 770 invenimus,
1223 717 1279 758 eos
1295 693 1373 758 talia
1388 696 1454 780 jura

340 790 402 853 sibi
422 789 609 854 vindicasse
634 813 675 854 ex
693 793 819 856 ratione
839 795 1000 878 primulae
1014 793 1169 856 diuinitas
1188 795 1336 856 irretituti.
1371 793 1456 857 Unde

340 890 438 952 etiam
464 888 631 974 abrogatis
656 889 709 952 illo
737 891 814 974 jure
839 890 928 954 civili
964 890 1095 976 illisque
1119 890 1257 974 legibus,
1292 890 1371 954 talia
1390 892 1457 975 jura

340 988 374 1048 iu
406 1009 464 1049 arra
495 986 604 1049 radice
639 1009 703 1050 nou
738 987 860 1053 aboleri
896 1001 1042 1074 possunt.
1098 989 1307 1051 Exercitium
1342 988 1458 1051 actuale

338 1082 414 1147 talis
431 1087 599 1168 potestatis
623 1095 655 1148 et
674 1086 760 1170 juris
785 1085 996 1172 dependebat
1019 1109 1133 1149 sance
1151 1087 1253 1149 variis
1277 1085 1457 1148 conditioni-

338 1182 396 1245 lrus
418 1182 599 1260 crucialibus,
631 1206 717 1269 quae
742 1183 850 1247 medio
875 1206 957 1247 aevo
983 1183 1179 1247 obtinebant
1202 1185 1399 1268 praesertim
1422 1185 1456 1245 ob
1506 1191 1507 1240 i

338 1281 496 1344 unionem
544 1280 634 1344 illam
684 1283 833 1346 intimam
882 1283 968 1345 inter
1015 1284 1204 1345 societatem
1253 1282 1389 1345 civilem
1430 1297 1456 1342 er

338 1377 533 1443 Ecclesiam.
582 1380 691 1465 Atque
724 1392 803 1443 tunc
828 1379 910 1442 illud
929 1381 986 1464 jus
1011 1379 1155 1443 radicale
1180 1389 1212 1442 et
1237 1381 1374 1442 insitum
1404 1383 1457 1464 pri·

338 1477 441 1538 mutui
473 1502 491 1538 a
518 1478 674 1542 Romanis
698 1477 917 1542 Pontificibus
952 1477 1126 1540 actualiter
1159 1480 1306 1540 exerceri
1339 1480 1458 1562 nequit.

337 1573 471 1665 quando
506 1575 712 1638 conditiones
743 1577 909 1638 societatis
934 1585 965 1637 ct
989 1575 1149 1660 adjuncta
1174 1577 1359 1638 universim
1388 1575 1459 1638 talia

338 1681 424 1751 sunt,
461 1683 497 1734 ut
527 1673 687 1757 ejusmodi
721 1675 917 1736 exercitium
953 1683 1105 1756 vergeret
1133 1675 1166 1736 in
1195 1674 1327 1736 ruinam
1363 1675 1460 1758 ipsius

337 1768 507 1833 Ecclesiae
524 1782 556 1834 ct
572 1773 748 1835 societatis.
764 1811 806 1818 ψ
823 1771 940 1850 Qualis
966 1793 1043 1834 vero
1069 1773 1110 1835 sit
1134 1782 1253 1835 natura
1278 1770 1367 1835 illius
1390 1795 1457 1834 auc-

336 1869 486 1948 toritatis,
518 1891 590 1932 eam
616 1871 731 1932 merito
757 1869 823 1932 dici
843 1880 1031 1955 potestatem
1062 1870 1249 1932 indirectum
1283 1871 1317 1930 in
1350 1881 1458 1954 tempo·

335 1965 422 2028 ralia
440 1967 635 2052 principuus,
660 1978 692 2030 et
715 1989 830 2030 revera
844 1967 1005 2031 'Romanis
1031 1967 1248 2031 Pontificibus
1272 1971 1458 2032 convenire.
1506 2031 1507 2064 ,

337 2065 369 2126 in
384 2063 603 2149 Jurepoblico
629 2066 836 2128 ecclesiastico
860 2066 966 2129 fusius
991 2068 1178 2151 exponitur.
1209 2066 1312 2128 Varia
1339 2066 1379 2128 de
1399 2065 1458 2128 hac
1506 2075 1507 2148 l

336 2164 528 2247 quaestione
544 2163 613 2247 jaro
641 2163 825 2242 diximus¹l,
852 2175 883 2226 ct
908 2165 1044 2228 inferius
1069 2167 1130 2227 ista
1156 2164 1196 2227 de
1220 2187 1255 2227 rc
1273 2168 1457 2228 accuratis<

335 2282 481 2338 agemus.

430 2413 500 2475 136.
549 2412 622 2474 Hoc
645 2411 716 2474 loco
743 2411 901 2476 claritatis
925 2415 1033 2497 gratia
1057 2423 1183 2476 tautum
1210 2435 1318 2497 pauca
1347 2411 1458 2497 adjun-

174 2511 312 2594 ¹¹¹l⁰l²⁸l⁰2
334 2512 444 2593 giruus
476 2509 585 2595 quoad
615 2509 759 2573 indolem
793 2509 892 2596 hujus
923 2512 1107 2596 potestatis,
1142 2533 1226 2596 quae
1260 2510 1457 2574 conferenda

163 2583 411 2692 ω’ᾞζᾚῃέυιιῐ
435 2609 475 2670 iis
499 2630 583 2692 quac
608 2607 628 2672 l.
654 2632 682 2671 o.
707 2612 931 2692 exposuimus.
979 2609 1039 2672 Illa
1064 2608 1104 2672 de
1131 2612 1293 2694 potestate
1318 2608 1458 2673 llolina:

334 2707 476 2770 Potestas
506 2707 686 2792 spriritualis
711 2707 831 2770 Sermoni
856 2709 1016 2792 Pontificio
1047 2709 1090 2770 ud
1117 2709 1208 2782 tierent
1232 2717 1456 2792 serpet-noturu-

334 2805 402 2880 lem,
432 2806 623 2892 adjuratum,
662 2808 756 2888 ‹prectai
788 2829 827 2868 eo:
851 2807 1057 2892 consequenti,
1101 2805 1193 2867 babet
1222 2829 1400 2890 supremum
1433 2815 1458 2861 rt

333 2902 561 2988 amplissimam
573 2913 765 2988 potestatem
772 2906 1010 2992 jurisdictionis
1036 2903 1220 2988 temporalis
1244 2926 1342 2988 super
1357 2927 1457 2964 onerive

330 3003 493 3086 principes
517 3012 545 3062 et
569 2999 716 3086 reliquos,
750 3004 804 3087 qui
828 3015 900 3066 uuirt
923 3007 957 3065 to
985 3003 1144 3066 Ecclesia:
1170 3004 1320 3087 praecise
1347 3013 1456 3063 tumen.

333 3110 483 3184 querutum
508 3097 655 3185 postrelat
678 3101 759 3182 finis
791 3102 1047 3187 supernaturalis
1083 3101 1127 3164 ad
1155 3123 1243 3184 quem
1276 3099 1455 3184 spirituali.-

329 3208 472 3283 potestus
495 3197 672 3261 ordinatur.
725 3197 830 3270 Quare
853 3202 883 3262 si
906 3200 941 3262 id
965 3202 1071 3286 carpet
1089 3199 1166 3283 fiais
1188 3197 1456 3282 srrprernuturulis.

327 3305 433 3382 potest
461 3318 596 3357 stammas
623 3297 773 3382 Pontifeae
805 3298 958 3382 deponere
992 3320 1078 3383 repes
1114 3319 1224 3381 eosque
1259 3297 1367 3380 repnis
1395 3297 1456 3358 aab

329 3396 469 3479 pecare.
506 3443 512 3456 .
545 3443 551 3456 .
583 3442 589 3455 .
631 3395 768 3458 Obseruu
802 3409 922 3474 tumen,
956 3418 1133 3482 supremam
1161 3395 1242 3456 douc
1268 3405 1453 3479 potestatem

324 3491 562 3582 jurisdictionis
593 3494 791 3576 temporalia,
821 3517 899 3578 quoe
934 3496 966 3556 in
999 3515 1115 3555 summo
1149 3491 1298 3574 Pontificc
1332 3491 1452 3554 reciet

331 3614 399 3654 cum
431 3614 493 3652 nou
523 3589 567 3652 ud
591 3593 779 3674 temporalia
815 3595 886 3678 ipra
921 3593 977 3656 sed
1001 3593 1044 3654 od
1067 3589 1347 3677 supernaturalem
1366 3590 1453 3672 firmia

285 3727 288 3736 ‹
331 3688 506 3764 ordinetur,
539 3710 602 3749 uon
635 3711 699 3752 esee
733 3713 811 3754 merc
840 3702 1029 3778 potestatem
1065 3687 1278 3775 ternporulem,
1313 3687 1370 3751 sed
1391 3709 1447 3748 esst

331 3785 530 3872 spiritualem.
555 3807 594 3846 eu:
611 3798 708 3871 parte
723 3790 813 3872 fleis.
864 3787 931 3863 Quo
959 3791 1008 3872 fit,
1041 3799 1076 3851 ut
1100 3783 1301 3873 appellanda
1325 3807 1385 3847 nou
1415 3786 1452 3842 sit

325 3893 469 3970 potestus
494 3881 588 3958 luico,
622 3886 678 3946 sed
702 3889 923 3966 ecclesiastica,
948 3885 1186 3976 jurisdictionis
1211 3895 1317 3946 tomen
1342 3895 1450 3968 temp·-

329 3982 421 4060 rele's,
448 3992 480 4044 ul
503 3978 594 4043 illem
610 3986 840 4070 dietiupuumue
863 4011 884 4048 u
895 3995 1054 4070 potestate
1070 4007 1149 4046 mere
1174 3979 1450 4067 spiritualeque

463 4161 542 4168 ---.

405 4259 424 4324 ¹)
445 4256 557 4310 Dissert.
577 4251 651 4306 xlv.
671 4265 695 4303 n.
717 4249 751 4302 45
770 4263 824 4312 sqq.
