2922 4832
307 479 360 530 ‘208
539 477 599 532 XX.
619 478 657 530 De
676 485 751 532 statu
771 479 840 532 Ecel.
859 479 946 533 media
965 494 1037 536 saec.
1053 479 1201 533 undecimo.

307 627 467 691 adversus
491 649 526 691 se
549 649 620 692 esse
651 641 861 710 commotam,
894 641 1011 714 sponte
1035 628 1208 693 abdicavit
1231 641 1263 692 et
1286 631 1405 713 insignis

307 723 510 810 pontificalia
534 725 703 810 deposuit3
739 726 823 790 forte
846 725 1014 790 moraliter
1037 736 1171 790 coactus
1200 737 1280 807 erut7
1312 736 1344 790 ut
1362 725 1404 788 toli

308 823 405 886 modo
436 834 557 908 ageret.
615 823 697 888 Rem
730 825 777 888 ito
814 833 927 888 narret
956 825 1080 888 Bonizo
1118 825 1295 911 episcopus
1326 823 1405 890 Sutri·

148 925 280 974 ‘'¹⁰⁸0111V1
307 943 370 986 nus
384 919 427 1006 ¹):
458 922 507 985 De
532 923 625 985 tertio
648 943 720 986 ecre
745 920 920 1009 (Gregorio
944 921 1007 1004 VI)
1031 922 1109 1008 quid
1123 922 1284 1008 facerent,
1314 945 1365 1008 pso
1383 945 1404 984 se

162 995 276 1037 mum
309 1029 474 1098 uerterent,
506 1019 618 1105 quibas
641 1021 814 1086 accusandi
840 1031 870 1084 et
895 1019 1086 1104 testificandi
1115 1020 1269 1086 adram
1291 1022 1406 1111 judicer
1446 1023 1447 1088 ζ

309 1138 371 1180 eron
401 1117 540 1182 dabone·
567 1115 718 1182 licentia?
767 1117 826 1184 Cui
858 1141 926 1183 cum
958 1117 997 1182 ab
1031 1119 1187 1204 episcopis
1220 1119 1407 1206 supplicatum
1446 1157 1447 1206 p

299 1212 431 1298 fnisset,
465 1224 501 1280 nt
523 1236 652 1278 cansam
682 1215 845 1280 electionis
867 1237 944 1278 snae
961 1227 1142 1302 promeret:
1176 1228 1213 1280 nt
1235 1229 1305 1280 crat
1325 1217 1407 1279 idiota
1446 1209 1447 1296 i

308 1335 427 1376 omnem
454 1335 530 1376 snae
561 1312 722 1376 electionis
749 1315 945 1398 pravitatem
977 1315 1114 1398 apernit.
1162 1315 1274 1392 Deir,
1305 1339 1334 1378 ss
1361 1315 1409 1376 Dei

309 1411 527 1474 misericordia
555 1409 746 1474 sacerdotem
766 1411 875 1496 fnisse
905 1411 979 1475 boni
1003 1412 1174 1476 testimonii
1196 1423 1227 1476 et
1248 1413 1365 1499 famae.
1387 1423 1409 1474 st
1446 1417 1447 1500 ζ

308 1520 394 1572 easta
426 1530 556 1594 corpore
584 1532 605 1572 a
625 1510 773 1594 pueritia
800 1530 923 1595 semper
948 1510 1076 1587 risisse,
1106 1509 1191 1596 qnod
1221 1534 1287 1576 non
1309 1521 1408 1574 temen
1446 1515 1447 1588 i

309 1605 481 1685 laudabile,
506 1605 561 1670 sed
583 1609 679 1670 etiam
701 1609 794 1690 qnasi
812 1606 986 1692 appeticum
1009 1617 1082 1670 tnnc
1097 1611 1245 1694 temporis
1268 1609 1411 1674 ridebatis
1446 1593 1447 1686 i

309 1705 398 1791 opud
421 1705 591 1768 Romanos.
640 1705 746 1793 Hujus
774 1705 823 1768 rei
851 1725 948 1769 cansa
972 1703 1087 1770 mnitas
1109 1709 1312 1791 aeqninoiese
1333 1729 1408 1793 perrr-
1446 1689 1447 1774 i

311 1805 382 1868 iriae
405 1802 538 1881 dicebat,
568 1824 647 1886 qnos
671 1803 826 1880 servabat,
855 1814 891 1867 nt
914 1815 1005 1868 sarta
1029 1815 1112 1868 tecta
1141 1805 1289 1868 ecciesiae
1311 1815 1409 1868 redes·
1446 1829 1447 1890 r

310 1911 405 1978 rarat,
436 1897 484 1964 vel
508 1899 633 1985 aliquid
655 1902 729 1964 nevi
750 1923 896 1986 mopnam
918 1903 997 1988 qnid
1010 1902 1139 1988 faceret
1161 1904 1196 1965 in
1218 1903 1296 1966 arbe
1317 1905 1408 1966 Rene.
1446 1893 1447 1976 i

314 1997 446 2084 Cnmqm
479 2000 660 2084 saepissime
694 2000 894 2085 tyrannidem
911 2002 1123 2086 patritianis
1144 2021 1248 2064 secum
1271 2011 1409 2066 rmcner.
1446 1997 1447 2018 i

310 2108 339 2162 et
362 2097 499 2183 qualiter
526 2099 594 2160 sine
619 2095 687 2160 aila
710 2097 788 2160 cieri
810 2108 841 2162 et
856 2098 976 2183 papali
999 2095 1147 2162 &ctione
1171 2099 1335 2184 Pontifices
1355 2123 1409 2161 con·

308 2198 485 2274 stituerent,
508 2193 589 2260 nihii
611 2193 721 2258 meiius
740 2195 887 2280 patabat,
910 2219 1004 2282 qnam
1027 2195 1205 2262 chenonem
1227 2195 1310 2260 clero
1323 2207 1351 2260 et
1366 2217 1409 2280 po·

305 2293 384 2380 puio
402 2315 465 2379 per
483 2293 682 2379 tyrannidem
696 2294 811 2381 injuste
828 2294 995 2376 niblatam,
1018 2295 1066 2358 isis
1076 2297 1226 2380 pecuniis
1237 2306 1409 2359 restaurare.

314 2390 406 2465 Quod
427 2414 499 2456 eero
522 2403 558 2454 nt
581 2392 752 2456 audierant
774 2394 837 2456 oiri
859 2389 1014 2478 religiosi,
1038 2404 1208 2478 coeperant
1229 2413 1411 2458 mmmamn

311 2491 485 2554 reuerentia
514 2487 710 2554 calliditates
737 2491 862 2575 antiqui
888 2491 986 2554 iestis
1019 2491 1048 2554 ei
1079 2492 1255 2570 insinnare,
1290 2502 1319 2555 et
1345 2487 1410 2552 out

310 2589 392 2673 qrrod
415 2587 524 2652 venale
553 2599 695 2652 sanctam
725 2609 791 2652 esse
822 2588 978 2652 dicebant.
1010 2639 1017 2654 .
1047 2635 1055 2651 .
1085 2637 1093 2652 .
1125 2588 1227 2654 Hisce
1251 2587 1412 2672 Gregorius

310 2687 430 2750 anxius
453 2685 603 2750 redditus
627 2685 731 2750 dixit:
760 2687 881 2750 Testem
895 2686 960 2750 Dei
983 2687 1091 2750 invoco
1115 2687 1150 2750 in
1166 2689 1305 2752 animam
1320 2707 1410 2748 neon.

309 2786 371 2848 viri
386 2783 526 2869 fratres,
557 2807 603 2847 me
626 2805 666 2846 aa
689 2785 743 2848 hoc
766 2785 979 2848 remissionem
995 2794 1198 2870 peecatorum
1229 2795 1261 2849 et
1282 2785 1340 2848 Dei
1359 2805 1410 2845 ore·

310 2881 382 2944 didi
407 2882 584 2966 promereri
612 2883 760 2968 qratiam.
815 2883 903 2946 Dein
934 2902 1036 2967 quum
1069 2893 1243 2947 censerent
1273 2881 1410 2968 episcopi⁴

311 2983 480 3064 irrepsisse
503 2980 678 3043 simoniam
703 2981 737 3043 in
752 2980 971 3065 acquisitione
995 2980 1225 3065 pontificatus,
1249 2978 1411 3063 Gregorius

310 3099 422 3141 eorum
434 3077 563 3162 judicio
587 3076 718 3158 cedens,
742 3079 940 3142 sententiam
964 3079 998 3141 in
1022 3099 1056 3141 se
1080 3077 1217 3164 protulit
1239 3071 1409 3164 hujusmodi

311 3175 443 3239 dicens:
482 3175 548 3261 Epo
589 3173 761 3260 Greporins
795 3177 976 3262 episcopas,
1018 3198 1126 3240 sernas
1162 3197 1319 3240 serrorum
1351 3173 1409 3236 Dei,

305 3283 439 3359 propter
463 3273 678 3358 turpissimam
707 3273 911 3338 venalitatem
934 3274 1125 3338 simoniacae
1147 3274 1319 3352 naereses,
1346 3291 1409 3358 pust

310 3373 435 3458 antiqui
463 3373 559 3436 hostis
593 3373 733 3435 versutia
759 3394 844 3436 meae
875 3371 1020 3436 electioni
1050 3372 1199 3456 irrepsit,
1235 3397 1257 3434 a
1287 3375 1409 3436 Rornae

310 3471 493 3555 episcopata
516 3469 627 3558 jndice
658 3491 705 3532 me
735 3469 983 3534 submovendam.
998 3467 1024 3553 ²)
1072 3467 1145 3534 Hoc
1175 3471 1303 3534 ratione
1329 3469 1409 3550 igitur

309 3641 523 3650 ..-—.-.--.---

386 3737 404 3808 ¹)
424 3736 536 3804 Scripsit
554 3735 662 3799 Borrine,
683 3735 808 3803 Gregorii
828 3734 880 3790 Vll
904 3735 932 3787 in
957 3733 1103 3788 certamine
1127 3733 1215 3788 socius
1238 3743 1267 3790 et
1291 3734 1409 3802 spissam·

309 3819 424 3886 primum
443 3817 575 3880 Sutrinos,
595 3822 688 3884 postes
706 3815 888 3880 Placentinus,
907 3815 1005 3868 Luras
1022 3829 1114 3868 nomm
1132 3813 1169 3866 nd
1187 3817 1318 3872 Antan,
1335 3811 1371 3878 qui
1385 3809 1405 3859 si

309 3901 376 3954 <iuss
395 3899 566 3965 quaestiones
585 3905 769 3964 proposuerat,
795 3911 889 3950 unam:
916 3896 971 3950 Cur
990 3893 1135 3948 Ecclesiam
1157 3892 1217 3960 peti
1235 3893 1333 3948 tamur
1350 3892 1406 3942 Dan

307 3983 398 4046 justus
416 3977 607 4045 permitteret?
626 4007 660 4018 —
680 3977 807 4032 niteram:
833 3976 903 4030 Num
922 3991 969 4043 pro
986 3973 1038 4030 fide
1056 3971 1205 4028 christiano
1228 3973 1318 4028 liceret
1339 3985 1406 4024 amu

309 4061 360 4114 nti.
397 4059 437 4114 De
456 4057 616 4112 Pontificum
641 4065 670 4112 et
687 4056 883 4124 imperatorium
905 4055 992 4125 gestis
1016 4054 1151 4122 permulta
1173 4052 1202 4106 in
1220 4051 1344 4108 tristius
1361 4061 1404 4102 trs·

311 4141 420 4194 duntur.
458 4140 481 4192 A
500 4137 678 4192 schismaticis
697 4137 798 4191 occisus
818 4135 874 4190 fuit
892 4152 963 4190 anna
984 4136 1059 4188 1091.

386 4245 406 4312 ²)
427 4244 482 4298 Lib.
503 4245 527 4296 V
546 4245 580 4298 ed
600 4245 734 4311 Amicum3
753 4259 795 4310 ap.
819 4242 969 4297 Wstterich
988 4241 1005 4298 l.
1025 4255 1046 4294 c.
1067 4241 1086 4293 l.
1109 4241 1150 4294 76,
