2904 4834
314 467 437 522 Eventus
456 473 517 536 post
535 467 683 524 Concilium
703 483 756 522 ceo.
776 467 854 523 VIII.
1091 468 1144 522 437

41 613 94 674 init
116 613 246 676 effectus
269 611 419 676 laborum
443 610 554 676 Photii
579 613 614 676 in
638 609 837 692 Occidente,
861 611 918 675 sed
950 612 985 675 in
1009 610 1144 676 Oriente

43 731 146 792 magna
169 731 210 772 ex
233 719 327 794 parte
352 708 440 794 quod
470 707 664 773 intendebat
694 719 862 774 assecutus
892 718 956 790 est,
988 707 1171 772 videlicet*

43 819 71 868 ut
84 805 302 871 Orientalibus
318 807 448 871 odiosos
471 805 624 872 redderet
638 803 869 872 Occidentales
893 817 1051 892 tanquam
1074 827 1145 891 pro·

41 903 147 968 ditores
169 903 248 970 fidei
273 903 493 986 orthodoxae,
525 914 558 968 et
581 925 724 968 errorem
748 905 790 969 de
813 905 1021 989 processione
1045 901 1145 989 Spiri-

41 1013 83 1064 tus
104 999 214 1066 Sancti
239 1025 282 1067 ex
305 1001 373 1066 solo
396 1001 495 1066 Patre
525 1003 559 1065 in
584 1000 720 1066 Oriente
744 1001 889 1065 firmaret
912 1023 951 1066 ac
975 1000 1145 1073 schismati
1203 1051 1229 1083 p

42 1097 280 1164 fundamentum
304 1099 529 1186 dogmaticum
553 1109 693 1185 pararet.
743 1093 749 1112 ⁸
1202 1110 1216 1154 t

117 1195 190 1262 130.
216 1196 282 1262 Sed
305 1196 415 1261 Photii
448 1219 500 1262 res
532 1195 623 1262 haud
654 1198 700 1260 ita
727 1196 829 1260 multo
858 1205 933 1282 post
960 1197 1080 1260 iterum
1110 1199 1145 1262 in
1162 1215 1204 1256 no
1220 1213 1309 1265 sapim

42 1293 200 1359 adversam
231 1306 358 1360 mutata
388 1304 448 1360 est.
493 1295 635 1360 Basilius
666 1296 753 1359 enim
784 1294 967 1380 Imperator
1002 1294 1055 1359 die
1086 1297 1146 1360 29⁰
1211 1275 1265 1332 ¹⁰¹⁹*

41 1393 169 1476 Augusti
193 1395 275 1457 anni
300 1392 364 1458 886
388 1402 526 1456 naturae
551 1391 699 1458 debitum
715 1390 853 1478 solvit1),
879 1393 975 1478 eique
989 1395 1148 1457 successit

42 1488 93 1551 leo
113 1489 210 1576 filius,
235 1491 290 1554 cui
306 1499 419 1575 postea
434 1487 600 1575 Sapientis
620 1512 678 1554 seu
692 1489 884 1576 Philosophi
901 1498 950 1554 est
965 1512 1148 1575 cognomen

41 1585 152 1652 datum.
199 1588 233 1652 ls
255 1587 384 1670 Photio,
409 1590 562 1674 quamvis
585 1588 675 1653 hunc
698 1587 868 1652 habuisset
890 1599 1147 1674 praeceptorem,

42 1705 143 1768 parum
169 1685 324 1750 addictus
348 1696 433 1768 erat,
465 1687 530 1750 imo
561 1688 768 1750 aversionem
798 1708 865 1752 non
890 1686 1089 1750 mediocrem
1113 1690 1148 1752 in

42 1803 105 1846 eum
133 1792 348 1868 conceperat,
380 1783 468 1870 quod
498 1783 694 1848 Theodorus
717 1784 980 1866 Santabarenus,
1013 1785 1150 1870 patriar-

42 1880 111 1944 chae
133 1884 277 1965 amicus,
308 1881 455 1946 Leonem
479 1884 564 1967 patri
588 1882 711 1946 Basilio
736 1891 925 1967 suspectum
949 1881 1149 1964 reddiderat,

42 1999 232 2066 magnasque
264 1977 443 2065 aliquando
476 1978 658 2044 discordias
690 1983 776 2044 inter
808 1978 868 2044 hos
900 1989 1149 2065 provocaverat,

42 2077 79 2138 ita
108 2087 143 2139 ut
170 2077 355 2162 imperator
385 2076 491 2141 filium
521 2100 581 2164 per
610 2077 744 2163 aliquod
775 2087 905 2163 tempus
938 2078 972 2141 in
1001 2077 1149 2143 custodia

41 2174 202 2240 detineret.
229 2213 266 2222 -
292 2174 523 2240 Pervenerunt
545 2197 642 2262 porro
665 2176 708 2240 ad
731 2177 879 2240 Leonem
900 2175 1044 2261 litterae,
1069 2197 1150 2262 quas

42 2269 219 2358 Stephanus
242 2273 399 2338 Pontifex
422 2273 465 2338 ad
489 2273 650 2338 Basilium
675 2273 856 2356 direxerat,
882 2283 919 2337 ut
941 2274 1062 2338 Marini
1086 2295 1150 2338 me-

41 2373 168 2434 moriam
197 2371 385 2436 vindicaret
416 2380 450 2434 et
475 2370 585 2435 Photii
616 2372 764 2436 facinora
797 2372 906 2436 denuo
939 2373 974 2434 in
1007 2382 1150 2436 mentem

40 2479 211 2534 revocaret.
256 2469 374 2554 Itaque
396 2468 466 2533 Leo
490 2467 585 2534 brevi
608 2479 782 2556 postquam
806 2470 987 2555 Imperium
1012 2469 1151 2555 adeptus

39 2577 89 2646 cst,
111 2565 268 2631 Photium
292 2589 335 2630 ex
358 2567 435 2631 sede
453 2565 588 2634 OPtana
612 2567 653 2632 ob
671 2568 774 2632 multa
794 2568 865 2654 ejus
881 2567 1029 2633 facinora
1043 2569 1150 2653 ejecit,

40 2678 127 2748 atque
160 2667 195 2728 in
229 2665 465 2729 monasterium
497 2665 668 2750 relegavit.
700 2649 924 2730 'Theodorum
957 2665 1151 2730 Santabare-

40 2783 109 2825 num
132 2784 211 2827 raro
236 2762 352 2826 durius
374 2765 546 2846 tractavit3
570 2765 677 2849 primo
701 2763 858 2829 videlieet
880 2763 935 2827 hic
957 2761 1151 2827 verberibus

40 2859 166 2924 effeetus
190 2859 340 2926 Athenas
369 2860 566 2925 inexilium
591 2863 728 2944 missus,
763 2872 875 2947 postea
906 2863 1005 2925 etiam
1037 2883 1151 2924 excae·

40 2966 123 3020 catus
145 2957 218 3022 fuit.

123 3065 196 3129 131.
235 3064 463 3129 Patriarcham
503 3075 582 3130 tunc
616 3067 685 3130 Leo
721 3066 909 3152 designavit
944 3065 1149 3152 Stephanum
1160 3071 1323 3117 ihdimus&

39 3159 162 3226 fratrem
183 3184 290 3241 suum,
315 3164 372 3249 qui
391 3163 461 3248 jam
487 3185 506 3227 a
530 3173 623 3249 patre
647 3166 746 3228 statui
762 3163 983 3229 ecclesiastico
998 3162 1150 3227 addictus
1193 3134 1283 3186 'mm'

39 3269 67 3318 et
88 3282 106 3322 a
127 3259 245 3324 Photio
270 3259 431 3325 diaconus
455 3261 626 3325 ordinatus
650 3273 729 3327 erat.
762 3262 924 3343 Quamvis
948 3273 1058 3326 autem
1075 3261 1151 3325 ado-

39 3354 155 3422 lescens
179 3367 265 3422 esset
287 3359 431 3423 sedecim
455 3380 628 3442 annorum,
652 3369 764 3425 tamen
787 3363 874 3424 circa
888 3360 1007 3423 festum
1023 3358 1151 3422 Natalis

41 3452 167 3519 Domini
192 3457 270 3521 anni
296 3455 361 3520 886
377 3455 564 3541 Stephanus
587 3480 607 3520 a
630 3456 834 3544 Theophane
851 3456 1058 3542 metropolita
1073 3455 1152 3520 Cae·

42 3556 174 3617 ssreenei
204 3556 239 3617 in
266 3552 489 3640 patriarcham
515 3553 688 3619 OPtanum
716 3565 926 3620 consecratus
958 3565 1016 3620 est.
1063 3554 1151 3618 Dein

42 3650 157 3716 studuit
172 3651 242 3716 Leo
266 3641 367 3715 etiam
390 3651 463 3716 illos
488 3653 665 3739 praesules,
690 3656 746 3740 qui
773 3654 857 3719 duce
874 3653 1024 3738 Styllano
1048 3673 1151 3738 usque

42 3745 198 3813 adfinem
222 3748 340 3814 Photio
364 3752 565 3832 restiterant,
602 3773 639 3816 eo
671 3751 851 3834 adducere,
887 3761 924 3815 ut
946 3749 1151 3836 Stephanum

42 3853 189 3932 tanquam
213 3845 437 3932 patriarcham
461 3858 692 3933 agnoscerent3
727 3871 895 3936 quumque
923 3851 958 3913 in
982 3848 1081 3933 hujus
1104 3869 1152 3911 or-

110 4087 125 4148 ι)
143 4085 247 4155 Pagius
278 4085 380 4154 aliique
409 4092 531 4142 sudores
556 4087 689 4143 Basiliam
721 4097 856 4144 mortuum
888 4103 945 4144 csse
975 4095 1086 4142 censent
1108 4087 1152 4142 die

47 4162 73 4213 1ο
88 4163 177 4220 llartis
202 4181 227 4218 a.
251 4165 319 4233 8⁸⁶3
344 4165 391 4220 sed
415 4181 477 4220 aum
502 4167 594 4236 potins
618 4167 661 4222 die
686 4169 734 4223 29ο
751 4169 872 4238 Augusti
898 4168 1009 4234 obiisse,
1034 4167 1153 4222 ostendit

48 4239 244 4312 Hergenrother,
264 4245 386 4312 Plotius,
405 4245 436 4300 Τ.
455 4247 492 4301 ΙΙ.
511 4263 537 4316 p.
556 4247 616 4315 679,
635 4253 701 4302 nota
719 4248 761 4302 69.
