3002 4836
435 495 583 552 tbndlinn
601 496 749 554 Nicaennm
768 498 805 554 11.
1144 499 1180 556 ot

78 642 135 706 ille
155 641 204 706 fut
222 639 278 704 lue
301 639 385 704 dana
407 639 440 704 la
463 639 605 706 seconde
630 642 785 708 merione
804 679 848 690 --
863 643 981 708 Refert»
989 665 1086 730 porro
1102 666 1179 708 auc·

74 755 126 823 tor,
150 738 315 826 quomodo
339 737 440 823 legati
464 738 634 804 Pontificie
665 741 868 825 quaesierint
900 763 922 804 a
944 741 1080 806 'l'arasio
1104 753 1137 805 et
1159 763 1180 806 a

73 837 225 919 Concilio,
257 859 302 901 an
333 837 558 900 consentirent
581 835 629 902 illi
661 837 837 923 epistolae3
871 851 904 903 et
927 840 1026 904 citato
1050 839 1178 905 Taraeii

72 955 212 1022 responso
242 933 408 998 advertit:
444 933 559 1018 ,dinei
583 934 720 1000 Taraiee
752 944 824 1000 tout
854 957 895 1000 en
919 935 1126 1022 proclamant
1147 937 1180 1002 la

67 1035 142 1118 juste
164 1034 308 1098 antoritd
332 1031 374 1098 de
391 1031 528 1117 l'Eglise
547 1035 705 1115 mmaine,
730 1043 841 1098 eenbe
865 1033 907 1098 de
929 1032 1046 1099 l'unitd
1069 1035 1178 1100 catho-

70 1131 155 1217 lique,
171 1129 306 1196 declara
320 1129 522 1211 bautement,
537 1132 593 1216 qn’
612 1130 635 1195 il
659 1129 783 1196 adher-e
806 1132 829 1195 d
851 1131 884 1196 la
906 1130 1002 1196 lettre
1016 1131 1178 1198 d'Adrien

68 1226 247 1315 pareequ'il
261 1226 306 1292 l’a
328 1226 505 1293 examines
529 1238 562 1292 et
582 1230 660 1294 s'est
682 1231 869 1294 eonvaincu
886 1248 951 1315 que
974 1229 1006 1294 la
1029 1229 1179 1296 doctrine

69 1327 172 1412 qn’elle
197 1326 363 1392 reniertne
387 1335 436 1390 eat
467 1325 635 1392 conforme
663 1330 683 1392 b
707 1325 788 1392 celle
818 1326 859 1391 de
882 1327 1058 1392 l'Ecriture
1081 1335 1114 1392 et
1137 1326 1179 1392 de

68 1425 92 1488 la
111 1424 302 1490 tradition.“
321 1461 365 1470 -
380 1421 646 1490 Commemorata
669 1425 749 1491 dein
773 1433 955 1512 spontanea
976 1425 1178 1490 adhaesione

67 1523 193 1608 synodi,
218 1521 334 1587 Illmna
356 1529 472 1586 auctor
494 1523 618 1608 pergit:
654 1523 760 1606 „Maia
782 1544 866 1609 pour
888 1524 970 1588 faire
994 1524 1119 1590 boletar
1141 1547 1178 1588 oe

66 1631 305 1686 eonaentement
333 1619 434 1684 d'une
467 1621 614 1684 maniere
646 1620 720 1706 plus
757 1619 931 1685 manifeste
961 1642 1098 1706 encore,
1131 1619 1179 1686 les

65 1717 158 1804 le'gate
174 1719 417 1803 interrogbrent
438 1716 469 1782 le
493 1717 618 1782 concile
642 1739 684 1782 en
708 1729 792 1782 cene
815 1718 939 1783 forme:
964 1721 1179 1806 Nouapro'oaa

64 1816 185 1882 loeoiat
200 1815 317 1881 coneda
332 1817 371 1880 de
386 1815 455 1880 dire
479 1813 531 1880 r't'l
553 1817 650 1899 rapoit
673 1839 714 1880 oa
736 1839 800 1882 nou
823 1815 869 1881 lea
892 1814 998 1881 lettre
1021 1817 1065 1882 da
1078 1819 1176 1904 Papo.

65 1915 103 1980 Le
124 1914 253 1980 concile
277 1913 447 2000 repondit:
475 1915 567 1980 Noae
581 1916 718 1994 auocat,
738 1937 817 1978 noae
839 1937 994 1993 reconem,
1018 1935 1097 1980 emta
1120 1916 1176 1979 od·

63 2025 184 2078 moue
208 2037 259 2078 cea
281 2012 396 2078 lettres.
422 2049 465 2060 -
489 2012 525 2078 Si
548 2012 580 2078 la
603 2011 697 2078 lettre
727 2012 889 2078 d’Adrien
913 2021 1016 2076 avant
1038 2011 1173 2098 l'aceep·

62 2114 157 2176 neon
181 2111 228 2175 dn
252 2109 379 2176 concile
403 2114 460 2176 etit
488 2112 544 2175 ete
574 2109 735 2194 regardee
766 2131 894 2175 comme
917 2133 983 2175 une
1005 2109 1097 2194 tegle
1120 2111 1175 2176 ab·

61 2209 143 2274 solue
158 2207 201 2274 de
217 2209 274 2290 foi,
288 2207 550 2294 l’interrogation
571 2208 629 2274 dee
644 2207 748 2294 legate
770 2219 803 2273 et
819 2207 1040 2274 l'alternative
1054 2208 1173 2294 qn'elle

60 2329 146 2392 pose,
181 2329 224 2372 ne
255 2308 447 2392 pourraient
478 2328 538 2392 pas
570 2306 771 2393 s’expliquer
804 2305 1169 2388 raisonnablement“¹).

139 2405 194 2470 64.
219 2405 313 2470 Haec
346 2405 491 2490 profecto
516 2403 620 2470 multa
648 2406 819 2470 continent
842 2427 926 2491 quae
956 2405 1087 2470 admitti
1116 2428 1168 2470 no·
1205 2435 1322 2478 munao.

58 2515 192 2590 queunt,
216 2524 279 2568 nec
302 2503 348 2568 rei
374 2504 504 2568 veritati
533 2501 743 2588 respondent.
789 2501 988 2568 Nullatenue
1010 2524 1050 2568 eo
1072 2505 1168 2589 perti-

58 2615 106 2666 net
128 2601 278 2666 necitatio
302 2599 459 2686 epistolae
492 2600 673 2682 Hadriani,
707 2611 743 2664 ut
773 2623 905 2665 ettamen
920 2601 1098 2688 jouidicum
1121 2603 1166 2666 in-

58 2702 207 2764 stituatur
237 2697 278 2764 de
310 2697 436 2780 eadem,
467 2708 500 2762 et
522 2699 637 2764 Patren
668 2707 829 2784 tanquam
853 2697 988 2784 jndices
1019 2699 1176 2764 Pontifici

58 2799 234 2883 superiores
260 2795 314 2860 vel
333 2796 487 2882 aequales
506 2797 687 2883 inquirant,
708 2819 751 2860 an
773 2797 844 2882 ipsa
866 2807 977 2862 rectae
999 2796 1077 2861 fidei
1102 2819 1176 2861 eon·

58 2917 133 2960 sona
162 2898 222 2978 eit,
257 2907 290 2960 et
313 2895 340 2960 si
366 2896 411 2960 ita
436 2895 626 2960 inveniatur
658 2915 731 2958 eam
755 2893 941 2960 admittant.
986 2894 1175 2977 Pontifices,

58 3015 154 3078 qnam
168 2992 297 3078 Synodi
322 2991 595 3073 celebrabantur,
620 3013 696 3057 suas
719 2991 845 3056 litterae
869 2991 994 3058 dabant
1016 3001 1175 3078 tanquam

60 3090 199 3175 regulam
234 3089 311 3155 fidei
337 3090 509 3170 tenendae,
534 3091 569 3154 in
594 3111 669 3155 enm
703 3089 815 3174 finem,
840 3091 936 3154 utin
961 3087 1110 3154 Concilio
1132 3087 1179 3154 le·

57 3201 205 3270 gerentur
228 3198 262 3254 et
285 3188 468 3253 seeundum
486 3187 672 3252 doctrinam
687 3189 873 3274 expositam
893 3187 1025 3254 decreta
1048 3186 1174 3252 fierent.

59 3285 272 3372 Imperatores
296 3287 331 3351 in
355 3308 415 3350 sua
438 3285 576 3372 epistola
598 3286 641 3350 ad
666 3284 840 3371 Synodum
864 3285 1114 3368 mandaverant,
1138 3294 1177 3348 nt

59 3383 215 3466 legeretur
227 3383 400 3448 Pontificio
424 3382 563 3469 epistola·
586 3382 770 3448 seeundum
789 3383 847 3469 jus
863 3403 1038 3448 canonum.
1064 3381 1173 3463 Quon-

58 3481 130 3548 dam
152 3485 186 3549 in
210 3483 385 3548 latrocinio
410 3481 579 3567 Ephesino
600 3480 783 3546 Dioscorus
805 3482 1034 3546 recitationem
1057 3481 1174 3566 epieto·

60 3579 109 3642 lae
122 3581 240 3648 Leonis
263 3581 308 3646 ed
324 3579 525 3646 Flavianum
549 3578 755 3665 impedierat,
781 3601 820 3643 ac
835 3579 1013 3645 voluerunt
1035 3580 1173 3644 fortasse

61 3677 272 3764 Imperatores
301 3677 441 3743 sollicite
472 3677 659 3764 providere,
691 3699 734 3741 ne
757 3701 777 3741 a
800 3677 984 3742 fautoribus
1007 3677 1176 3743 Iconocla-

60 3789 175 3842 stamen
198 3777 348 3842 recitatio
377 3775 602 3862 impediretur.
649 3773 844 3841 Nullatenus
876 3777 978 3860 igitur
1009 3775 1170 3860 agebatur

132 3899 151 3967 ¹)
168 3899 328 3956 DnGoncile
337 3903 399 3970 gen.
407 3899 437 3955 Τ.
448 3900 470 3954 Ι.
480 3899 511 3956 L.
522 3898 556 3954 11.
567 3897 615 3954 Ch.
625 3897 673 3952 IX.
682 3913 724 3967 pp.
735 3899 854 3966 toeuq.
870 3927 904 3939 -
923 3899 1009 3955 Plane
1018 3899 1119 3955 similia
1126 3899 1175 3954 na·

65 3976 112 4030 bet
122 3977 244 4036 Met:
264 3979 356 4048 „Quod
369 3980 402 4036 de
412 3997 441 4035 ra
450 3980 599 4049 explorata,
609 3979 694 4046 deque
708 3978 899 4034 irreformabili
905 3979 1007 4050 jndicio
1016 3979 1119 4050 quaeri,
1128 3995 1174 4034 ne-

61 4071 113 4122 unt
125 4067 194 4114 reete
207 4059 279 4114 ratio
293 4075 381 4127 nsque
395 4059 461 4114 ilde·
472 4059 564 4114 sinit.“
581 4057 612 4113 L.
632 4075 654 4115 e.
673 4089 705 4098 -
725 4059 842 4114 Videtur
855 4057 948 4114 lllmna
963 4061 1051 4114 Manet
1065 4065 1174 4114 eeeutna

62 4135 142 4190 inisse
156 4141 416 4209 argumentationem
427 4139 560 4204 Bosenati,
576 4139 729 4193 accuratius
745 4145 837 4194 umen
853 4138 923 4193 citat
935 4147 1028 4195 textus
1042 4141 1175 4210 integroa

62 4215 405 4354 dqnxltoesoeqpalomittit
427 4232 495 4288 quae
520 4219 674 4274 sententiae
698 4235 764 4274 etiae
789 4219 974 4276 uehementius
992 4229 1175 4289 opponantur.

62 4305 70 4340 t
98 4335 106 4347 .
148 4299 265 4354 maarai
295 4315 344 4354 ,α
