2922 4832
286 435 337 492 136
551 437 625 492 xlx.
645 437 851 494 Controversiae
869 445 898 494 et
916 439 1026 508 Imperii
1044 439 1155 496 indoles.

285 581 494 644 matrimonio
526 582 555 644 ei
588 582 681 644 uuita
713 593 807 646 esset.
854 582 947 648 Haeo
978 585 1106 669 peperit
1130 583 1173 670 (e.
1198 583 1272 662 905)
1294 583 1394 646 filiuni

286 675 541 742 Constantinum
570 677 905 763 Porphyrogenitum.
953 679 1064 762 Quum
1097 681 1139 746 de
1171 679 1331 767 baptismo
1355 703 1394 744 so·

284 775 386 839 lemni
410 778 504 861 pueri
528 786 689 862 ageretur,
713 776 871 842 Nicolaus
885 777 1048 862 Mystieus
1059 778 1085 862 ¹)
1109 778 1295 864 patriarcha
1319 801 1396 842 corn-

286 875 379 938 muni
404 873 538 938 consilio
564 895 640 938 eum
656 874 782 958 synodo
804 875 985 940 domestica
1001 875 1194 958 declaravit,
1218 876 1398 943 solemniter

287 993 425 1055 puerum
449 993 514 1035 non
539 993 634 1056 posse
657 969 839 1057 baptizari,
872 974 934 1037 nisi
959 974 1027 1037 Leo
1052 977 1258 1060 promitteret
1280 997 1398 1060 separa·

287 1071 409 1132 tionem
433 1092 453 1132 a
477 1078 591 1134 matre.
638 1069 689 1132 Ea
723 1069 913 1135 conditione
948 1070 1106 1136 videlicet
1138 1073 1284 1157 permitti
1311 1093 1398 1158 posse

286 1166 498 1251 Imperatori,
532 1177 568 1228 ut
595 1165 704 1230 lilium
737 1170 891 1253 quamvis
926 1167 1040 1234 illicite
1063 1172 1213 1254 genitum
1238 1172 1286 1232 uti
1309 1191 1397 1233 suum

287 1265 457 1344 retineret,
491 1263 548 1329 sed
573 1275 710 1328 matrem
735 1263 855 1330 debere
880 1265 1012 1347 dimitti,
1038 1289 1140 1353 quum
1170 1266 1342 1352 illegitima
1364 1270 1399 1330 sit

287 1361 342 1426 illa
376 1363 575 1447 conjunctio.
621 1363 777 1427 Promisit
811 1364 945 1450 quidem
969 1363 1037 1428 Leo
1062 1365 1121 1444 Vl,
1152 1375 1186 1430 et
1218 1364 1400 1430 solemniter

287 1459 474 1546 baptizatus
497 1471 546 1524 est
570 1460 807 1526 Constantinus
831 1467 875 1546 (a.
899 1461 993 1543 906);
1024 1462 1081 1526 sed
1106 1465 1222 1550 paucis
1245 1473 1319 1548 post
1343 1461 1400 1526 die·

287 1557 349 1620 bus
373 1557 556 1642 Imperator
579 1559 679 1622 Zoem
714 1558 897 1624 declaravit
920 1560 1123 1646 Augustam,
1154 1583 1194 1625 ac
1218 1562 1290 1624 sine
1314 1563 1401 1624 inter·

288 1666 390 1719 vomu
414 1655 621 1741 patriarchae
654 1666 687 1720 et
719 1659 947 1743 episcoporum
978 1661 1111 1744 nuptias
1144 1657 1342 1733 celebravit,
1373 1659 1401 1720 in

288 1751 408 1840 quibus
432 1755 503 1839 ipse
527 1753 792 1818 benedictionem
817 1758 1045 1841 pronuntians,
1069 1767 1179 1842 partes
1204 1758 1273 1840 egit
1296 1757 1399 1841 sponsi

288 1850 539 1937 etpresbyteri.
585 1853 684 1916 Brevi
717 1864 789 1938 post
819 1864 856 1917 ut
880 1853 1045 1918 defectum
1070 1853 1254 1940 suppleret,
1287 1875 1326 1918 eo
1354 1853 1401 1916 ad·

288 1949 384 2014 alluxit
406 1947 569 2014 'l'homam
594 1950 834 2036 presbyterum,
860 1961 896 2014 ut
915 1951 1180 2016 benedictionem
1207 1953 1402 2016 matrimoni-

287 2046 371 2110 alem
396 2049 430 2110 in
454 2046 601 2112 Leonem
625 2049 790 2134 Zo'e'mque
814 2061 994 2134 perageret,
1020 2062 1117 2136 atque
1135 2049 1257 2114 exinde
1273 2049 1356 2114 haec
1373 2063 1402 2111 ut
1450 2081 1451 2126 5

290 2146 441 2229 Augusta
464 2145 624 2210 honorata
648 2147 718 2210 fuit.
1450 2191 1451 2236 p

377 2251 430 2316 37.
477 2252 599 2336 Ingens
623 2277 665 2317 ex
688 2253 739 2317 his
763 2253 938 2318 eventibus
962 2254 1097 2338 agitatio
1122 2277 1161 2316 ae
1188 2255 1304 2318 scissio
1329 2253 1404 2316 Cen·
1450 2257 1451 2324 l

290 2347 503 2435 stantinopoli
529 2361 600 2414 orta
623 2361 680 2417 est.
728 2351 890 2416 Thomam
921 2351 1151 2438 presbyterum
1175 2350 1334 2415 Nicolaus
1358 2371 1403 2434 pe·
1450 2357 1451 2410 l

289 2447 432 2512 triarcba
466 2448 627 2534 deposuit,
662 2461 694 2514 et
728 2449 939 2536 disciplinam
977 2460 1076 2536 atque
1115 2471 1260 2513 canones
1291 2467 1404 2531 magna

290 2569 365 2610 eum
390 2546 503 2630 vigore
527 2547 722 2612 vindicavit.
769 2547 1019 2613 Matrimonium
1049 2545 1206 2611 videlicet
1234 2545 1405 2632 Imperato-

289 2646 334 2709 ris
365 2652 402 2707 ut
432 2643 560 2708 nullum
594 2643 831 2730 consideravit,
871 2643 1030 2732 illumque
1064 2646 1162 2708 enixe
1197 2645 1342 2709 monuit.
1376 2653 1405 2704 ut

290 2767 309 2807 a
335 2743 458 2828 coeptis
491 2742 673 2809 desisteret.
719 2744 797 2809 Jam
831 2745 944 2808 tertias
979 2744 1113 2828 nuptias
1136 2764 1236 2826 aegre
1266 2741 1404 2827 permitti

290 2842 450 2927 potuisse,
488 2839 546 2905 sed
586 2841 718 2926 nuptias
758 2851 891 2926 quartas
933 2840 1021 2905 nullo
1057 2840 1154 2904 modo
1194 2861 1291 2926 posse
1329 2859 1405 2901 eom-

289 2938 422 3024 probari
464 2939 684 3024 omnibusque
717 2938 847 3024 legibus
881 2961 951 3003 esse
990 2940 1168 3024 oppositas.
1203 2975 1248 2984 -
1287 2937 1406 3001 Adver-

290 3036 427 3101 tendum
452 3047 514 3120 est,
547 3035 684 3100 Nicolao
719 3035 777 3100 diu
801 3059 996 3122 persuasum
1019 3036 1138 3118 fuisse,
1172 3047 1310 3121 quartas
1334 3057 1405 3120 nup·

291 3137 353 3200 tias
385 3135 484 3220 juxta
519 3133 703 3198 doctrinam
727 3133 863 3198 Petrum
889 3155 1059 3220 nunquam
1095 3135 1171 3197 iniri
1199 3155 1311 3220 posse,
1353 3154 1405 3196 ner

293 3234 537 3318 dispensatione
572 3230 684 3317 aliqua
719 3230 871 3296 adhibita
899 3253 995 3318 posse
1031 3231 1216 3317 legitimum
1249 3227 1404 3316 ejusmodi

292 3332 539 3396 matrimonium
563 3329 649 3412 fieri,
682 3329 741 3394 sed
764 3352 806 3394 ex
830 3353 864 3394 se
888 3329 975 3394 hane
999 3331 1156 3394 unionem
1180 3351 1252 3392 esse
1276 3328 1406 3392 fornica-

291 3431 375 3494 riam
406 3439 438 3493 et
469 3427 689 3493 adulterinam
714 3429 832 3514 legique
865 3427 993 3492 divinoe
1026 3427 1221 3514 oppositam.
1269 3427 1323 3490 Ex
1352 3423 1406 3488 her

292 3531 504 3614 persuasione
527 3527 688 3614 rigidiori,
720 3528 773 3591 cui
797 3528 850 3592 vir
873 3528 1082 3612 caeteroquin
1113 3524 1236 3612 probus
1259 3545 1337 3587 cum
1360 3521 1405 3584 eb-

293 3628 469 3693 stinatione
504 3625 648 3712 quadam
678 3624 836 3706 inhaesit,
871 3624 1083 3689 difficultates
1116 3645 1256 3707 magnae
1293 3635 1325 3685 et
1356 3619 1405 3682 diu

293 3727 505 3814 persistentes
529 3733 662 3788 axonae
686 3733 771 3789 sunt.

382 3841 436 3906 38.
484 3838 595 3922 Quum
627 3836 785 3903 Nicolaus
818 3836 907 3924 apud
940 3838 1088 3903 Leonem
1119 3836 1167 3902 VI
1205 3835 1290 3900 nihil
1321 3831 1405 3920 proli·

369 4073 390 4143 ¹)
408 4073 564 4143 Cognomen
583 4069 692 4138 llystioi
711 4067 821 4124 Nioolao
840 4035 901 4122 inde
920 4067 988 4132 luit,
1016 4067 1086 4134 qnod
1110 4071 1174 4120 ante
1201 4064 1404 4134 patriarchatum

294 4154 412 4208 officinm
431 4153 537 4222 mystici
555 4157 693 4218 gesserat,
721 4149 749 4203 id
768 4153 823 4213 est,
842 4155 874 4201 ut
894 4147 977 4216 vulgo
997 4144 1175 4213 intelligitur,
1200 4143 1330 4198 sanctiori
1353 4158 1402 4194 mn·

297 4235 359 4289 silio
377 4233 464 4288 aulico
483 4249 500 4286 a
517 4232 628 4287 seeretis
646 4231 746 4285 lueret.
