<?xml version="1.0" encoding="UTF-8"?>
<!DOCTYPE html PUBLIC "-//W3C//DTD XHTML 1.0 Transitional//EN"
    "http://www.w3.org/TR/xhtml1/DTD/xhtml1-transitional.dtd">
<html xmlns="http://www.w3.org/1999/xhtml" xml:lang="en" lang="en">
 <head>
  <title>
</title>
<meta http-equiv="Content-Type" content="text/html;charset=utf-8" />
  <meta name='ocr-system' content='tesseract 3.04.00' />
  <meta name='ocr-capabilities' content='ocr_page ocr_carea ocr_par ocr_line ocrx_word'/>
</head>
<body>
  <div class='ocr_page' id='page_1' title='image "./dissertationess01junggoog_0677.png"; bbox 0 0 2922 4832; ppageno 0'>
   <div class='ocr_carea' id='block_1_1' title="bbox 309 490 1221 548">
    <p class='ocr_par' dir='ltr' id='par_1_1' title="bbox 309 490 1221 548">
     <span class='ocr_line' id='line_1_1' title="bbox 309 490 1221 548; baseline -0.005 0"><span class='ocrx_word' id='word_1_1' title='bbox 309 497 372 548; x_wconf 60' lang='lat'><em>0206</em></span> <span class='ocrx_word' id='word_1_2' title='bbox 559 493 618 547; x_wconf 84' lang='lat' dir='ltr'><em>XX.</em></span> <span class='ocrx_word' id='word_1_3' title='bbox 639 493 678 547; x_wconf 89' lang='lat' dir='ltr'><em>De</em></span> <span class='ocrx_word' id='word_1_4' title='bbox 697 498 772 546; x_wconf 84' lang='lat' dir='ltr'><em>stetu</em></span> <span class='ocrx_word' id='word_1_5' title='bbox 792 491 861 545; x_wconf 81' lang='lat' dir='ltr'><em>Eccl.</em></span> <span class='ocrx_word' id='word_1_6' title='bbox 880 490 967 545; x_wconf 84' lang='lat' dir='ltr'><em>medio</em></span> <span class='ocrx_word' id='word_1_7' title='bbox 985 505 1053 545; x_wconf 83' lang='lat' dir='ltr'><em>esec.</em></span> <span class='ocrx_word' id='word_1_8' title='bbox 1073 491 1221 546; x_wconf 86' lang='lat' dir='ltr'><em>undecimo.</em></span> 
     </span>
    </p>
   </div>
   <div class='ocr_carea' id='block_1_2' title="bbox 308 633 1441 2292">
    <p class='ocr_par' dir='ltr' id='par_1_2' title="bbox 308 633 1441 2292">
     <span class='ocr_line' id='line_1_2' title="bbox 313 633 1402 725; baseline -0.003 -22"><span class='ocrx_word' id='word_1_9' title='bbox 313 662 378 703; x_wconf 85' lang='lat' dir='ltr'><em>mon</em></span> <span class='ocrx_word' id='word_1_10' title='bbox 402 639 540 725; x_wconf 81' lang='lat' dir='ltr'><em>amplias</em></span> <span class='ocrx_word' id='word_1_11' title='bbox 553 635 711 700; x_wconf 80' lang='lat' dir='ltr'><em>mensibus</em></span> <span class='ocrx_word' id='word_1_12' title='bbox 726 636 749 721; x_wconf 82' lang='lat'><em>¹)</em></span> <span class='ocrx_word' id='word_1_13' title='bbox 773 637 938 700; x_wconf 82' lang='lat' dir='ltr'><em>Romanae</em></span> <span class='ocrx_word' id='word_1_14' title='bbox 952 657 1027 698; x_wconf 82' lang='lat' dir='ltr'><em>usas</em></span> <span class='ocrx_word' id='word_1_15' title='bbox 1043 633 1210 698; x_wconf 63' lang='lat' dir='ltr'><em>cathedrae</em></span> <span class='ocrx_word' id='word_1_16' title='bbox 1234 637 1402 700; x_wconf 77' lang='lat' dir='ltr'><em>srscccssione.</em></span> 
     </span>
     <span class='ocr_line' id='line_1_3' title="bbox 312 731 1402 820; baseline -0.006 -21"><span class='ocrx_word' id='word_1_17' title='bbox 312 737 484 799; x_wconf 85' lang='lat' dir='ltr'><em>Benedicta</em></span> <span class='ocrx_word' id='word_1_18' title='bbox 517 735 655 820; x_wconf 76' lang='lat' dir='ltr'><em>undique</em></span> <span class='ocrx_word' id='word_1_19' title='bbox 685 736 751 798; x_wconf 83' lang='lat' dir='ltr'><em>seis</em></span> <span class='ocrx_word' id='word_1_20' title='bbox 789 757 857 798; x_wconf 78' lang='lat' dir='ltr'><em>crem</em></span> <span class='ocrx_word' id='word_1_21' title='bbox 886 734 1080 820; x_wconf 69' lang='lat' dir='ltr'><em>propinques</em></span> <span class='ocrx_word' id='word_1_22' title='bbox 1117 732 1288 816; x_wconf 82' lang='lat' dir='ltr'><em>infestante</em></span> <span class='ocrx_word' id='word_1_23' title='bbox 1314 731 1402 801; x_wconf 75' lang='lat' dir='ltr'><em>orbat.</em></span> 
     </span>
     <span class='ocr_line' id='line_1_4' title="bbox 312 831 1404 920; baseline -0.005 -23"><span class='ocrx_word' id='word_1_24' title='bbox 312 835 390 920; x_wconf 80' lang='lat' dir='ltr'><em>quia</em></span> <span class='ocrx_word' id='word_1_25' title='bbox 420 855 459 898; x_wconf 82' lang='lat' dir='ltr'><em>erc</em></span> <span class='ocrx_word' id='word_1_26' title='bbox 488 831 668 896; x_wconf 81' lang='lat' dir='ltr'><em>consulibus</em></span> <span class='ocrx_word' id='word_1_27' title='bbox 696 842 798 896; x_wconf 84' lang='lat' dir='ltr'><em>terrae</em></span> <span class='ocrx_word' id='word_1_28' title='bbox 822 841 910 895; x_wconf 86' lang='lat' dir='ltr'><em>ortas</em></span> <span class='ocrx_word' id='word_1_29' title='bbox 932 842 1011 908; x_wconf 88' lang='lat' dir='ltr'><em>erat,</em></span> <span class='ocrx_word' id='word_1_30' title='bbox 1040 867 1083 878; x_wconf 91' lang='lat'><em>-</em></span> <span class='ocrx_word' id='word_1_31' title='bbox 1116 841 1146 893; x_wconf 90' lang='lat' dir='ltr'><em>et</em></span> <span class='ocrx_word' id='word_1_32' title='bbox 1168 833 1203 894; x_wconf 86' lang='lat' dir='ltr'><em>in</em></span> <span class='ocrx_word' id='word_1_33' title='bbox 1227 833 1272 894; x_wconf 88' lang='lat' dir='ltr'><em>eis</em></span> <span class='ocrx_word' id='word_1_34' title='bbox 1294 833 1404 894; x_wconf 81' lang='lat' dir='ltr'><em>marim</em></span> 
     </span>
     <span class='ocr_line' id='line_1_5' title="bbox 311 929 1402 1016; baseline -0.005 -24"><span class='ocrx_word' id='word_1_35' title='bbox 311 932 424 1010; x_wconf 83' lang='lat' dir='ltr'><em>virtus,</em></span> <span class='ocrx_word' id='word_1_36' title='bbox 453 969 497 978; x_wconf 89' lang='lat'><em>—-</em></span> <span class='ocrx_word' id='word_1_37' title='bbox 525 929 601 993; x_wconf 84' lang='lat' dir='ltr'><em>arbe</em></span> <span class='ocrx_word' id='word_1_38' title='bbox 624 954 692 994; x_wconf 84' lang='lat' dir='ltr'><em>enm</em></span> <span class='ocrx_word' id='word_1_39' title='bbox 715 931 865 994; x_wconf 80' lang='lat' dir='ltr'><em>dedecore</em></span> <span class='ocrx_word' id='word_1_40' title='bbox 882 929 1009 1016; x_wconf 78' lang='lat' dir='ltr'><em>pulsus,</em></span> <span class='ocrx_word' id='word_1_41' title='bbox 1042 953 1130 993; x_wconf 82' lang='grc' dir='ltr'>ιιιιιιιι</span> <span class='ocrx_word' id='word_1_42' title='bbox 1153 929 1198 992; x_wconf 86' lang='lat' dir='ltr'><em>ed</em></span> <span class='ocrx_word' id='word_1_43' title='bbox 1222 933 1402 1016; x_wconf 79' lang='lat' dir='ltr'><em>episcopatem</em></span> 
     </span>
     <span class='ocr_line' id='line_1_6' title="bbox 312 1025 1404 1114; baseline -0.007 -22"><span class='ocrx_word' id='word_1_44' title='bbox 312 1051 457 1094; x_wconf 84' lang='lat' dir='ltr'><em>reuersas</em></span> <span class='ocrx_word' id='word_1_45' title='bbox 487 1040 541 1092; x_wconf 88' lang='lat' dir='ltr'><em>est.</em></span> <span class='ocrx_word' id='word_1_46' title='bbox 576 1029 766 1093; x_wconf 74' lang='lat' dir='ltr'><em>Benedictus</em></span> <span class='ocrx_word' id='word_1_47' title='bbox 804 1031 901 1114; x_wconf 74' lang='lat' dir='ltr'><em>iqitstr</em></span> <span class='ocrx_word' id='word_1_48' title='bbox 933 1028 1019 1113; x_wconf 82' lang='lat' dir='ltr'><em>quod</em></span> <span class='ocrx_word' id='word_1_49' title='bbox 1046 1030 1198 1092; x_wconf 87' lang='lat' dir='ltr'><em>amiserat</em></span> <span class='ocrx_word' id='word_1_50' title='bbox 1227 1025 1404 1090; x_wconf 81' lang='lat' dir='ltr'><em>sacerdotium</em></span> 
     </span>
     <span class='ocr_line' id='line_1_7' title="bbox 313 1123 1406 1213; baseline -0.005 -23"><span class='ocrx_word' id='word_1_51' title='bbox 313 1129 441 1213; x_wconf 75' lang='lat' dir='ltr'><em>recepit,</em></span> <span class='ocrx_word' id='word_1_52' title='bbox 459 1128 617 1212; x_wconf 82' lang='lat' dir='ltr'><em>pristinos</em></span> <span class='ocrx_word' id='word_1_53' title='bbox 634 1137 737 1190; x_wconf 73' lang='lat' dir='ltr'><em>mmen</em></span> <span class='ocrx_word' id='word_1_54' title='bbox 752 1149 852 1190; x_wconf 88' lang='lat' dir='ltr'><em>mores</em></span> <span class='ocrx_word' id='word_1_55' title='bbox 865 1128 991 1190; x_wconf 82' lang='lat' dir='ltr'><em>minime</em></span> <span class='ocrx_word' id='word_1_56' title='bbox 1005 1127 1147 1206; x_wconf 82' lang='lat' dir='ltr'><em>mutarit,</em></span> <span class='ocrx_word' id='word_1_57' title='bbox 1172 1125 1333 1188; x_wconf 71' lang='lat' dir='ltr'><em>emendam</em></span> <span class='ocrx_word' id='word_1_58' title='bbox 1344 1123 1406 1208; x_wconf 71' lang='lat' dir='ltr'><em>mol</em></span> 
     </span>
     <span class='ocr_line' id='line_1_8' title="bbox 312 1223 1406 1314; baseline -0.005 -26"><span class='ocrx_word' id='word_1_59' title='bbox 312 1226 466 1311; x_wconf 77' lang='lat' dir='ltr'><em>scriptum</em></span> <span class='ocrx_word' id='word_1_60' title='bbox 490 1236 553 1288; x_wconf 90' lang='lat' dir='ltr'><em>est:</em></span> <span class='ocrx_word' id='word_1_61' title='bbox 577 1223 770 1288; x_wconf 71' lang='lat' dir='ltr'><em>Adolescens</em></span> <span class='ocrx_word' id='word_1_62' title='bbox 785 1230 886 1314; x_wconf 78' lang='lat' dir='ltr'><em>jemla</em></span> <span class='ocrx_word' id='word_1_63' title='bbox 908 1227 994 1288; x_wconf 89' lang='lat' dir='ltr'><em>oium</em></span> <span class='ocrx_word' id='word_1_64' title='bbox 1017 1247 1116 1302; x_wconf 76' lang='lat' dir='ltr'><em>wem,</em></span> <span class='ocrx_word' id='word_1_65' title='bbox 1140 1225 1236 1286; x_wconf 83' lang='lat' dir='ltr'><em>etiam</em></span> <span class='ocrx_word' id='word_1_66' title='bbox 1259 1245 1323 1286; x_wconf 80' lang='lat' dir='ltr'><em>cam</em></span> <span class='ocrx_word' id='word_1_67' title='bbox 1341 1243 1406 1284; x_wconf 81' lang='lat' dir='ltr'><em>scart-</em></span> 
     </span>
     <span class='ocr_line' id='line_1_9' title="bbox 314 1321 1408 1408; baseline -0.005 -22"><span class='ocrx_word' id='word_1_68' title='bbox 314 1325 384 1402; x_wconf 88' lang='lat' dir='ltr'><em>erit,</em></span> <span class='ocrx_word' id='word_1_69' title='bbox 408 1345 472 1387; x_wconf 86' lang='lat' dir='ltr'><em>aon</em></span> <span class='ocrx_word' id='word_1_70' title='bbox 495 1323 618 1387; x_wconf 78' lang='lat' dir='ltr'><em>recedet</em></span> <span class='ocrx_word' id='word_1_71' title='bbox 639 1323 680 1386; x_wconf 88' lang='lat' dir='ltr'><em>ab</em></span> <span class='ocrx_word' id='word_1_72' title='bbox 704 1327 784 1406; x_wconf 56' lang='lat' dir='ltr'><em>east)</em></span> <span class='ocrx_word' id='word_1_73' title='bbox 813 1325 856 1386; x_wconf 85' lang='lat' dir='ltr'><em>Et</em></span> <span class='ocrx_word' id='word_1_74' title='bbox 879 1323 1083 1408; x_wconf 70' lang='lat' dir='ltr'><em>quindennem</em></span> <span class='ocrx_word' id='word_1_75' title='bbox 1107 1332 1153 1385; x_wconf 89' lang='lat' dir='ltr'><em>est</em></span> <span class='ocrx_word' id='word_1_76' title='bbox 1174 1323 1210 1384; x_wconf 85' lang='lat' dir='ltr'><em>in</em></span> <span class='ocrx_word' id='word_1_77' title='bbox 1224 1321 1315 1383; x_wconf 86' lang='lat' dir='ltr'><em>corde</em></span> <span class='ocrx_word' id='word_1_78' title='bbox 1334 1321 1408 1382; x_wconf 80' lang='lat' dir='ltr'><em>ceteri</em></span> 
     </span>
     <span class='ocr_line' id='line_1_10' title="bbox 313 1419 1407 1508; baseline -0.002 -24"><span class='ocrx_word' id='word_1_79' title='bbox 313 1441 397 1484; x_wconf 87' lang='lat' dir='ltr'><em>mooe</em></span> <span class='ocrx_word' id='word_1_80' title='bbox 420 1421 578 1499; x_wconf 87' lang='lat' dir='ltr'><em>meditari,</em></span> <span class='ocrx_word' id='word_1_81' title='bbox 602 1423 637 1484; x_wconf 87' lang='lat' dir='ltr'><em>in</em></span> <span class='ocrx_word' id='word_1_82' title='bbox 649 1422 762 1485; x_wconf 81' lang='lat' dir='ltr'><em>iisdem</em></span> <span class='ocrx_word' id='word_1_83' title='bbox 779 1423 896 1508; x_wconf 78' lang='lat' dir='ltr'><em>pravis</em></span> <span class='ocrx_word' id='word_1_84' title='bbox 909 1432 939 1484; x_wconf 91' lang='lat' dir='ltr'><em>et</em></span> <span class='ocrx_word' id='word_1_85' title='bbox 949 1421 1110 1506; x_wconf 79' lang='lat' dir='ltr'><em>peruersis</em></span> <span class='ocrx_word' id='word_1_86' title='bbox 1124 1419 1282 1506; x_wconf 82' lang='lat' dir='ltr'><em>operibus,</em></span> <span class='ocrx_word' id='word_1_87' title='bbox 1304 1427 1407 1482; x_wconf 69' lang='lat' dir='ltr'><em>mene.</em></span> 
     </span>
     <span class='ocr_line' id='line_1_11' title="bbox 308 1517 1441 1605; baseline -0.004 -25"><span class='ocrx_word' id='word_1_88' title='bbox 308 1518 548 1604; x_wconf 74' lang='lat' dir='ltr'><em>perseverabat.</em></span> <span class='ocrx_word' id='word_1_89' title='bbox 580 1517 714 1605; x_wconf 64' lang='lat' dir='ltr'><em>&amp;mque</em></span> <span class='ocrx_word' id='word_1_90' title='bbox 737 1542 769 1582; x_wconf 91' lang='lat' dir='ltr'><em>se</em></span> <span class='ocrx_word' id='word_1_91' title='bbox 785 1543 806 1582; x_wconf 92' lang='lat' dir='ltr'><em>a</em></span> <span class='ocrx_word' id='word_1_92' title='bbox 827 1519 909 1582; x_wconf 91' lang='lat' dir='ltr'><em>clero</em></span> <span class='ocrx_word' id='word_1_93' title='bbox 933 1529 963 1581; x_wconf 89' lang='lat' dir='ltr'><em>et</em></span> <span class='ocrx_word' id='word_1_94' title='bbox 979 1518 1103 1605; x_wconf 79' lang='lat' dir='ltr'><em>populo</em></span> <span class='ocrx_word' id='word_1_95' title='bbox 1123 1529 1258 1604; x_wconf 78' lang='lat' dir='ltr'><em>propter</em></span> <span class='ocrx_word' id='word_1_96' title='bbox 1281 1517 1408 1602; x_wconf 71' lang='lat' dir='ltr'><em>aemilius</em></span> <span class='ocrx_word' id='word_1_97' title='bbox 1440 1535 1441 1586; x_wconf 49' lang='grc' dir='ltr'>ι</span> 
     </span>
     <span class='ocr_line' id='line_1_12' title="bbox 315 1613 1407 1703; baseline -0.005 -25"><span class='ocrx_word' id='word_1_98' title='bbox 315 1639 390 1679; x_wconf 84' lang='lat' dir='ltr'><em>sues</em></span> <span class='ocrx_word' id='word_1_99' title='bbox 413 1619 568 1680; x_wconf 72' lang='lat' dir='ltr'><em>contemni</em></span> <span class='ocrx_word' id='word_1_100' title='bbox 589 1619 768 1703; x_wconf 71' lang='lat' dir='ltr'><em>respiceret,</em></span> <span class='ocrx_word' id='word_1_101' title='bbox 793 1628 829 1680; x_wconf 83' lang='lat' dir='ltr'><em>et</em></span> <span class='ocrx_word' id='word_1_102' title='bbox 837 1617 1076 1703; x_wconf 74' lang='lat' dir='ltr'><em>fnmsnornm</em></span> <span class='ocrx_word' id='word_1_103' title='bbox 1091 1616 1278 1701; x_wconf 77' lang='lat' dir='ltr'><em>facinorum</em></span> <span class='ocrx_word' id='word_1_104' title='bbox 1300 1613 1407 1677; x_wconf 68' lang='lat' dir='ltr'><em>emerim</em></span> 
     </span>
     <span class='ocr_line' id='line_1_13' title="bbox 314 1709 1410 1801; baseline -0.005 -23"><span class='ocrx_word' id='word_1_105' title='bbox 314 1735 408 1778; x_wconf 85' lang='lat' dir='ltr'><em>cares</em></span> <span class='ocrx_word' id='word_1_106' title='bbox 430 1713 558 1799; x_wconf 82' lang='lat' dir='ltr'><em>impleri</em></span> <span class='ocrx_word' id='word_1_107' title='bbox 580 1727 728 1794; x_wconf 85' lang='lat' dir='ltr'><em>cerneret,</em></span> <span class='ocrx_word' id='word_1_108' title='bbox 753 1716 880 1780; x_wconf 70' lang='lat' dir='ltr'><em>medem</em></span> <span class='ocrx_word' id='word_1_109' title='bbox 901 1725 1026 1801; x_wconf 83' lang='lat' dir='ltr'><em>reperto</em></span> <span class='ocrx_word' id='word_1_110' title='bbox 1042 1713 1184 1793; x_wconf 69' lang='lat' dir='ltr'><em>mtto,</em></span> <span class='ocrx_word' id='word_1_111' title='bbox 1208 1712 1263 1800; x_wconf 77' lang='lat' dir='ltr'><em>qui</em></span> <span class='ocrx_word' id='word_1_112' title='bbox 1279 1709 1410 1796; x_wconf 75' lang='lat' dir='ltr'><em>alapae·</em></span> 
     </span>
     <span class='ocr_line' id='line_1_14' title="bbox 314 1807 1409 1899; baseline 0.001 -25"><span class='ocrx_word' id='word_1_113' title='bbox 314 1811 441 1875; x_wconf 84' lang='lat' dir='ltr'><em>deditus</em></span> <span class='ocrx_word' id='word_1_114' title='bbox 463 1821 499 1874; x_wconf 84' lang='lat' dir='ltr'><em>at</em></span> <span class='ocrx_word' id='word_1_115' title='bbox 521 1813 680 1897; x_wconf 72' lang='lat' dir='ltr'><em>B’qricurus</em></span> <span class='ocrx_word' id='word_1_116' title='bbox 702 1815 802 1897; x_wconf 63' lang='lat' dir='ltr'><em>meeis</em></span> <span class='ocrx_word' id='word_1_117' title='bbox 824 1837 918 1898; x_wconf 77' lang='lat' dir='ltr'><em>qnam</em></span> <span class='ocrx_word' id='word_1_118' title='bbox 940 1824 975 1877; x_wconf 81' lang='lat' dir='ltr'><em>at</em></span> <span class='ocrx_word' id='word_1_119' title='bbox 988 1813 1140 1899; x_wconf 69' lang='lat' dir='ltr'><em>Pontrfea</em></span> <span class='ocrx_word' id='word_1_120' title='bbox 1163 1810 1269 1874; x_wconf 75' lang='lat' dir='ltr'><em>eiam</em></span> <span class='ocrx_word' id='word_1_121' title='bbox 1289 1807 1409 1874; x_wconf 71' lang='lat' dir='ltr'><em>mater.</em></span> 
     </span>
     <span class='ocr_line' id='line_1_15' title="bbox 314 1908 1441 1997; baseline -0.004 -25"><span class='ocrx_word' id='word_1_122' title='bbox 314 1909 441 1973; x_wconf 78' lang='lat' dir='ltr'><em>cuidam</em></span> <span class='ocrx_word' id='word_1_123' title='bbox 463 1910 589 1973; x_wconf 83' lang='lat' dir='ltr'><em>Joanni</em></span> <span class='ocrx_word' id='word_1_124' title='bbox 612 1911 893 1997; x_wconf 73' lang='lat' dir='ltr'><em>archipresbytero,</em></span> <span class='ocrx_word' id='word_1_125' title='bbox 923 1913 979 1996; x_wconf 80' lang='lat' dir='ltr'><em>qui</em></span> <span class='ocrx_word' id='word_1_126' title='bbox 1001 1922 1074 1974; x_wconf 82' lang='lat' dir='ltr'><em>tnnc</em></span> <span class='ocrx_word' id='word_1_127' title='bbox 1096 1913 1130 1974; x_wconf 85' lang='lat' dir='ltr'><em>in</em></span> <span class='ocrx_word' id='word_1_128' title='bbox 1154 1909 1229 1972; x_wconf 82' lang='lat' dir='ltr'><em>arbe</em></span> <span class='ocrx_word' id='word_1_129' title='bbox 1258 1908 1411 1994; x_wconf 69' lang='lat' dir='ltr'><em>reliyiosisr</em></span> <span class='ocrx_word' id='word_1_130' title='bbox 1440 1979 1441 1996; x_wconf 13' lang='grc' dir='ltr'>χ</span> 
     </span>
     <span class='ocr_line' id='line_1_16' title="bbox 314 2005 1411 2095; baseline -0.001 -25"><span class='ocrx_word' id='word_1_131' title='bbox 314 2010 448 2071; x_wconf 87' lang='lat' dir='ltr'><em>caeteris</em></span> <span class='ocrx_word' id='word_1_132' title='bbox 471 2008 592 2072; x_wconf 76' lang='lat' dir='ltr'><em>clericis</em></span> <span class='ocrx_word' id='word_1_133' title='bbox 615 2007 791 2088; x_wconf 84' lang='lat' dir='ltr'><em>eidebatnr,</em></span> <span class='ocrx_word' id='word_1_134' title='bbox 815 2033 880 2072; x_wconf 86' lang='lat' dir='ltr'><em>noa</em></span> <span class='ocrx_word' id='word_1_135' title='bbox 900 2031 1005 2095; x_wconf 81' lang='lat' dir='ltr'><em>parva</em></span> <span class='ocrx_word' id='word_1_136' title='bbox 1029 2008 1068 2073; x_wconf 88' lang='lat' dir='ltr'><em>eb</em></span> <span class='ocrx_word' id='word_1_137' title='bbox 1085 2031 1119 2072; x_wconf 89' lang='lat' dir='ltr'><em>co</em></span> <span class='ocrx_word' id='word_1_138' title='bbox 1142 2017 1268 2094; x_wconf 82' lang='lat' dir='ltr'><em>recepta</em></span> <span class='ocrx_word' id='word_1_139' title='bbox 1285 2005 1411 2093; x_wconf 78' lang='lat' dir='ltr'><em>parmis.</em></span> 
     </span>
     <span class='ocr_line' id='line_1_17' title="bbox 315 2103 1411 2193; baseline 0.003 -26"><span class='ocrx_word' id='word_1_140' title='bbox 315 2129 467 2170; x_wconf 85' lang='lat' dir='ltr'><em>summam</em></span> <span class='ocrx_word' id='word_1_141' title='bbox 483 2107 691 2170; x_wconf 84' lang='lat' dir='ltr'><em>sacerdotium</em></span> <span class='ocrx_word' id='word_1_142' title='bbox 706 2107 887 2193; x_wconf 78' lang='lat' dir='ltr'><em>relinquens</em></span> <span class='ocrx_word' id='word_1_143' title='bbox 902 2108 1046 2172; x_wconf 84' lang='lat' dir='ltr'><em>tradidit.</em></span> <span class='ocrx_word' id='word_1_144' title='bbox 1074 2109 1145 2193; x_wconf 80' lang='lat' dir='ltr'><em>Ipse</em></span> <span class='ocrx_word' id='word_1_145' title='bbox 1161 2127 1233 2170; x_wconf 82' lang='lat' dir='ltr'><em>vero</em></span> <span class='ocrx_word' id='word_1_146' title='bbox 1248 2109 1281 2170; x_wconf 86' lang='lat' dir='ltr'><em>in</em></span> <span class='ocrx_word' id='word_1_147' title='bbox 1294 2103 1411 2190; x_wconf 78' lang='lat' dir='ltr'><em>propriis</em></span> 
     </span>
     <span class='ocr_line' id='line_1_18' title="bbox 318 2201 1441 2292; baseline -0.005 -26"><span class='ocrx_word' id='word_1_148' title='bbox 318 2227 350 2267; x_wconf 89' lang='lat' dir='ltr'><em>se</em></span> <span class='ocrx_word' id='word_1_149' title='bbox 375 2205 516 2268; x_wconf 81' lang='lat' dir='ltr'><em>castellis</em></span> <span class='ocrx_word' id='word_1_150' title='bbox 538 2206 707 2292; x_wconf 81' lang='lat' dir='ltr'><em>recipiens,</em></span> <span class='ocrx_word' id='word_1_151' title='bbox 740 2205 815 2270; x_wconf 85' lang='lat' dir='ltr'><em>arbe</em></span> <span class='ocrx_word' id='word_1_152' title='bbox 846 2208 947 2270; x_wconf 84' lang='lat' dir='ltr'><em>cessit.</em></span> <span class='ocrx_word' id='word_1_153' title='bbox 960 2205 987 2288; x_wconf 76' lang='lat'><em>³)</em></span> <span class='ocrx_word' id='word_1_154' title='bbox 1033 2205 1157 2269; x_wconf 82' lang='lat' dir='ltr'><em>Evenit</em></span> <span class='ocrx_word' id='word_1_155' title='bbox 1186 2203 1242 2267; x_wconf 85' lang='lat' dir='ltr'><em>illa</em></span> <span class='ocrx_word' id='word_1_156' title='bbox 1270 2201 1412 2268; x_wconf 87' lang='lat' dir='ltr'><em>abdicatio</em></span> <span class='ocrx_word' id='word_1_157' title='bbox 1440 2269 1441 2272; x_wconf 8' lang='grc' dir='ltr'><strong>Ἴ</strong></span> 
     </span>
    </p>
   </div>
   <div class='ocr_carea' id='block_1_3' title="bbox 319 2301 721 2388">
    <p class='ocr_par' dir='ltr' id='par_1_3' title="bbox 319 2301 721 2388">
     <span class='ocr_line' id='line_1_19' title="bbox 319 2301 721 2388; baseline 0.005 -22"><span class='ocrx_word' id='word_1_158' title='bbox 319 2301 374 2366; x_wconf 92' lang='lat' dir='ltr'><em>die</em></span> <span class='ocrx_word' id='word_1_159' title='bbox 399 2304 416 2366; x_wconf 89' lang='lat' dir='ltr'><em>l</em></span> <span class='ocrx_word' id='word_1_160' title='bbox 462 2302 543 2388; x_wconf 84' lang='lat' dir='ltr'><em>Maji</em></span> <span class='ocrx_word' id='word_1_161' title='bbox 566 2325 597 2366; x_wconf 86' lang='lat' dir='ltr'><em>a.</em></span> <span class='ocrx_word' id='word_1_162' title='bbox 624 2303 721 2368; x_wconf 78' lang='lat'>1045.</span> 
     </span>
    </p>
   </div>
   <div class='ocr_carea' id='block_1_4' title="bbox 142 2409 1441 2789">
    <p class='ocr_par' dir='ltr' id='par_1_4' title="bbox 142 2299 1441 2816">
     <span class='ocr_line' id='line_1_20' title="bbox 142 2409 1414 2474; baseline -0.005 -2"><span class='ocrx_word' id='word_1_163' title='bbox 142 2423 307 2472; x_wconf 59' lang='lat' dir='ltr'><em>urezenuelt·</em></span> <span class='ocrx_word' id='word_1_164' title='bbox 404 2409 458 2473; x_wconf 80' lang='lat'><em>55.</em></span> <span class='ocrx_word' id='word_1_165' title='bbox 506 2409 647 2474; x_wconf 88' lang='lat' dir='ltr'><em>Videtur</em></span> <span class='ocrx_word' id='word_1_166' title='bbox 686 2420 798 2474; x_wconf 88' lang='lat' dir='ltr'><em>antem</em></span> <span class='ocrx_word' id='word_1_167' title='bbox 837 2411 999 2474; x_wconf 83' lang='lat' dir='ltr'><em>electione</em></span> <span class='ocrx_word' id='word_1_168' title='bbox 1035 2413 1256 2474; x_wconf 85' lang='lat' dir='ltr'><em>conveniente</em></span> <span class='ocrx_word' id='word_1_169' title='bbox 1290 2409 1414 2472; x_wconf 80' lang='lat' dir='ltr'><em>lomnes</em></span> 
     </span>
     <span class='ocr_line' id='line_1_21' title="bbox 317 2501 1441 2592; baseline -0.004 -25"><span class='ocrx_word' id='word_1_170' title='bbox 317 2504 496 2571; x_wconf 80' lang='lat' dir='ltr'><em>Gratianus</em></span> <span class='ocrx_word' id='word_1_171' title='bbox 520 2509 749 2592; x_wconf 83' lang='lat' dir='ltr'><em>pontificatum</em></span> <span class='ocrx_word' id='word_1_172' title='bbox 774 2508 966 2574; x_wconf 86' lang='lat' dir='ltr'><em>obtinuisse.</em></span> <span class='ocrx_word' id='word_1_173' title='bbox 1013 2509 1099 2572; x_wconf 85' lang='lat' dir='ltr'><em>Nem</em></span> <span class='ocrx_word' id='word_1_174' title='bbox 1124 2501 1413 2572; x_wconf 85' lang='lat' dir='ltr'><em>Romani-eunden</em></span> <span class='ocrx_word' id='word_1_175' title='bbox 1440 2539 1441 2590; x_wconf 42' lang='grc' dir='ltr'>ι</span> 
     </span>
     <span class='ocr_line' id='line_1_22' title="bbox 315 2591 1441 2692; baseline -0.009 -22"><span class='ocrx_word' id='word_1_176' title='bbox 315 2606 335 2670; x_wconf 81' lang='lat' dir='ltr'><em>d</em></span> <span class='ocrx_word' id='word_1_177' title='bbox 340 2626 481 2668; x_wconf 86' lang='lat' dir='ltr'><em>oannem</em></span> <span class='ocrx_word' id='word_1_178' title='bbox 498 2615 647 2692; x_wconf 78' lang='lat' dir='ltr'><em>tanquam</em></span> <span class='ocrx_word' id='word_1_179' title='bbox 660 2606 819 2670; x_wconf 86' lang='lat' dir='ltr'><em>Ecclesiae</em></span> <span class='ocrx_word' id='word_1_180' title='bbox 835 2606 1043 2686; x_wconf 81' lang='lat' dir='ltr'><em>liberatorem,</em></span> <span class='ocrx_word' id='word_1_181' title='bbox 1068 2608 1115 2670; x_wconf 84' lang='lat' dir='ltr'><em>ait</em></span> <span class='ocrx_word' id='word_1_182' title='bbox 1127 2605 1204 2670; x_wconf 91' lang='lat' dir='ltr'><em>Otto</em></span> <span class='ocrx_word' id='word_1_183' title='bbox 1215 2600 1413 2686; x_wconf 73' lang='lat' dir='ltr'><em>Frisingensis</em></span> <span class='ocrx_word' id='word_1_184' title='bbox 1440 2591 1441 2628; x_wconf 43' lang='lat' dir='ltr'><em>l</em></span> 
     </span>
     <span class='ocr_line' id='line_1_23' title="bbox 318 2702 1412 2789; baseline -0.004 -23"><span class='ocrx_word' id='word_1_185' title='bbox 318 2702 439 2767; x_wconf 78' lang='lat' dir='ltr'><em>Chron.</em></span> <span class='ocrx_word' id='word_1_186' title='bbox 464 2704 503 2766; x_wconf 92' lang='lat' dir='ltr'><em>L.</em></span> <span class='ocrx_word' id='word_1_187' title='bbox 516 2703 574 2767; x_wconf 93' lang='lat' dir='ltr'><em>VI.</em></span> <span class='ocrx_word' id='word_1_188' title='bbox 600 2727 628 2768; x_wconf 89' lang='lat' dir='ltr'><em>e.</em></span> <span class='ocrx_word' id='word_1_189' title='bbox 653 2705 717 2784; x_wconf 73' lang='lat'><em>32,</em></span> <span class='ocrx_word' id='word_1_190' title='bbox 741 2705 776 2768; x_wconf 85' lang='lat' dir='ltr'><em>in</em></span> <span class='ocrx_word' id='word_1_191' title='bbox 800 2727 947 2768; x_wconf 83' lang='lat' dir='ltr'><em>summam</em></span> <span class='ocrx_word' id='word_1_192' title='bbox 964 2705 1143 2788; x_wconf 64' lang='lat' dir='ltr'><em>Pontificem</em></span> <span class='ocrx_word' id='word_1_193' title='bbox 1166 2702 1331 2789; x_wconf 76' lang='lat' dir='ltr'><em>elcyerunt,</em></span> <span class='ocrx_word' id='word_1_194' title='bbox 1352 2719 1412 2760; x_wconf 78' lang='lat' dir='ltr'><em>cerr</em></span> 
     </span>
    </p>
   </div>
   <div class='ocr_carea' id='block_1_5' title="bbox 316 2799 1415 3084">
    <p class='ocr_par' dir='ltr' id='par_1_5' title="bbox 316 2799 1441 3084">
     <span class='ocr_line' id='line_1_24' title="bbox 316 2799 1414 2902; baseline -0.005 -38"><span class='ocrx_word' id='word_1_195' title='bbox 316 2823 373 2884; x_wconf 81' lang='lat' dir='ltr'><em>qne</em></span> <span class='ocrx_word' id='word_1_196' title='bbox 397 2811 515 2864; x_wconf 80' lang='lat' dir='ltr'><em>metato</em></span> <span class='ocrx_word' id='word_1_197' title='bbox 538 2803 663 2866; x_wconf 79' lang='lat' dir='ltr'><em>rso-miae</em></span> <span class='ocrx_word' id='word_1_198' title='bbox 681 2803 867 2886; x_wconf 71' lang='lat' dir='ltr'><em>Greyorium</em></span> <span class='ocrx_word' id='word_1_199' title='bbox 889 2803 937 2866; x_wconf 88' lang='lat' dir='ltr'><em>VI</em></span> <span class='ocrx_word' id='word_1_200' title='bbox 958 2803 1187 2882; x_wconf 55' lang='lat' dir='ltr'><em>soccessores)</em></span> <span class='ocrx_word' id='word_1_201' title='bbox 1233 2799 1414 2902; x_wconf 73' lang='lat' dir='ltr'><em>Confusets·</em></span> 
     </span>
     <span class='ocr_line' id='line_1_25' title="bbox 318 2899 1414 2984; baseline -0.005 -22"><span class='ocrx_word' id='word_1_202' title='bbox 318 2921 393 2962; x_wconf 85' lang='lat' dir='ltr'><em>rnen</em></span> <span class='ocrx_word' id='word_1_203' title='bbox 416 2911 508 2984; x_wconf 84' lang='lat' dir='ltr'><em>gesta</em></span> <span class='ocrx_word' id='word_1_204' title='bbox 532 2900 620 2964; x_wconf 89' lang='lat' dir='ltr'><em>illius</em></span> <span class='ocrx_word' id='word_1_205' title='bbox 643 2902 761 2965; x_wconf 84' lang='lat' dir='ltr'><em>aetatis</em></span> <span class='ocrx_word' id='word_1_206' title='bbox 785 2899 827 2964; x_wconf 84' lang='lat' dir='ltr'><em>ab</em></span> <span class='ocrx_word' id='word_1_207' title='bbox 852 2900 974 2965; x_wconf 89' lang='lat' dir='ltr'><em>Ottone</em></span> <span class='ocrx_word' id='word_1_208' title='bbox 1001 2911 1189 2979; x_wconf 62' lang='lat' dir='ltr'><em>uenantum</em></span> <span class='ocrx_word' id='word_1_209' title='bbox 1213 2901 1363 2984; x_wconf 84' lang='lat' dir='ltr'><em>opinatur</em></span> <span class='ocrx_word' id='word_1_210' title='bbox 1381 2913 1414 2952; x_wconf 79' lang='lat' dir='ltr'><em>u·</em></span> 
     </span>
     <span class='ocr_line' id='line_1_26' title="bbox 317 2989 1415 3084; baseline -0.006 -24"><span class='ocrx_word' id='word_1_211' title='bbox 317 2995 437 3060; x_wconf 85' lang='lat' dir='ltr'><em>delicet</em></span> <span class='ocrx_word' id='word_1_212' title='bbox 460 3007 524 3060; x_wconf 89' lang='lat' dir='ltr'><em>tres</em></span> <span class='ocrx_word' id='word_1_213' title='bbox 548 2997 648 3062; x_wconf 86' lang='lat' dir='ltr'><em>fuisse</em></span> <span class='ocrx_word' id='word_1_214' title='bbox 671 2999 859 3080; x_wconf 86' lang='lat' dir='ltr'><em>Pontifices,</em></span> <span class='ocrx_word' id='word_1_215' title='bbox 889 3021 971 3084; x_wconf 89' lang='lat' dir='ltr'><em>quos</em></span> <span class='ocrx_word' id='word_1_216' title='bbox 1001 2999 1150 3064; x_wconf 85' lang='lat' dir='ltr'><em>Josnnes</em></span> <span class='ocrx_word' id='word_1_217' title='bbox 1184 2997 1360 3061; x_wconf 78' lang='lat' dir='ltr'><em>Gratianus</em></span> <span class='ocrx_word' id='word_1_218' title='bbox 1384 2989 1415 3053; x_wconf 84' lang='lat' dir='ltr'><em>sd</em></span> 
     </span>
    </p>
   </div>
   <div class='ocr_carea' id='block_1_6' title="bbox 316 3083 1441 3183">
    <p class='ocr_par' dir='ltr' id='par_1_6' title="bbox 316 3083 1441 3183">
     <span class='ocr_line' id='line_1_27' title="bbox 316 3083 1441 3183; baseline -0.006 -25"><span class='ocrx_word' id='word_1_219' title='bbox 316 3094 562 3159; x_wconf 80' lang='lat' dir='ltr'><em>abdicationem</em></span> <span class='ocrx_word' id='word_1_220' title='bbox 578 3099 789 3180; x_wconf 85' lang='lat' dir='ltr'><em>permoverit.</em></span> <span class='ocrx_word' id='word_1_221' title='bbox 802 3133 846 3144; x_wconf 86' lang='lat'><em>-</em></span> <span class='ocrx_word' id='word_1_222' title='bbox 858 3097 1039 3183; x_wconf 84' lang='lat' dir='ltr'><em>Gregorius</em></span> <span class='ocrx_word' id='word_1_223' title='bbox 1049 3097 1107 3178; x_wconf 89' lang='lat' dir='ltr'><em>VI,</em></span> <span class='ocrx_word' id='word_1_224' title='bbox 1133 3115 1232 3182; x_wconf 89' lang='lat' dir='ltr'><em>quem</em></span> <span class='ocrx_word' id='word_1_225' title='bbox 1242 3089 1415 3176; x_wconf 83' lang='lat' dir='ltr'><em>Radulpbm</em></span> <span class='ocrx_word' id='word_1_226' title='bbox 1440 3083 1441 3118; x_wconf 61' lang='lat'>¹</span> 
     </span>
    </p>
   </div>
   <div class='ocr_carea' id='block_1_7' title="bbox 315 3190 1415 3673">
    <p class='ocr_par' dir='ltr' id='par_1_7' title="bbox 315 3190 1415 3673">
     <span class='ocr_line' id='line_1_28' title="bbox 316 3190 1414 3279; baseline -0.005 -23"><span class='ocrx_word' id='word_1_227' title='bbox 316 3190 442 3256; x_wconf 85' lang='lat' dir='ltr'><em>Glaber</em></span> <span class='ocrx_word' id='word_1_228' title='bbox 464 3193 609 3278; x_wconf 85' lang='lat' dir='ltr'><em>appellnt</em></span> <span class='ocrx_word' id='word_1_229' title='bbox 632 3196 742 3259; x_wconf 86' lang='lat' dir='ltr'><em>virum</em></span> <span class='ocrx_word' id='word_1_230' title='bbox 766 3195 958 3279; x_wconf 85' lang='lat' dir='ltr'><em>religiosum</em></span> <span class='ocrx_word' id='word_1_231' title='bbox 973 3205 1006 3259; x_wconf 92' lang='lat' dir='ltr'><em>et</em></span> <span class='ocrx_word' id='word_1_232' title='bbox 1022 3195 1196 3260; x_wconf 79' lang='lat' dir='ltr'><em>sanctitate</em></span> <span class='ocrx_word' id='word_1_233' title='bbox 1212 3195 1414 3279; x_wconf 86' lang='lat' dir='ltr'><em>perspicuum.</em></span> 
     </span>
     <span class='ocr_line' id='line_1_29' title="bbox 318 3290 1415 3378; baseline -0.003 -24"><span class='ocrx_word' id='word_1_234' title='bbox 318 3290 404 3355; x_wconf 86' lang='lat' dir='ltr'><em>mala</em></span> <span class='ocrx_word' id='word_1_235' title='bbox 439 3291 596 3356; x_wconf 84' lang='lat' dir='ltr'><em>ecclesiae</em></span> <span class='ocrx_word' id='word_1_236' title='bbox 620 3293 788 3358; x_wconf 84' lang='lat' dir='ltr'><em>Romanae</em></span> <span class='ocrx_word' id='word_1_237' title='bbox 826 3292 917 3358; x_wconf 81' lang='lat' dir='ltr'><em>illata</em></span> <span class='ocrx_word' id='word_1_238' title='bbox 951 3313 1105 3378; x_wconf 84' lang='lat' dir='ltr'><em>reparare</em></span> <span class='ocrx_word' id='word_1_239' title='bbox 1139 3299 1279 3356; x_wconf 84' lang='lat' dir='ltr'><em>conatus</em></span> <span class='ocrx_word' id='word_1_240' title='bbox 1313 3301 1365 3355; x_wconf 84' lang='lat' dir='ltr'><em>est.</em></span> <span class='ocrx_word' id='word_1_241' title='bbox 1393 3297 1415 3344; x_wconf 79' lang='lat' dir='ltr'><em>st</em></span> 
     </span>
     <span class='ocr_line' id='line_1_30' title="bbox 315 3385 1414 3477; baseline -0.005 -23"><span class='ocrx_word' id='word_1_242' title='bbox 315 3401 431 3454; x_wconf 87' lang='lat' dir='ltr'><em>contre</em></span> <span class='ocrx_word' id='word_1_243' title='bbox 460 3391 595 3455; x_wconf 84' lang='lat' dir='ltr'><em>sicarios</em></span> <span class='ocrx_word' id='word_1_244' title='bbox 627 3413 665 3456; x_wconf 86' lang='lat' dir='ltr'><em>ae</em></span> <span class='ocrx_word' id='word_1_245' title='bbox 696 3391 898 3477; x_wconf 79' lang='lat' dir='ltr'><em>praedones,</em></span> <span class='ocrx_word' id='word_1_246' title='bbox 937 3401 1052 3456; x_wconf 87' lang='lat' dir='ltr'><em>contra</em></span> <span class='ocrx_word' id='word_1_247' title='bbox 1091 3391 1247 3455; x_wconf 85' lang='lat' dir='ltr'><em>factiosos</em></span> <span class='ocrx_word' id='word_1_248' title='bbox 1277 3399 1309 3452; x_wconf 91' lang='lat' dir='ltr'><em>et</em></span> <span class='ocrx_word' id='word_1_249' title='bbox 1338 3385 1414 3471; x_wconf 83' lang='lat' dir='ltr'><em>patri·</em></span> 
     </span>
     <span class='ocr_line' id='line_1_31' title="bbox 317 3487 1415 3576; baseline -0.001 -24"><span class='ocrx_word' id='word_1_250' title='bbox 317 3488 502 3552; x_wconf 87' lang='lat' dir='ltr'><em>moniorum</em></span> <span class='ocrx_word' id='word_1_251' title='bbox 528 3487 823 3554; x_wconf 83' lang='lat' dir='ltr'><em>ecclesiasticorum</em></span> <span class='ocrx_word' id='word_1_252' title='bbox 859 3511 1051 3576; x_wconf 80' lang='lat' dir='ltr'><em>pervasores</em></span> <span class='ocrx_word' id='word_1_253' title='bbox 1079 3511 1118 3553; x_wconf 86' lang='lat' dir='ltr'><em>ac</em></span> <span class='ocrx_word' id='word_1_254' title='bbox 1146 3488 1342 3568; x_wconf 81' lang='lat' dir='ltr'><em>detentores,</em></span> <span class='ocrx_word' id='word_1_255' title='bbox 1366 3501 1415 3545; x_wconf 67' lang='lat' dir='ltr'><em>mr</em></span> 
     </span>
     <span class='ocr_line' id='line_1_32' title="bbox 316 3583 1415 3673; baseline -0.004 -23"><span class='ocrx_word' id='word_1_256' title='bbox 316 3587 396 3666; x_wconf 85' lang='lat' dir='ltr'><em>nita,</em></span> <span class='ocrx_word' id='word_1_257' title='bbox 428 3589 807 3652; x_wconf 86' lang='lat' dir='ltr'><em>excommunicationem</em></span> <span class='ocrx_word' id='word_1_258' title='bbox 830 3596 863 3652; x_wconf 89' lang='lat' dir='ltr'><em>et</em></span> <span class='ocrx_word' id='word_1_259' title='bbox 885 3609 978 3651; x_wconf 87' lang='lat' dir='ltr'><em>arma</em></span> <span class='ocrx_word' id='word_1_260' title='bbox 1001 3609 1132 3673; x_wconf 89' lang='lat' dir='ltr'><em>quoque</em></span> <span class='ocrx_word' id='word_1_261' title='bbox 1155 3585 1321 3651; x_wconf 76' lang='lat' dir='ltr'><em>adhibuit</em></span> <span class='ocrx_word' id='word_1_262' title='bbox 1355 3583 1415 3646; x_wconf 71' lang='lat' dir='ltr'><em>Scir</em></span> 
     </span>
    </p>
   </div>
   <div class='ocr_carea' id='block_1_8' title="bbox 490 3749 530 3756">
    <p class='ocr_par' dir='ltr' id='par_1_8' title="bbox 490 3749 530 3756">
     <span class='ocr_line' id='line_1_33' title="bbox 490 3749 530 3756; baseline 0 0"><span class='ocrx_word' id='word_1_263' title='bbox 490 3749 530 3756; x_wconf 72' lang='grc'><em>..-</em></span> 
     </span>
    </p>
   </div>
   <div class='ocr_carea' id='block_1_9' title="bbox 315 3829 1414 4232">
    <p class='ocr_par' dir='ltr' id='par_1_9' title="bbox 319 3829 1414 3983">
     <span class='ocr_line' id='line_1_34' title="bbox 391 3829 1414 3900; baseline -0.008 -11"><span class='ocrx_word' id='word_1_264' title='bbox 391 3836 411 3900; x_wconf 69' lang='lat'><em>¹)</em></span> <span class='ocrx_word' id='word_1_265' title='bbox 430 3835 516 3889; x_wconf 84' lang='lat' dir='ltr'><em>Juxta</em></span> <span class='ocrx_word' id='word_1_266' title='bbox 534 3834 653 3888; x_wconf 84' lang='lat' dir='ltr'><em>Annales</em></span> <span class='ocrx_word' id='word_1_267' title='bbox 672 3835 805 3889; x_wconf 85' lang='lat' dir='ltr'><em>Romanos</em></span> <span class='ocrx_word' id='word_1_268' title='bbox 824 3841 933 3889; x_wconf 84' lang='lat' dir='ltr'><em>tantum</em></span> <span class='ocrx_word' id='word_1_269' title='bbox 950 3835 986 3890; x_wconf 85' lang='lat'><em>49</em></span> <span class='ocrx_word' id='word_1_270' title='bbox 1005 3835 1105 3888; x_wconf 85' lang='lat' dir='ltr'><em>diebus.</em></span> <span class='ocrx_word' id='word_1_271' title='bbox 1124 3833 1157 3888; x_wconf 85' lang='lat' dir='ltr'><em>V.</em></span> <span class='ocrx_word' id='word_1_272' title='bbox 1171 3833 1335 3888; x_wconf 80' lang='lat' dir='ltr'><em>Watterieb</em></span> <span class='ocrx_word' id='word_1_273' title='bbox 1353 3829 1414 3882; x_wconf 72' lang='lat' dir='ltr'><em>vine</em></span> 
     </span>
     <span class='ocr_line' id='line_1_35' title="bbox 319 3915 696 3983; baseline -0.008 -14"><span class='ocrx_word' id='word_1_274' title='bbox 319 3917 375 3971; x_wconf 85' lang='lat' dir='ltr'><em>RR.</em></span> <span class='ocrx_word' id='word_1_275' title='bbox 396 3915 475 3971; x_wconf 88' lang='lat' dir='ltr'><em>Pont.</em></span> <span class='ocrx_word' id='word_1_276' title='bbox 496 3917 590 3970; x_wconf 87' lang='lat' dir='ltr'>v01.1.</span> <span class='ocrx_word' id='word_1_277' title='bbox 610 3931 634 3983; x_wconf 87' lang='lat' dir='ltr'><em>p.</em></span> <span class='ocrx_word' id='word_1_278' title='bbox 655 3917 696 3970; x_wconf 75' lang='lat'><em>72.</em></span> 
     </span>
    </p>

    <p class='ocr_par' dir='ltr' id='par_1_10' title="bbox 315 4001 1414 4232">
     <span class='ocr_line' id='line_1_36' title="bbox 389 4001 1413 4073; baseline -0.006 -15"><span class='ocrx_word' id='word_1_279' title='bbox 389 4005 411 4072; x_wconf 76' lang='lat'><em>²)</em></span> <span class='ocrx_word' id='word_1_280' title='bbox 430 4005 484 4059; x_wconf 86' lang='lat' dir='ltr'><em>Vix</em></span> <span class='ocrx_word' id='word_1_281' title='bbox 503 4005 677 4073; x_wconf 77' lang='lat' dir='ltr'><em>intelligitur,</em></span> <span class='ocrx_word' id='word_1_282' title='bbox 697 4005 826 4072; x_wconf 88' lang='lat' dir='ltr'><em>quomodo</em></span> <span class='ocrx_word' id='word_1_283' title='bbox 844 4006 899 4058; x_wconf 85' lang='lat' dir='ltr'><em>iste</em></span> <span class='ocrx_word' id='word_1_284' title='bbox 908 4004 1055 4058; x_wconf 80' lang='lat' dir='ltr'><em>Benedicta</em></span> <span class='ocrx_word' id='word_1_285' title='bbox 1071 4003 1111 4057; x_wconf 87' lang='lat' dir='ltr'><em>IX</em></span> <span class='ocrx_word' id='word_1_286' title='bbox 1125 4003 1260 4071; x_wconf 77' lang='lat' dir='ltr'><em>applicari</em></span> <span class='ocrx_word' id='word_1_287' title='bbox 1279 4001 1413 4071; x_wconf 57' lang='lat' dir='ltr'><em>potuissent.</em></span> 
     </span>
     <span class='ocr_line' id='line_1_37' title="bbox 315 4084 1414 4153; baseline -0.008 -13"><span class='ocrx_word' id='word_1_288' title='bbox 315 4087 339 4140; x_wconf 85' lang='lat' dir='ltr'><em>si</em></span> <span class='ocrx_word' id='word_1_289' title='bbox 359 4085 393 4138; x_wconf 82' lang='lat' dir='ltr'><em>ad</em></span> <span class='ocrx_word' id='word_1_290' title='bbox 412 4085 504 4138; x_wconf 82' lang='lat' dir='ltr'><em>Sedern</em></span> <span class='ocrx_word' id='word_1_291' title='bbox 523 4085 702 4152; x_wconf 82' lang='lat' dir='ltr'><em>pontificalem</em></span> <span class='ocrx_word' id='word_1_292' title='bbox 728 4090 759 4139; x_wconf 88' lang='lat' dir='ltr'><em>nt</em></span> <span class='ocrx_word' id='word_1_293' title='bbox 783 4101 850 4153; x_wconf 86' lang='lat' dir='ltr'><em>puer</em></span> <span class='ocrx_word' id='word_1_294' title='bbox 874 4085 999 4139; x_wconf 87' lang='lat' dir='ltr'><em>decennis</em></span> <span class='ocrx_word' id='word_1_295' title='bbox 1029 4084 1210 4152; x_wconf 82' lang='lat' dir='ltr'><em>pervenisset:</em></span> <span class='ocrx_word' id='word_1_296' title='bbox 1244 4085 1342 4137; x_wconf 82' lang='lat' dir='ltr'><em>etenim</em></span> <span class='ocrx_word' id='word_1_297' title='bbox 1363 4095 1414 4133; x_wconf 69' lang='lat' dir='ltr'><em>mro</em></span> 
     </span>
     <span class='ocr_line' id='line_1_38' title="bbox 319 4163 1291 4232; baseline -0.006 -12"><span class='ocrx_word' id='word_1_298' title='bbox 319 4167 389 4220; x_wconf 77' lang='lat'>1044</span> <span class='ocrx_word' id='word_1_299' title='bbox 408 4165 492 4219; x_wconf 82' lang='lat' dir='ltr'><em>ferme</em></span> <span class='ocrx_word' id='word_1_300' title='bbox 511 4167 613 4232; x_wconf 74' lang='lat' dir='ltr'><em>viginti</em></span> <span class='ocrx_word' id='word_1_301' title='bbox 632 4167 698 4220; x_wconf 77' lang='lat' dir='ltr'><em>diros</em></span> <span class='ocrx_word' id='word_1_302' title='bbox 717 4183 801 4220; x_wconf 86' lang='lat' dir='ltr'><em>annos</em></span> <span class='ocrx_word' id='word_1_303' title='bbox 820 4165 959 4218; x_wconf 83' lang='lat' dir='ltr'><em>habuisset</em></span> <span class='ocrx_word' id='word_1_304' title='bbox 978 4166 1007 4218; x_wconf 89' lang='lat' dir='ltr'><em>in</em></span> <span class='ocrx_word' id='word_1_305' title='bbox 1025 4163 1076 4217; x_wconf 85' lang='lat' dir='ltr'><em>hae</em></span> <span class='ocrx_word' id='word_1_306' title='bbox 1095 4163 1291 4232; x_wconf 85' lang='lat' dir='ltr'><em>suppositione.</em></span> 
     </span>
    </p>
   </div>
   <div class='ocr_carea' id='block_1_10' title="bbox 390 4253 1216 4324">
    <p class='ocr_par' dir='ltr' id='par_1_11' title="bbox 390 4253 1216 4324">
     <span class='ocr_line' id='line_1_39' title="bbox 390 4253 1216 4324; baseline -0.001 -17"><span class='ocrx_word' id='word_1_307' title='bbox 390 4255 412 4324; x_wconf 74' lang='lat'><em>³)</em></span> <span class='ocrx_word' id='word_1_308' title='bbox 431 4253 462 4307; x_wconf 87' lang='lat' dir='ltr'><em>L.</em></span> <span class='ocrx_word' id='word_1_309' title='bbox 482 4269 503 4306; x_wconf 88' lang='lat' dir='ltr'><em>e.</em></span> <span class='ocrx_word' id='word_1_310' title='bbox 523 4256 553 4310; x_wconf 90' lang='lat' dir='ltr'><em>L.</em></span> <span class='ocrx_word' id='word_1_311' title='bbox 573 4255 624 4309; x_wconf 90' lang='lat' dir='ltr'>III.</span> <span class='ocrx_word' id='word_1_312' title='bbox 709 4255 729 4324; x_wconf 87' lang='lat'><em>⁴)</em></span> <span class='ocrx_word' id='word_1_313' title='bbox 749 4257 798 4322; x_wconf 79' lang='lat' dir='ltr'><em>Ap.</em></span> <span class='ocrx_word' id='word_1_314' title='bbox 818 4253 973 4307; x_wconf 84' lang='lat' dir='ltr'><em>Wntterich</em></span> <span class='ocrx_word' id='word_1_315' title='bbox 992 4253 1009 4306; x_wconf 92' lang='lat' dir='ltr'><em>l.</em></span> <span class='ocrx_word' id='word_1_316' title='bbox 1029 4269 1051 4308; x_wconf 89' lang='lat' dir='ltr'><em>c.</em></span> <span class='ocrx_word' id='word_1_317' title='bbox 1071 4253 1091 4307; x_wconf 89' lang='lat'><em>1.</em></span> <span class='ocrx_word' id='word_1_318' title='bbox 1111 4269 1136 4320; x_wconf 86' lang='lat' dir='ltr'><em>p.</em></span> <span class='ocrx_word' id='word_1_319' title='bbox 1156 4254 1216 4306; x_wconf 79' lang='lat'>712.</span> 
     </span>
    </p>
   </div>
   <div class='ocr_carea' id='block_1_11' title="bbox 0 0 1466 4832">
    <p class='ocr_par' dir='ltr' id='par_1_12' title="bbox 0 0 1466 4832">
     <span class='ocr_line' id='line_1_40' title="bbox 0 0 1466 4832; baseline 0 0"><span class='ocrx_word' id='word_1_320' title='bbox 0 0 1466 4832; x_wconf 95' lang='lat' dir='ltr'><em> </em></span> 
     </span>
    </p>
   </div>
  </div>
 </body>
</html>
