2932 4836
389 485 504 542 Photins
522 484 786 554 pseudopatriarcha
1095 485 1147 542 361

57 634 163 700 Leonis
185 635 315 712 exorta,
339 629 477 694 Photius
500 628 658 694 ecclesiae
682 639 715 693 et
737 628 815 694 cleri
841 628 966 695 CPtani
991 629 1148 695 honorem

57 747 79 794 et
92 733 159 818 jura
181 733 273 795 visus
296 737 346 793 est
369 727 551 793 vindicare.
589 726 701 808 Quum
718 727 800 791 haec
821 727 862 791 de
876 727 1029 813 Bulgaris
1051 750 1149 814 quae-

55 831 101 893 stio
128 850 199 894 cum
231 824 409 892 eventibus
446 847 530 911 quae
563 835 746 910 sequuntur
782 823 880 889 valde
913 846 1064 890 connexa
1096 827 1148 910 sit,

55 924 175 992 breviter
195 948 236 990 ea
260 924 302 988 de
325 945 360 987 re
384 943 532 1008 agamus.

121 1051 171 1115 51.
199 1048 353 1134 Bulgari,
377 1048 468 1110 natio
492 1046 657 1128 Asiatica,
683 1045 813 1110 saeculo
837 1049 976 1133 septimo
1001 1047 1044 1134 (a
1069 1046 1149 1134 679)
1170 1053 1311 1104 ”mm

53 1158 232 1234 occuparant
253 1148 422 1230 regionem
447 1146 532 1209 inter
555 1144 764 1226 Danastrim,
789 1143 985 1210 Danubium
1009 1157 1042 1210 et
1064 1146 1150 1210 Hae·
1183 1113 1303 1158 marono

52 1267 123 1309 nun
136 1245 306 1333 (Belkan),
322 1244 527 1328 imperioque
543 1241 693 1306 orientali
707 1243 831 1328 passim
847 1265 914 1308 non
930 1245 1051 1330 exigua
1067 1245 1149 1329 peri·

52 1341 108 1406 sula
126 1342 297 1429 parabant.
334 1341 433 1406 Anno
451 1341 515 1406 813
537 1341 678 1404 devictis
693 1339 830 1404 Grraeois
848 1363 952 1427 usque
965 1339 1149 1406 Constanti·

52 1441 175 1526 nopolim
195 1448 429 1528 pervenerunt,
452 1448 485 1502 et
504 1436 760 1524 Hadrianopolis
780 1438 1066 1525 archiepiscopum
1082 1439 1148 1503 Ma-

52 1539 160 1604 nualem
175 1559 400 1624 magnumque
419 1537 734 1601 civium'numerum
751 1537 785 1599 in
798 1537 990 1622 Bulgariam
1004 1535 1150 1602 abduxe-

49 1647 118 1718 runt,
132 1658 272 1723 quornm
289 1633 449 1720 exemplis
464 1643 497 1698 et
511 1632 717 1698 sermonibus
731 1636 871 1719 permoti
886 1633 980 1698 multi
994 1633 1149 1719 Bulgaro-

50 1757 115 1814 rum,
138 1733 254 1798 relicta
270 1731 464 1814 idololatria,
488 1731 680 1816 religionem
696 1731 909 1797 christianam
926 1741 1150 1818 susceperunt.

50 1831 155 1896 Verum
175 1831 316 1918 jubente
332 1852 409 1915 rege
424 1827 622 1914 Cutragone,
647 1831 703 1915 qui
725 1829 901 1912 metuebat,
926 1852 968 1895 ne
988 1839 1056 1894 tota
1069 1853 1151 1916 gens

49 1927 81 1992 ool
101 1929 290 2015 religionem
316 1927 529 1992 christianam
553 1928 715 2010 transiret,
744 1927 878 1992 Manuel
902 1951 977 1992 oum
1001 1927 1153 2014 pluribus

48 2025 106 2092 aliis
121 2029 207 2092 inter
223 2027 388 2091 cruciatus
404 2035 561 2090 enecatus
581 2035 638 2090 est.
674 2026 793 2090 Postea
812 2028 897 2090 inter
911 2025 1070 2111 Bulgaros
1086 2047 1151 2090 mo-

49 2123 160 2189 nachus
179 2125 332 2211 captivus
343 2121 506 2209 Kuphara
518 2122 734 2208 praedicavit,
750 2145 861 2210 regem
873 2123 1028 2208 Bogorim
1040 2136 1151 2189 tamen

47 2243 224 2304 permovere
248 2241 314 2286 uon
338 2222 456 2307 potuit,
480 2231 518 2284 ut
534 2218 742 2285 Christianus
765 2221 866 2286 fieret.
904 2221 1040 2286 Interim
1064 2225 1153 2306 regis

47 2341 121 2383 soror
142 2343 164 2384 a
186 2317 326 2385 Graecis
349 2329 447 2404 capta
471 2316 756 2406 Constantinopoli
785 2318 979 2404 religionem
1005 2319 1151 2384 christia·

47 2439 109 2481 num
139 2418 258 2484 edocta
288 2427 321 2481 et
343 2415 511 2502 baptizata
539 2425 603 2497 est,
634 2427 733 2503 atque
755 2418 954 2504 Imperatrix
977 2417 1152 2482 Theodora

46 2517 69 2578 oi
95 2539 121 2581 a.
145 2516 213 2581 845
236 2513 379 2578 reditum
409 2517 443 2578 in
468 2514 658 2600 Bulgariam
683 2517 862 2596 concessit3
892 2515 1073 2602 Kupharae
1097 2537 1153 2602 pa·

45 2616 111 2676 riter
140 2636 162 2678 a
185 2612 339 2698 Bulgaris
372 2611 506 2676 licentia
539 2611 617 2676 data
650 2623 698 2676 est
730 2615 763 2678 in
797 2616 939 2700 patriam
970 2613 1154 2678 remeandi.

47 2710 134 2796 Regia
158 2710 216 2775 illa
232 2712 325 2796 virgo
345 2709 485 2774 multum
509 2708 682 2792 laboravit,
707 2723 744 2774 ut
755 2712 909 2798 Bogorim
927 2711 1060 2777 fratrem
1077 2733 1153 2776 con·

45 2820 176 2874 verteret
198 2807 241 2872 ad
265 2807 457 2893 religionem
482 2807 705 2874 christianam.
755 2809 863 2890 Quam
888 2821 924 2874 ut
947 2809 1080 2874 demum
1104 2832 1152 2873 re-

45 2927 110 2991 apse
133 2905 400 2991 amplecteretur,
425 2906 573 2988 contulit,
599 2907 731 2993 quoda.
749 2908 813 2972 863
838 2908 910 2973 dira
933 2909 1154 2982 famesinvo·

44 3015 105 3067 cato
118 3001 243 3068 Christi
261 3005 393 3068 nomine
410 3015 562 3086 cessaret,
585 3015 617 3069 et
634 3027 658 3070 s.
677 3005 836 3070 Methodii
858 3005 1010 3070 monachi
1026 3004 1154 3070 CPtani

44 3099 235 3186 sollicitudo,
272 3102 328 3187 qui
362 3101 569 3188 perhibetur,
602 3125 702 3189 quum
734 3113 804 3168 arte
832 3125 961 3190 quoque
991 3101 1152 3190 pingendi

45 3200 175 3280 ualeret,
206 3201 337 3286 pictura
361 3198 468 3264 ultimi
487 3201 609 3287 judicii
634 3201 784 3266 confecta
805 3223 917 3286 regem
941 3199 1158 3266 vehementer

43 3299 293 3380 commovisse.¹)
339 3297 477 3383 Bogoris
501 3299 602 3383 igitur
624 3321 712 3363 anno
737 3299 818 3380 864,
850 3301 897 3363 uti
921 3298 1069 3380 videtur,
1094 3318 1156 3383 per

43 3397 224 3482 episcopum
239 3395 261 3461 J
264 3394 424 3480 osephnm
438 3418 458 3460 a
472 3394 589 3460 Photio
604 3397 740 3461 missum
757 3397 967 3482 baptismum,
990 3394 1154 3480 simulque

43 3510 77 3554 ex
90 3491 291 3579 Imperatore
314 3494 444 3579 patrino
462 3493 635 3558 Michaelis
652 3516 772 3559 nomen
794 3497 947 3582 suscepit.
985 3495 1084 3578 Regis
1099 3515 1154 3557 ex·

43 3590 176 3675 emplum
202 3589 297 3655 multi
329 3593 432 3656 secuti
457 3603 549 3674 sunt,
581 3603 722 3657 stanno
747 3593 812 3658 865
835 3592 949 3677 religio
974 3590 1154 3654 christiana

38 3685 98 3770 jam
123 3687 188 3752 late
212 3690 246 3753 in
270 3688 428 3775 Bulgariu
455 3701 636 3776 propagata
660 3703 718 3757 est.
765 3691 815 3755 Eo
839 3711 925 3755 anno
948 3688 1086 3754 Photius
1110 3689 1153 3753 ad

108 3939 126 4005 ι)
147 3938 379 4004 Controvertitur‚
398 3943 490 3992 utrum
509 3938 662 3994 Methodiua
681 3939 734 3993 iste
753 3939 837 3994 luerit
855 3939 938 4004 idem,
965 3955 996 3993 ac
1014 3936 1156 3994 celeberri-

43 4031 93 4070 mus
118 4017 164 4073 ille
187 4017 327 4072 slavorum
358 4017 501 4086 apostolus.
540 4019 572 4074 Iu
597 4017 676 4073 valde
706 4019 843 4086 probabile
868 4035 926 4074 esse
951 4018 1071 4072 ostendit
1094 4017 1152 4076 Em.

43 4091 386 4166 llergenrtther,·Photius
405 4105 425 4152 t.
444 4098 467 4153 1.
486 4115 512 4168 p.
532 4101 585 4152 594
603 4113 673 4166 squ,
701 4098 748 4152 ubi
773 4113 805 4153 ea
829 4113 897 4166 quoue
922 4099 956 4152 acl
973 4098 1155 4168 Bulgsrorum

42 4179 232 4232 conversionem
257 4183 456 4246 eventuumque
482 4179 680 4248 chronologiam
699 4184 824 4247 spectant
848 4179 1001 4234 accurstius
1025 4185 1156 4233 enarratu

43 4269 165 4312 inventes
