2932 4836
387 485 501 540 Photins
519 481 782 552 pseudopatriarcha.
1093 489 1147 542 367

49 631 113 693 Nisi
131 653 189 716 per
209 628 399 715 Βυίραήαπι
428 628 518 692 missi
541 625 633 692 Sedis
657 624 860 711 Apostolicoe
889 629 1059 709 vertissent,
1091 653 1149 694 nec

40 728 142 811 ‚ionem
170 750 269 790 neom
297 749 353 788 racc
377 727 510 788 Romam
537 723 647 788 dicim
679 723 762 786 vitoe
792 747 867 788 sune
894 725 1045 790 viderent.
1092 727 1150 791 lili

49 848 103 888 aero
128 847 186 910 per
214 824 429 910 quadrapintu
460 821 528 886 dies
556 821 624 885 illic
653 820 826 884 residentes
833 869 843 900 ,
876 832 911 886 nt
941 835 1149 907 copnouerunt

45 923 179 1007 piolus
201 923 378 1008 Imperator
401 919 595 986 &cecorum
608 918 687 1002 fleri
702 922 856 1006 jusserat,
881 929 968 1003 torpa
990 930 1150 986 verterunt

45 1031 68 1082 et
86 1022 211 1084 Romam
241 1018 448 1083 inscendam
471 1018 655 1082 nuntiantes
678 1016 1052 1103 consarcinatione).
1099 1019 1149 1082 De

45 1117 138 1182 libello
170 1117 247 1181 fidei
281 1127 392 1180 autem
425 1114 582 1179 Nicolaus
615 1114 730 1178 scribit
759 1116 792 1178 in
823 1114 960 1200 epistola
991 1116 1074 1202 (ἴθ’)
1105 1116 1148 1180 ad

45 1216 267 1280 Hincmarum:
298 1215 341 1278 Et
371 1213 488 1290 adhuc,
520 1212 603 1298 qnod
635 1223 681 1276 est
712 1213 841 1298 panius
873 1223 903 1276 et
934 1214 1097 1292 insanius,
1128 1238 1149 1276 a

45 1315 131 1378 anana
153 1315 272 1376 nostris
294 1323 404 1375 contra
428 1333 547 1374 ornnem
569 1309 713 1396 requiam
737 1320 766 1372 et
784 1321 916 1395 promer
939 1333 1057 1376 monem
1080 1333 1148 1374 con·

44 1412 239 1488 antudinam,
277 1409 417 1474 libellum
430 1408 530 1492 fidei,
559 1409 589 1470 si
612 1407 651 1470 ab
677 1410 722 1472 eis
744 1409 844 1494 recipi
865 1406 996 1488 uellent,
1027 1410 1150 1494 accipere

45 1509 246 1584 moliebantur,
271 1509 306 1570 in
329 1529 387 1590 qno
413 1516 478 1570 torn
502 1507 566 1568 ista
589 1505 741 1591 capitulo,
759 1516 825 1568 torn
848 1529 886 1570 eu
909 1517 1047 1571 tenentes
1071 1529 1148 1570 ona·

44 1607 282 1684 {tenatizarcnt;
313 1629 367 1668 nee
390 1625 454 1666 nora
477 1601 631 1689 epistolas
653 1605 822 1667 eanonicus
845 1604 902 1667 laos
926 1601 1150 1690 (commenda-

43 1705 131 1782 titias)
162 1705 209 1782 ei,
242 1724 331 1787 quern
360 1724 450 1766 snum
481 1701 705 1764 oecumenicum
722 1701 945 1786 patriarcham
972 1701 1149 1787 appeliant,

43 1801 154 1864 sinucius
178 1797 318 1886 improbo
341 1797 583 1884 requirebant.²)

119 1899 169 1964 58.
194 1897 331 1962 Interim
354 1895 491 1960 Photius
515 1904 608 1959 actus
633 1895 812 1980 impietatis
835 1895 963 1976 ardore,
980 1897 1037 1981 qui
1054 1894 1150 1960 vehe-

44 2006 156 2060 menter
177 1994 403 2059 inflammatus
427 2003 496 2058 erat
511 1993 553 2056 iis
576 2015 661 2078 quae
677 1991 767 2077 apud
783 1991 944 2077 Bulgaros
960 2003 1149 2072 evenerant,

43 2116 103 2156 sese
125 2094 271 2158 accinxit
293 2091 336 2156 ad
368 2091 489 2156 bellum
514 2101 664 2176 apertum
696 2101 809 2155 contra
831 2091 1018 2156 Romanum
1041 2092 1151 2156 Ponti·

43 2190 137 2256 ficem.
176 2191 268 2255 Misit
288 2191 389 2274 igitur
403 2189 446 2254 ad
463 2191 635 2274 episcopos
651 2187 796 2254 Orientis
812 2188 1018 2273 encyclicam
1034 2190 1150 2275 episto·

42 2287 109 2370 lam,
128 2311 210 2376 quae
225 2287 342 2352 haberi
359 2297 465 2372 potest
481 2297 517 2351 ut
531 2287 766 2352 documentum
784 2286 875 2367 illud,
899 2308 964 2373 quo
980 2287 1150 2352 schismati
1162 2295 1236 2337 suasu
1251 2305 1310 2344 nu·

43 2385 140 2452 futuro
164 2388 219 2450 via
242 2395 356 2471 aperta
380 2395 437 2451 est.
480 2384 608 2449 Eisdem
632 2407 757 2449 emeres
781 2395 813 2448 et
837 2387 1065 2470 usurpationes
1088 2383 1150 2448 La·
1210 2355 1272 2398 ‘¹¹⁶⁸'

43 2485 174 2549 tinorum
199 2487 233 2548 in
265 2483 423 2570 Bulgsria
454 2505 575 2568 magna
607 2505 681 2546 cum
706 2481 864 2546 violentia
897 2483 1086 2569 impugnat,
1118 2492 1151 2546 et

44 2581 195 2664 praesules
206 2581 353 2648 Orientis
365 2581 409 2646 ad
420 2579 605 2646 Concilium
616 2583 866 2645 oecumenicum
877 2589 991 2645 contra
1001 2603 1056 2646 eos
1067 2579 1150 2645 Con·

44 2679 242 2766 stantiuopoli
268 2678 502 2744 celebrandum
522 2679 651 2744 invitat.
692 2677 814 2763 Incipit
836 2675 917 2742 haec
933 2677 1070 2764 epistola
1087 2677 1150 2742 illis

45 2775 159 2840 uerbis:
182 2777 312 2842 Photinus
335 2778 536 2841 miseratione
560 2777 672 2841 divina
696 2776 946 2863 archiepiscopus
974 2773 1150 2841 Constanti·

44 2875 192 2960 nopoleos,
217 2898 316 2939 noune
340 2876 476 2954 Romae,
509 2885 538 2938 et
562 2876 773 2938 oecumenicus
791 2875 990 2960 patriarcha.
1015 2913 1058 2920 -
1083 2873 1150 2936 Hu-

45 2974 121 3034 mani
139 2975 262 3060 ponens
284 2974 382 3036 lzostis
404 2971 543 3036 nondum
565 2972 689 3036 videtur
721 2973 839 3036 nostris
860 2972 954 3035 malis
978 2972 1058 3035 satis
1080 2994 1150 3035 con·

45 3079 148 3148 tentas,
177 3093 275 3156 aspre
289 3069 467 3156 frondibus
496 3080 525 3133 et
549 3069 824 3133 adinventionibus
847 3071 913 3134 suis
930 3069 1031 3154 finem
1052 3070 1150 3155 impo-

44 3169 144 3246 suisse,
171 3191 250 3254 quas
280 3168 319 3231 ab
350 3168 442 3232 initio
473 3177 582 3232 contro
611 3191 669 3231 nos
696 3178 816 3230 struere
840 3165 971 3231 studuit.
995 3205 1038 3214 —
1060 3165 1151 3230 Post-

45 3285 132 3346 quam
155 3265 232 3330 dein
256 3265 297 3328 de
321 3263 486 3329 erroribus
510 3264 666 3347 devictis,
701 3265 741 3328 de
766 3265 986 3328 Armenorum
1011 3286 1053 3328 ex
1076 3263 1150 3328 hae-

45 3362 99 3423 resi
129 3362 252 3444 reditu,
286 3384 326 3426 sc
359 3361 400 3426 de
429 3361 647 3447 Bulgarorum
677 3365 800 3428 recenti
831 3364 1046 3427 conversione
1074 3385 1151 3426 cum

45 3457 120 3521 fastu
142 3461 285 3546 quodam
310 3459 477 3542 disseruit,
509 3462 627 3546 incipit
650 3462 834 3525 invectivas
858 3482 933 3524 suas
955 3470 1068 3524 contra
1088 3459 1151 3524 La·

45 3555 132 3640 tinus,
163 3579 341 3643 eorumque
365 3559 399 3622 in
422 3556 614 3642 Bulgariam
644 3560 859 3644 irruptionem
888 3578 1078 3644 erroresque
1102 3557 1149 3622 ibi

47 3652 234 3720 introductos
258 3655 438 3721 furibunda
462 3655 649 3742 eloquentia
672 3665 812 3721 enarrat.
844 3656 911 3719 Ista
922 3655 993 3740 jam
1012 3657 1151 3720 citemus

47 3761 79 3812 ut
97 3765 263 3840 appareat,
288 3775 450 3839 quaenam
476 3755 586 3839 capita
609 3751 651 3818 ab
676 3755 746 3840 ipso
771 3755 916 3836 Latinis,
940 3762 978 3817 ut
1007 3753 1151 3818 schis'ma

49 3851 220 3932 perliceret,
245 3851 376 3936 objecta
398 3853 531 3916 fuerint.
583 3851 792 3938 Oinipuarn,
816 3851 990 3933 exclamat,
1014 3861 1044 3916 et
1070 3852 1149 3916 inci-

47 3943 111 4008 dun
125 3948 256 4034 sucinos
279 3960 308 4014 et
330 3951 460 4036 impium
484 3950 670 4014 consilium!
697 3947 773 4014 Cum
796 3951 878 4014 enine
901 3952 1034 4013 istarum
1048 3974 1152 4014 rerum

49 4042 91 4104 ›in
118 4045 282 4131 Balgatia)
319 4048 465 4110 narratio
499 4058 529 4110 et
549 4047 648 4134 sama
680 4047 830 4112 bonorum
860 4049 1041 4112 nuntiorum
1073 4059 1153 4112 esset

114 4259 131 4326 ¹)
148 4260 211 4316 Vita
229 4261 335 4316 Nicolsi
354 4277 375 4316 e.
394 4261 438 4316 41.
457 4262 501 4317 42.
611 4260 631 4328 ²)
651 4259 742 4316 Labbe
760 4260 838 4315 VIII.
857 4261 920 4316 470.
