2922 4832
299 489 339 542 De
359 488 433 544 Boiu.
453 489 630 544 Pontificibus
648 490 730 558 hrrjm
747 492 857 544 aetatis.
1108 495 1160 546 ab?

56 633 181 698 ostendit
212 642 249 695 ut
279 632 473 698 Pontificem
509 633 758 717 dignissimum,
793 655 854 698 nce
882 644 992 700 mmen
1025 639 1159 701 omnino

56 735 151 794 turbas
184 752 382 815 componere
416 730 537 810 valuit,
573 742 672 816 atque
705 753 748 796 ex
780 731 996 818 scriptoribus
1029 733 1159 799 illorum

56 841 223 912 temporum
238 827 411 913 colligitur,
437 827 633 894 Silvestrum
659 839 692 892 et
708 829 926 894 Benedictum
951 852 1016 896 non
1028 832 1160 916 penitus

55 927 212 1009 quievisse.

126 1043 179 1104 56.
226 1043 363 1106 Interim
389 1044 422 1106 in
447 1041 647 1106 Germaniae
671 1065 809 1126 regnum
837 1065 925 1107 anno
951 1043 1046 1126 1039,
1077 1041 1159 1107 Con-

55 1138 120 1202 mdo
143 1139 176 1204 ll
201 1139 368 1222 defuncto,
394 1151 599 1205 successerat
622 1141 693 1224 ejus
717 1139 805 1204 filius
828 1140 994 1204 Henricns
1017 1140 1078 1223 ΙΙΙ,
1103 1145 1159 1227 qui

56 1239 221 1318 potentiam
254 1259 347 1302 auam
372 1259 578 1324 regnumque
609 1260 710 1302 manu
739 1237 816 1301 forti
854 1238 1000 1301 firmavit
1033 1250 1065 1302 et
1093 1261 1160 1302 arn-

54 1333 163 1416 pliarit.
210 1335 310 1400 Anno
344 1337 430 1401 1043
464 1339 497 1400 in
528 1338 670 1400 comitiis
695 1335 908 1400 Constantiae
940 1335 983 1400 ad
1007 1336 1159 1400 Rhenum

54 1431 160 1498 habitis
183 1434 397 1498 concordiam
422 1437 508 1498 inter
523 1436 690 1519 principes
714 1443 747 1496 et
761 1443 935 1516 magnates
957 1433 1159 1513 conciliarit,

50 1545 77 1591 et
99 1533 249 1617 'l'raapam
263 1533 327 1596 Dei
351 1534 387 1596 in
411 1531 532 1597 Galliis
556 1534 740 1596 institutam
766 1533 800 1594 in
823 1529 1037 1595 Germaniam
1063 1534 1159 1596 intro-

53 1626 144 1693 duxit.
181 1627 287 1694 Sicuti
312 1632 348 1695 in
371 1651 424 1694 ree
447 1629 610 1716 politicas,
636 1630 683 1692 sic
707 1631 806 1692 etiam
832 1631 865 1693 in
892 1651 943 1693 res
967 1629 1157 1695 ecclesiasti-

51 1747 96 1788 cas
123 1726 383 1792 dominationem
416 1728 594 1792 exercebat
617 1730 686 1792 fere
710 1727 920 1808 illimitatam,
955 1729 1002 1791 ita
1025 1729 1159 1814 quidem

52 1839 80 1883 ut
99 1847 162 1890 non
190 1825 296 1890 solum
327 1827 498 1912 episcopos
536 1827 722 1890 nominaret
753 1827 786 1888 in
816 1846 918 1908 regno
950 1823 1159 1905 Germaniae,

50 1921 217 1987 sedetiam
253 1925 289 1988 in
312 1923 426 2004 Italia3
458 1923 605 2010 illudque
641 1922 826 1986 dominium
860 1924 964 2007 magis
988 1925 1160 2010 magisque

51 2017 190 2084 roborare
222 2031 256 2086 et
285 2022 425 2086 dilatare
449 2021 615 2087 studebat.
661 2022 737 2085 Jam
763 2020 921 2102 diximus,
956 2021 998 2085 de
1021 2021 1159 2093 Henrici

51 2116 202 2182 indoleat
226 2119 267 2184 de
291 2119 438 2184 consiliis
461 2120 534 2204 ejus
556 2129 706 2184 auctores
731 2117 822 2182 haud
847 2119 1042 2200 consentire,
1067 2119 1159 2184 dum-

49 2235 103 2297 que
134 2215 189 2280 alii
221 2218 292 2302 ejus
315 2220 472 2303 pietatem
507 2218 644 2302 ejusque
668 2218 702 2280 in
727 2214 911 2280 Ecclesiam
937 2219 1055 2281 merita
1079 2218 1160 2282 cele·

49 2309 144 2396 brant,
168 2326 201 2377 et
224 2337 326 2400 quum
345 2316 424 2400 jura
440 2337 499 2379 sua
525 2315 701 2378 excederet
725 2313 868 2396 benigne
886 2335 962 2378 eum
978 2326 1159 2380 excusant:

47 2408 96 2472 alii
117 2434 290 2496 perversae
314 2414 505 2478 ambitionis
529 2415 763 2498 variorumque
787 2413 963 2476 criminum
988 2435 1063 2477 eum
1078 2416 1160 2479 acri·

48 2520 89 2569 ter
109 2510 293 2598 arguunt.²)
331 2513 395 2576 Pro
419 2521 567 2598 tempore
592 2511 737 2575 sufficiat
759 2510 848 2574 facta
872 2511 1051 2596 praecipua
1074 2535 1159 2598 quae

47 2625 90 2668 res
111 2607 269 2674 ecclesiae
291 2610 460 2674 Romanae
485 2618 636 2695 spectant
659 2611 778 2694 paucis
802 2629 1070 2673 commemorare.

125 2724 178 2788 57.
227 2723 325 2789 Circa
357 2747 483 2789 annum
510 2725 597 2788 1046
628 2725 774 2808 suscepit
797 2723 963 2786 Henricue
987 2723 1039 2786 III
1063 2725 1265 2828 expe-³5⁸⁰&
1289 2725 1331 2767 ⁸¹¹·

47 2816 196 2886 ditionem
220 2824 256 2887 in
279 2823 422 2888 Italiam.
450 2823 562 2886 Ticini
588 2821 777 2886 rexItaliae
801 2829 976 2884 coronatus
1000 2831 1057 2904 est,
1083 2822 1159 2887 dein
1231 2799 1285 2828 aaa

48 2914 176 2984 Hennam
208 2923 364 3006 perrexit⁴
419 2921 530 3002 Quum
562 2923 708 2996 venisset
740 2918 905 3000 Sutrium,
943 2919 1160 3003 plurimorum

44 3015 284 3102 episcopcrum,
320 3017 497 3100 abbatum,
536 3017 730 3082 clericorum
763 3027 795 3081 et
825 3015 1062 3081 monachorum
1093 3017 1160 3082 illic

44 3113 201 3191 synodum
226 3119 349 3202 coegit,
374 3117 540 3202 adquam
565 3115 762 3201 Gregorium
786 3115 846 3195 VI,
871 3126 908 3178 ut
930 3120 960 3181 ei
984 3127 1159 3202 praeesset,

46 3207 205 3277 invitavit.
252 3215 351 3278 Hanc
375 3215 540 3298 synodum
563 3236 622 3278 rex
648 3216 764 3298 coegit,
797 3223 835 3278 nt
859 3225 1070 3301 componeret
1099 3224 1161 3278 sta·

45 3316 108 3372 tum
124 3311 292 3376 Romanae
309 3311 477 3395 ecclesiae,
503 3313 555 3375 cui
572 3322 638 3376 tres
654 3312 753 3376 simul
775 3315 949 3398 pontifices
975 3312 1160 3399 praesidere

44 3407 249 3474 videbantur.
298 3411 384 3474 Nam
409 3410 594 3496 complures
620 3408 840 3475 mussitabant
870 3421 983 3477 contra
1008 3411 1159 3494 Gregorii

43 3503 233 3572 electionem
265 3508 368 3573 veluti
403 3511 638 3590 simoniacam,
673 3529 711 3571 eo
745 3508 835 3594 quod
864 3509 1037 3574 Benedicti
1069 3507 1160 3572 abdi-

42 3606 202 3672 cationem
235 3609 378 3693 pecunia
408 3607 486 3671 data
519 3615 739 3692 procurasset,
776 3619 809 3670 et
836 3619 915 3672 tunc
943 3609 1013 3692 ipse
1037 3605 1160 3670 electus

43 3701 163 3768 fuisset.
198 3705 378 3790 Gregorius
402 3704 450 3769 VI
474 3729 494 3768 a
516 3728 593 3790 rege
617 3715 750 3790 rogatus
775 3716 832 3786 est,
858 3717 895 3770 ut
918 3704 1044 3790 synodo
1068 3727 1160 3789 prae-

44 3801 169 3868 sideret.
199 3804 400 3868 Benedictus
421 3802 472 3868 IX
497 3814 529 3868 ct
545 3803 702 3868 Silvester
725 3803 776 3867 Ill
800 3804 842 3868 ab
868 3803 1022 3869 omnibus
1045 3803 1158 3888 rejecti

41 3913 123 3965 sunt.
172 3900 281 3968 Causa
312 3925 443 3989 quoque
467 3903 618 3987 Gregorii
644 3902 692 3965 VI
716 3902 876 3967 ventilata
900 3911 964 3980 est3
997 3902 1025 3964 ie
1049 3910 1159 3964 tamrm

43 3997 129 4062 nulla
144 4005 307 4066 sententia
321 4012 372 4065 est
384 4001 563 4086 depositus,
589 4001 646 4064 sed
662 4022 764 4086 quum
785 4000 915 4064 videret
930 4007 1159 4083 tempestatem

50 4127 248 4134 ..qm

121 4189 141 4252 ¹)
167 4187 222 4242 cn.
243 4187 417 4256 Damberger,
443 4187 473 4241 B.
493 4187 540 4241 VI.
560 4203 585 4255 p.
607 4187 659 4240 297
678 4201 734 4252 sqq.
766 4216 800 4224 -
829 4184 953 4241 Gfrdrer.
986 4185 1069 4251 Greg.
1095 4181 1158 4238 VII.

42 4265 323 4334 Rssmssm
