2952 4832
350 501 389 554 De
408 499 574 554 Pontificetn
594 500 618 554 S.
639 499 767 568 Gregorii
786 500 848 555 VII.
969 574 973 582 Ι
1118 503 1170 556 301

68 642 219 728 usquead
246 643 367 710 Urbem
400 645 562 730 pervenit,
594 644 652 707 sed
686 643 900 708 aPontificis
932 653 965 709 et
989 645 1171 730 Mathildis,

69 740 206 825 Liguriae
230 751 262 805 et
275 742 416 806 Tusciae
441 743 637 826 comitissae,
664 743 769 827 copiis
793 741 945 829 repulsus
968 753 1027 808 est.
1052 781 1096 792 —
1119 742 1171 806 ln-

66 840 147 902 rerim
178 839 357 926 Gregorius
387 863 425 904 eo
457 841 672 927 pervenerat,
703 851 740 904 ut
768 841 979 905 Narmanuos
1001 840 1172 905 Ecclesiae

67 935 242 1018 devinciret,
262 937 446 1023 ducemque
465 938 680 1002 fortissimum
694 937 875 1002 Robertum
893 947 1051 1025 tanquam
1066 937 1172 1002 vasal-

65 1033 121 1097 lnm
142 1033 234 1099 Sedis
255 1036 465 1120 Apostolicae
483 1037 658 1122 acciperet.
692 1035 855 1101 Robertus
869 1037 912 1100 ob
930 1039 1065 1122 rapinas
1080 1046 1112 1100 et
1125 1038 1172 1100 in·

61 1131 170 1214 justam
194 1131 354 1197 bonorum
376 1133 547 1198 Ecclesiae
570 1135 790 1200 retentionem
814 1137 922 1220 primo
946 1137 1173 1198 excommuni-

64 1237 144 1292 catus
166 1241 236 1293 erat
258 1254 344 1296 anno
364 1232 459 1314 1014,
484 1255 571 1296 anno
589 1232 675 1298 1075
700 1235 830 1311 iterum,
856 1243 979 1296 etcum
996 1231 1172 1298 Salernum

64 1324 147 1395 (Dee.
172 1327 270 1415 1076)
304 1341 336 1392 et
359 1328 536 1395 Civitatem
563 1332 714 1417 cepisset,
749 1327 968 1416 Campaniam
999 1351 1172 1414 aggressus
1203 1361 1317 1404 &aaa

63 1437 144 1505 esset,
183 1426 324 1513 denique
355 1429 585 1493 Beneventum
616 1450 704 1493 anno
731 1429 815 1493 1077
848 1427 1041 1510 obsedisset,
1077 1430 1331 1493 tertiemus&

63 1523 259 1588 anathemate
283 1548 459 1610 percussus
482 1537 562 1592 erat.
591 1525 658 1591 Sed
682 1549 770 1590 anno
795 1527 881 1591 1080
903 1529 1049 1613 primum
1073 1529 1181 1612 opera

63 1620 217 1686 Desiderii
241 1623 371 1688 abbatis
387 1621 594 1689 Cassinensis
618 1624 660 1688 eb
676 1626 1023 1690 excommunicatione
1048 1624 1175 1690 solutus

62 1729 111 1798 est,
134 1743 171 1784 ec
195 1721 293 1806 paulo
318 1733 391 1806 past
407 1721 542 1786 Salerno
567 1745 691 1786 moveas
714 1745 863 1808 pressum,
889 1723 955 1787 dea
978 1725 1047 1810 ipae
1067 1746 1174 1810 perre-
1274 1761 1277 1766 ,

60 1819 103 1879 ait
132 1819 174 1881 ad
201 1819 385 1904 Grepotiam
410 1821 545 1906 Papam,
577 1825 701 1909 ejusque
726 1819 821 1906 ligius
848 1823 935 1884 domo
958 1819 1175 1910 jurejarando

61 1912 177 1998 effectae
200 1915 288 2003 apud
314 1915 515 2004 Ciperarram,
549 1920 711 2005 cesariem
735 1919 774 1982 ab
800 1943 833 1982 eo
857 1919 1009 1983 eccillum
1036 1943 1061 1983 e.
1087 1920 1178 1982 Petri

61 2035 151 2078 measa
174 2016 276 2079 Jane'o
292 2016 325 2100 ¹).
372 2015 599 2096 investiturae,
618 2017 763 2081 formula
787 2017 976 2104 hujusmodi
1001 2017 1082 2081 fnit:
1108 2019 1174 2104 Epo

63 2109 224 2196 Greporius
239 2115 332 2200 Papa
354 2117 486 2178 investio
511 2125 549 2197 te,
575 2116 709 2178 Habente
734 2116 811 2194 dac,
837 2115 875 2178 de
893 2127 978 2180 terra
1001 2139 1094 2201 qaam
1118 2116 1179 2179 tibi

59 2223 267 2276 concesserunt
297 2223 507 2276 antecessores
529 2215 591 2276 mei
614 2224 742 2277 sanetae
767 2216 933 2278 memoriae
959 2214 1117 2278 Nicotaus
1147 2225 1178 2278 et

59 2305 246 2373 Alexander.
293 2311 343 2374 De
373 2311 434 2374 itta
465 2323 568 2374 aetem
594 2323 679 2375 terra
710 2335 802 2398 qaam
826 2314 942 2400 injuste
968 2325 1061 2390 tenea,
1095 2314 1178 2377 sicat

58 2415 98 2468 est
113 2405 265 2471 Salernum
289 2417 319 2470 et
333 2409 475 2494 Amalfla
498 2419 528 2472 et
546 2432 628 2496 pars
651 2411 810 2473 mareotae
834 2411 1018 2488 Firmartae,
1042 2434 1124 2474 aeae
1148 2421 1177 2474 te

54 2505 210 2586 patienter
236 2506 384 2586 eratineo,
417 2509 452 2570 in
484 2507 675 2591 confidentia
698 2509 762 2571 Dei
794 2511 1015 2594 omnipotentis
1049 2519 1078 2571 et
1103 2519 1176 2572 tuae

58 2600 213 2680 beatitatis,
242 2614 276 2666 nt
299 2615 332 2667 te
350 2616 465 2692 procrea
490 2605 563 2668 dade
587 2607 631 2668 ad
653 2608 798 2669 lecatorem
823 2607 886 2669 Dee¹
910 2618 939 2669 et
962 2609 1065 2670 sancti
1089 2607 1184 2668 Petri

59 2701 100 2761 ita
130 2712 159 2764 te
190 2701 315 2782 babeas,
351 2703 431 2766 sicut
461 2715 491 2766 et
514 2714 542 2766 te
567 2727 658 2790 apere
689 2715 719 2768 et
741 2728 788 2768 nte
811 2707 969 2791 erumpere
1000 2705 1086 2768 decet
1109 2706 1177 2768 siae

53 2799 190 2880 periculo
215 2802 339 2863 recimere
365 2811 435 2864 tuae
460 2813 489 2865 et
512 2803 644 2884 meost).
677 2803 849 2888 Principes
874 2825 951 2866 vero
976 2800 1176 2867 Germaniae

59 2894 198 2962 Henrico
216 2897 346 2962 adversi
357 2921 471 2984 regem
497 2901 740 2964 constituerunt
751 2899 996 2965 Herimannum
1021 2902 1179 2964 comitem

58 2993 397 3080 Lnxemburgensem,
437 3001 493 3084 qui
519 2998 572 3062 die
599 2999 659 3062 26⁰
688 2998 886 3064 Decembris
924 3000 1004 3063 anni
1036 2997 1119 3063 1081
1157 3019 1177 3060 a

56 3091 210 3174 Sigifrido
259 3093 505 3182 archiepiscopo
546 3095 741 3180 Mogentino
780 3095 951 3160 Goslariae
991 3099 1022 3160 in
1064 3115 1179 3180 regem

56 3201 171 3254 rinctus
196 3202 253 3257 est.

141 3356 195 3420 at.
244 3355 337 3434 Quae
378 3343 655 3450 subsequentibus
693 3357 790 3419 annis
837 3369 1020 3418 evenerunt
1066 3353 1184 3439 quoad

55 3447 175 3514 luctam
201 3451 338 3516 Henrici
362 3453 410 3516 IV
444 3464 557 3518 canna
581 3451 779 3538 Gregorinm
805 3452 871 3516 Vll
895 3455 1011 3537 paucis
1036 3472 1178 3516 comme·

55 3568 181 3612 morare
215 3551 365 3618 sufficiet.
405 3589 446 3600 -
488 3551 586 3615 Anno
620 3551 706 3616 1082
742 3551 908 3614 Hernicus
944 3552 1063 3614 iterum
1100 3569 1178 3613 cum

54 3649 201 3711 exercitu
225 3647 355 3712 Italiam
380 3651 560 3733 ingressus,
592 3651 730 3713 Romam
756 3648 897 3730 obsedit,
928 3648 985 3712 sed
1010 3649 1101 3711 irrito
1127 3669 1177 3711 ce-

55 3753 143 3808 natu.
192 3745 348 3832 Sequenti
373 3757 484 3812 temen
509 3770 596 3812 anno
623 3748 709 3812 1083
733 3769 770 3811 eo
795 3747 958 3831 pervenit,
990 3755 1026 3808 ut
1049 3753 1177 3830 partem

55 3841 145 3906 urbis
161 3857 353 3929 occuparet3
378 3845 515 3910 alteram
532 3855 671 3931 partem,
696 3843 853 3909 videlicet
867 3843 990 3908 Leonis
1006 3843 1177 3906 civitatem

128 4109 150 4176 ¹)
171 4109 308 4164 Rornnald.
329 4111 453 4178 Arcbiep.
473 4112 601 4165 Salernit
627 4112 824 4180 ap.1lnratori
847 4111 901 4166 Ser.
925 4111 987 4164 Vll.
1012 4127 1036 4178 p.
1058 4111 1118 4162 112.
1143 4138 1184 4154 -

54 4187 219 4255 Wattericb,
240 4191 339 4245 1430.

128 4289 151 4358 ¹)
168 4287 200 4342 V.
220 4289 382 4353 Wattericb,
403 4291 423 4346 I.
443 4291 504 4346 440.
