2904 4834
289 453 344 505 408
605 449 694 505 XIIII.
730 449 771 504 De
789 449 933 505 schismate
951 449 1093 504 Photinus.

291 615 419 658 cessum
453 593 568 658 datum
601 601 651 656 est
682 592 790 656 missis
820 591 1039 676 Bulgarorum
1073 592 1231 678 quoddam
1263 593 1397 678 scriptum

288 691 535 778 praedaverint
558 699 588 753 ct
610 688 726 754 litteris
749 701 917 754 sacratum
940 692 1118 769 emanans,
1151 694 1244 776 quasi
1266 691 1325 755 loci
1345 714 1393 754 eer-

289 800 415 853 uatores
435 789 573 852 Orientis
597 789 680 851 ieter
703 786 763 850 loci
778 799 952 852 servatores
966 789 1127 852 Romanos
1150 799 1179 850 at
1192 789 1394 874 patriarcham

289 887 449 972 Iprsatiam
472 886 587 951 arbitri
609 887 778 950 existomes
793 886 1021 976 jsodicaoerint,
1045 883 1257 970 Balparorum
1265 887 1395 972 patr-iam

289 1007 368 1068 quiae
385 986 420 1047 ia
433 983 562 1071 Illyrico
578 984 749 1048 comtituta
769 994 824 1062 cat,
849 983 984 1046 dioecesi
1004 982 1151 1048 CPtaaae
1172 983 1397 1072 subjiciendam.

289 1083 340 1146 Ita
368 1082 566 1146 Anastasius
596 1083 630 1146 in
654 1082 864 1146 Praefatione
894 1081 937 1145 ad
966 1081 1151 1147 Concilium
1176 1079 1300 1156 vius)
1341 1079 1397 1142 Ad·

289 1183 389 1244 vertit
407 1190 517 1244 tamen
533 1182 620 1265 lpse:
646 1181 733 1244 Licet
752 1182 807 1243 boc
821 1182 924 1266 aarum
946 1204 989 1244 aa
1005 1179 1066 1244 loci
1082 1189 1255 1244 seruatores
1275 1178 1399 1242 caetu

288 1279 490 1358 «decreverint,
514 1277 614 1342 asellis
628 1289 709 1341 certa
725 1279 879 1364 probetur
894 1277 1065 1358 indic-stad)
1080 1315 1123 1324 —
1144 1275 1309 1356 Quamvis
1322 1275 1398 1339 vide-

288 1375 365 1439 licet
396 1378 512 1440 vicarii
545 1374 720 1464 orientales
750 1377 784 1439 in
815 1375 964 1439 favorem
996 1375 1155 1440 ecclesiae
1186 1371 1337 1439 OPtanac
1363 1373 1398 1436 de

288 1471 466 1556 Bulgariae
490 1495 589 1537 eausa
608 1472 846 1557 judicaverint,
873 1471 956 1537 forte
979 1483 1092 1536 minen
1116 1473 1261 1558 aliquam
1286 1481 1398 1536 senten·

287 1571 387 1654 tiam,
418 1581 456 1634 ut
485 1593 553 1634 rem
586 1593 662 1633 cum
692 1571 887 1634 auctoritate
919 1570 1127 1653 dirimerent,
1158 1592 1226 1636 non
1256 1569 1397 1650 tulerunt,

291 1667 344 1731 vel
368 1667 482 1732 saltem
508 1669 743 1733 documentum
758 1667 911 1751 Bulgaris
935 1668 1049 1732 datum
1073 1668 1115 1732 ab
1139 1671 1220 1754 ipsis
1243 1689 1308 1732 non
1324 1687 1397 1730 ema·

127 1765 266 1868 ,2332
292 1767 395 1830 navit.
413 1765 605 1830 -Exinde
628 1785 707 1828 vero
731 1787 751 1828 a
773 1787 850 1850 rege
866 1766 1084 1849 Bulgarorum
1107 1766 1202 1831 latini
1226 1765 1398 1830 sacerdotes

269 1855 275 1868 ’
294 1863 421 1927 dimissi
442 1873 527 1946 sunt,
552 1873 585 1926 et
599 1861 749 1947 Ignatius
770 1862 990 1948 patriarchico
1008 1864 1084 1949 jure
1100 1863 1189 1927 illam
1204 1863 1396 1948 provinciam

293 1959 478 2044 girbernare
508 1983 575 2026 non
613 1961 789 2026 dubitavit.
837 1959 1053 2026 Consecravit
1081 1962 1258 2048 Bulgariae
1288 1960 1397 2025 archie-

292 2060 475 2144 piscopum,
501 2061 557 2144 qui
582 2083 602 2123 a
625 2056 824 2145 quibusdam
842 2059 1033 2126 auctoribus
1047 2059 1317 2146 Theophylactus
1331 2057 1397 2121 dici·

290 2167 353 2237 tur,
379 2158 472 2241 isque
487 2155 568 2220 alios
590 2157 759 2222 ordinavit
774 2159 961 2243 episcopos3
986 2158 1173 2244 presbyteri
1188 2159 1288 2222 etiam
1301 2155 1396 2241 graeci

289 2255 322 2318 iu
348 2253 540 2338 Bulgariam
574 2257 665 2318 missi
698 2266 784 2320 sunt.
831 2255 986 2321 Severius
1019 2257 1154 2342 quidem
1185 2255 1334 2340 Ignatius
1362 2251 1397 2314 ab

287 2351 460 2415 Hadriano
497 2362 529 2416 et
562 2353 693 2418 Joanne
726 2353 810 2417 VIII
845 2353 886 2417 ob
923 2365 1113 2440 usurpatam
1150 2357 1185 2418 in
1219 2351 1394 2436 Bulgarism

281 2449 550 2533 jurisdictionem
575 2452 718 2514 monitus
741 2451 813 2532 fuit,
839 2453 894 2537 qui
917 2453 1017 2515 etiam
1032 2452 1394 2515 excommunicationem
1441 2475 1442 2478 ¹

287 2549 316 2610 ei
348 2549 463 2611 minati
488 2559 573 2612 sunt.
622 2549 777 2614 Attamen
809 2551 879 2634 ipse
912 2571 1015 2635 usque
1038 2549 1081 2614 ad
1106 2559 1244 2613 mortem
1275 2548 1395 2632 paniar-
1441 2581 1442 2602 2

286 2645 383 2709 chica
409 2645 488 2731 jura
518 2649 552 2710 in
584 2646 671 2710 illam
704 2649 872 2731 regionem
896 2649 1060 2729 exercuit,
1092 2669 1153 2711 nec
1187 2643 1396 2711 excommuni·
1441 2667 1442 2674 ¹

287 2755 380 2807 catus
411 2743 484 2808 fuit.
531 2742 713 2808 Difficilem
744 2744 845 2808 fuisse
868 2743 991 2829 Ignatii
1015 2742 1224 2832 patriarchae
1252 2742 1395 2807 conditio·
1441 2795 1442 2800 ,

286 2863 373 2922 nem,
399 2863 495 2904 nemo
512 2853 562 2905 est
586 2844 642 2927 qui
666 2863 731 2906 non
749 2842 851 2906 videt.
890 2843 976 2906 Nam
1001 2853 1032 2906 et
1048 2841 1231 2928 Imperator
1255 2851 1288 2904 et
1303 2839 1395 2903 clerus

286 2937 433 3004 Orientis
465 2960 585 3024 magno
611 2961 686 3003 cum
710 2939 827 3004 ardore
859 2942 921 3004 ista
949 2940 1027 3026 jura
1052 2942 1221 3026 supposita
1252 2937 1395 3002 ecclesius

287 3033 440 3100 CPtanae
464 3037 699 3119 vindicabant,
724 3047 757 3101 et
780 3039 806 3101 si
831 3037 981 3122 Ignatius
1004 3060 1044 3103 ea
1066 3038 1261 3120 dimisisset,
1294 3034 1394 3099 adver·

286 3135 364 3198 sarii
389 3135 460 3220 ejus
488 3134 566 3198 inde
590 3136 754 3221 cepissent
777 3137 984 3201 occasionem
1008 3138 1154 3200 maxime
1178 3143 1392 3221 opportunam,

286 3241 322 3294 ut
357 3231 579 3316 patriarcham
615 3233 699 3296 odiis
723 3243 884 3298 voverent
917 3233 1112 3316 multorum,
1148 3236 1331 3318 iterumque
1360 3249 1394 3292 ex
1441 3253 1442 3258 ¹

286 3329 364 3393 sede
395 3328 617 3394 deturbarent.
664 3331 735 3395 Nec
766 3341 876 3396 tamen
900 3353 1002 3397 senex
1025 3335 1157 3418 pietatis
1187 3330 1342 3418 probatae
1367 3333 1393 3388 et

287 3429 467 3492 constantis
491 3427 569 3493 Sedi
593 3428 805 3514 Apostolicae
828 3431 1010 3512 restitisset,
1037 3432 1102 3495 nisi
1126 3441 1158 3494 et
1181 3433 1262 3516 ipse,
1285 3427 1392 3491 bacin
1441 3453 1442 3456 ¹

284 3547 319 3588 re
343 3527 541 3610 angustioris
565 3528 694 3608 mentis,
724 3525 1008 3614 Orientaliumque
1032 3529 1206 3614 principiis
1229 3539 1262 3591 et
1284 3523 1391 3611 opinio·

284 3621 384 3687 nibus
414 3623 583 3709 paulisper
613 3626 768 3708 affectus,
801 3628 1038 3709 existimasset,
1081 3648 1115 3690 se
1141 3627 1219 3712 jura
1250 3623 1392 3688 ecclesiae
1441 3645 1442 3664 ¹

284 3743 363 3785 sune
387 3720 575 3787 defendere.
623 3720 719 3787 Certe
750 3725 850 3787 etiam
874 3727 937 3788 viri
969 3723 1016 3810 pii
1040 3733 1226 3810 temporum
1251 3733 1282 3787 et
1304 3719 1389 3785 natio·
1441 3739 1442 3752 ¹

285 3841 365 3882 num
391 3819 604 3906 praejudiciis
628 3831 661 3885 et
684 3821 869 3886 defectibus
892 3824 1015 3907 passIm
1039 3821 1240 3904 afficiuntur,
1264 3818 1390 3902 indeque
1441 3819 1442 3880 l

284 3916 422 3982 humani
452 3918 533 4004 quid
558 3921 739 4004 patiuntur.
786 3921 969 4005 Benignius
997 3920 1040 3984 ad
1063 3919 1285 4006 patriarcham
1307 3935 1388 3980 excu·
1441 3923 1442 3988 t

283 4015 425 4079 sandum
447 4017 612 4081 Baronius
635 4015 767 4081 scribit:
803 4019 912 4102 Neque
936 4029 999 4100 ost,
1025 4020 1147 4104 inquit,
1171 4017 1253 4103 quod
1274 4016 1339 4102 queis
1359 4009 1388 4068 ab

357 4218 377 4278 1)
397 4217 488 4272 nisu
505 4219 583 4273 vm.
602 4219 664 4276 su.
829 4219 852 4288 ²)
871 4217 981 4275 niuem.
