2898 4836
301 482 335 533 72
484 481 588 536 xiiii.
614 481 653 534 De
672 479 800 534 Romanis
820 479 995 534 Poiitillcibus
1013 481 1113 536 saeculi
1132 483 1234 536 decimi.

300 625 462 708 potuisse,
496 645 573 686 oiim
606 624 729 686 invasit
760 623 1005 690 Pontificatum.
1052 625 1177 690 Verum
1210 627 1315 710 ipsum
1345 647 1398 689 uon

299 722 401 784 fuisse
433 723 707 806 primogenitum,
741 743 784 785 ex
816 744 853 785 eo
887 743 1061 807 possumus
1095 723 1290 808 intelligere,
1326 723 1400 808 qiioil

301 840 376 883 cuin
401 829 526 884 constet
549 828 625 883 ante
656 817 739 882 liaeo
767 821 871 883 vitam
899 819 1084 884 clericalem
1115 821 1305 906 amplexum
1335 844 1401 884 esse.

299 916 401 979 alium
433 917 486 980 cui
519 918 723 1000 principatus
756 917 933 980 deberetur
965 927 1078 981 uatum
1110 941 1180 983 esse
1204 931 1279 984 aute
1310 923 1400 1004 ipsiiiii

299 1015 491 1098 oportuisse.
530 1012 595 1077 Sed
616 1012 742 1096 demus,
767 1015 1023 1100 primogenitum
1047 1017 1155 1101 ipsum
1177 1018 1278 1080 fuisse
1301 1019 1403 1102 primo·

299 1133 363 1196 que
391 1133 478 1174 auno
507 1112 652 1196 conjugii
684 1121 813 1196 natum,
848 1121 935 1176 certe
966 1113 1016 1200 (ut
1040 1113 1166 1178 dictum
1195 1114 1257 1199 est)
1287 1117 1402 1178 nonnisi

298 1217 450 1290 agentem
466 1208 630 1272 decimum
650 1219 803 1272 octavum
820 1219 966 1274 creatum
987 1211 1182 1276 Pontificem
1207 1214 1404 1297 oportuit.“¹‹

298 1306 393 1370 Haec
427 1307 561 1392 quidem
591 1307 791 1370 venerabilis
828 1306 1015 1372 cardinalis
1050 1311 1131 1374 scite
1167 1309 1403 1374 animadvertit:

298 1403 363 1468 alia
400 1415 510 1469 tamen
536 1406 715 1490 suppositio
747 1415 868 1485 exstat,
908 1428 993 1490 quae
1026 1407 1243 1492 praeferenda
1279 1407 1404 1470 videtur.

298 1501 423 1565 Nititur
446 1512 555 1566 autem
581 1504 621 1565 iis
645 1525 732 1587 quae
756 1505 791 1566 in
815 1525 872 1566 suo
889 1501 1053 1568 Chronico
1078 1505 1119 1569 de
1143 1504 1297 1569 Alberico
1321 1504 1405 1567 habet

129 1624 248 1674 inquiritur
264 1625 289 1666 is
298 1598 499 1664 Benedictus
523 1599 564 1663 de
588 1623 612 1665 s.
629 1599 806 1682 Andreafl)
842 1601 895 1664 Ex
919 1601 971 1665 his
986 1603 1143 1667 videlicet
1159 1603 1279 1689 conjici
1305 1615 1405 1689 potest.

179 1690 235 1728 ⁰⁸¹¹·
299 1697 522 1761 Octavianum
548 1707 660 1762 natum
686 1720 756 1762 esse
780 1697 907 1784 aliquot
929 1702 1026 1764 anuis
1049 1710 1227 1786 antequam
1245 1701 1406 1766 Albeiicus

300 1794 435 1860 duceret
448 1794 579 1876 Aluan,
595 1819 638 1859 ex
648 1799 770 1861 unione
785 1796 967 1882 illegitima,
985 1798 1038 1861 vel
1051 1821 1093 1862 eii
1106 1801 1260 1884 conjugio
1279 1800 1405 1886 quodam

299 1915 374 1956 cuin
400 1893 537 1957 muliere
561 1895 725 1958 inferioris
753 1894 961 1960 conditionis.
1008 1897 1086 1960 Post
1110 1919 1202 1977 vero,
1233 1920 1321 1962 anno
1344 1896 1405 1958 emt

299 1989 475 2055 Albcricus
499 1994 746 2056 matrimonium
769 1994 845 2056 iniit
868 2015 943 2056 cuin
961 1993 1049 2058 Alda
1073 1995 1141 2058 filia
1155 1995 1311 2078 Hugoiiis
1326 1997 1406 2077 regis.

300 2111 442 2174 cumque
470 2111 512 2152 ex
543 2089 606 2153 hac
638 2088 843 2154 nobilissima
872 2090 997 2155 femina
1021 2091 1146 2176 prolem
1170 2103 1328 2178 speraret,
1359 2091 1406 2155 tte-

300 2189 455 2250 taviauus
478 2189 577 2251 statui
594 2186 815 2252 ecclesiastico
831 2187 1015 2253 destinatus
1039 2200 1098 2255 cst.
1136 2189 1201 2255 Sed
1219 2190 1307 2255 Alda
1331 2189 1405 2254 obiit.

300 2285 380 2369 quin
403 2283 524 2348 liberos
548 2283 702 2350 Alberico
726 2286 909 2369 genuisset,
942 2308 982 2350 ac
1006 2285 1084 2351 dein
1108 2290 1263 2373 princeps
1287 2289 1341 2352 hic
1363 2289 1404 2372 qiii

299 2381 410 2446 adhuc
442 2382 560 2447 florida
591 2392 661 2447 erat
693 2393 814 2464 aetate,
851 2383 1026 2449 consilium
1060 2387 1147 2465 iniit,
1184 2397 1221 2449 ut
1256 2409 1300 2450 ex
1323 2388 1406 2469 stirpe

299 2479 539 2564 Imperatorum
564 2503 755 2566 graecorum
781 2503 918 2546 uxorem
943 2481 1087 2562 duceret,
1112 2506 1151 2548 ea
1175 2484 1216 2547 de
1241 2507 1276 2547 re
1301 2507 1356 2569 per
1375 2483 1406 2544 le.-

298 2585 391 2656 gatos
417 2575 699 2663 Constantinopoli
725 2580 800 2663 egit,
825 2581 1024 2666 nuptiasque
1047 2583 1270 2665 praeparavit.
1309 2584 1407 2665 Spera·

374 2765 393 2821 ¹)
413 2765 454 2818 Ad
473 2781 497 2816 o.
516 2765 569 2818 955
589 2780 632 2818 un.
653 2768 678 2819 3.
697 2767 723 2819 4.

372 2844 394 2912 Β)
413 2843 512 2898 Scribit
525 2844 698 2898 Benedictus:
719 2845 777 2908 „Ad
791 2844 944 2898 Albericiiiu
957 2845 1105 2913 principem
1119 2855 1258 2899 vertimini
1271 2845 1406 2898 articuliini.

299 2933 329 2979 et
347 2925 465 2991 qualiter
483 2941 499 2977 a
512 2925 622 2993 regibus
635 2929 707 2978 terre
725 2923 961 2992 Langobardorum
975 2941 1022 2978 seii
1036 2925 1214 2991 Traiisalpine
1228 2925 1318 2978 nullus
1330 2923 1406 2978 riiborr

299 3003 355 3058 suis
374 3004 538 3072 temporibus
564 3005 593 3058 in
611 3005 731 3058 Romane
755 3003 853 3058 finibus
878 3021 931 3058 non
956 3011 1020 3058 suut
1047 3005 1170 3074 ingressi.
1211 3006 1315 3059 Geunit
1332 3011 1405 3058 suun

300 3100 334 3138 ex
352 3084 393 3138 his
412 3084 559 3151 principem
579 3101 612 3139 ex
631 3084 805 3139 concubinam
824 3085 916 3149 filium,
936 3085 1064 3152 imposuit
1082 3085 1121 3138 eis
1140 3101 1237 3140 nomen
1250 3085 1405 3138 Octcbiiiiins.

300 3165 418 3218 Consilio
437 3165 503 3219 emit
522 3165 660 3220 Albericus
673 3165 810 3232 principis,
829 3175 862 3218 ut
880 3165 912 3218 de
925 3164 1059 3233 sanguine
1072 3165 1217 3220 Grecoruni
1232 3166 1404 3234 imperatorin

300 3244 351 3298 sibi
371 3260 453 3298 uxore
472 3246 625 3299 sociandam
662 3244 845 3299 Transniissus
857 3245 1020 3298 Benedictus
1040 3245 1214 3313 Campaniam
1234 3262 1251 3298 s
1269 3245 1404 3300 Constanti·

301 3326 426 3392 nopolini„
446 3333 477 3379 ut
495 3325 635 3394 perliceret
653 3325 750 3388 omnin,
770 3325 887 3390 qualiter
905 3325 956 3379 sibi
976 3325 1113 3379 sociandos
1133 3333 1212 3381 esset.
1251 3325 1360 3380 Roaiam
1376 3341 1405 3374 se

301 3405 416 3458 cundum
430 3407 650 3460 consuetudinem
660 3405 807 3474 malignam
821 3405 1040 3470 consiliaverunt,
1054 3413 1085 3459 iit
1098 3406 1245 3474 principem
1264 3405 1404 3460 occiderem.

301 3500 353 3552 quc
371 3485 483 3540 consilia
502 3503 593 3540 eorum
612 3486 750 3540 dlberious
770 3485 940 3539 innotescit.“
976 3485 1073 3539 Tradit
1092 3486 1154 3541 dein
1173 3487 1304 3553 quaedam
1322 3485 1351 3538 de
1368 3483 1403 3534 bs·

300 3565 486 3631 conJuratione
513 3567 556 3620 ciii
575 3581 603 3620 se
622 3567 785 3620 sociaverint
804 3567 887 3620 etiam
907 3565 1023 3620 Alherici
1043 3581 1154 3630 sorores,
1180 3573 1209 3620 ct
1228 3565 1353 3634 quomodo
1368 3577 1404 3630 pi
1437 3592 1442 3611 ι

300 3661 381 3700 uusiii
400 3663 432 3700 en
451 3645 585 3700 sororibus
604 3647 753 3716 conjuratio
773 3646 926 3700 innotuerit
946 3645 1060 3712 principi
1080 3647 1155 3713 isque
1174 3647 1342 3701 rebellionem
1359 3641 1403 3695 feli

300 3727 369 3779 citer
387 3727 553 3794 represserit.
592 3727 805 3792 ..Liberatusque
830 3735 873 3780 est
892 3727 1018 3794 princeps
1036 3726 1071 3779 ad
1089 3727 1187 3780 seditio
1206 3727 1326 3780 Romani.
1360 3723 1403 3788 Qu

301 3813 362 3874 post
381 3807 446 3860 haec
465 3807 612 3874 cogitavit,
638 3816 670 3860 ut
688 3807 720 3860 de
746 3806 847 3860 nobiles
867 3805 987 3860 Romane
1006 3805 1186 3873 pulcherrime
1212 3805 1309 3860 lemine
1327 3806 1352 3858 iii
1368 3817 1402 3854 ar

302 3886 371 3938 ciliis
390 3894 555 3954 potestatem
574 3887 663 3941 domui
676 3903 741 3940 siiae
753 3895 897 3954 praeesset.
917 3892 947 3940 ut
961 3887 1076 3956 conjuge
1089 3903 1155 3941 suae
1169 3888 1311 3940 Greooruui
1321 3895 1402 3952 geren

302 3967 330 4019 iii
350 3968 503 4034 aspectibus
523 3968 667 4022 (trecorum
693 3967 720 4020 iii
740 3967 871 4034 nuptialis
897 3967 989 4020 diebus
1015 3967 1129 4021 donaria
1155 3967 1311 4031 concederc3
1334 3975 1357 4018 et
1373 3959 1401 4012 n'c
1446 3997 1447 4004 κ

302 4049 476 4115 adimpletum
496 4057 545 4102 est.
593 4049 651 4101 Non
680 4054 786 4101 tantuin
815 4048 847 4100 de
866 4047 958 4100 liiirbis
987 4047 1106 4113 Romae,
1131 4049 1178 4101 sed
1197 4047 1279 4101 etisiu
1296 4046 1327 4098 de
1343 4041 1400 4097 sse
1446 4077 1447 4110 q

302 4129 401 4182 nensis.
439 4128 483 4182 Sic
501 4129 677 4196 adimpletum
696 4133 746 4192 est,
766 4135 943 4181 ramsteinen
956 4127 991 4181 ad
1010 4127 1159 4182 thalamum
1173 4127 1274 4196 nuptiis
1291 4141 1340 4180 uon
1356 4137 1400 4189 per·

303 4208 405 4264 veuit.“
443 4208 582 4262 Albcricus
608 4209 734 4262 videlicet
760 4209 937 4274 languescere
962 4209 1050 4276 coepit
1076 4213 1103 4262 et
1121 4207 1197 4262 brevi
1222 4214 1280 4275 post
1298 4211 1399 4258 mirmur·

301 4299 351 4342 est
391 4289 423 4342 Υ.
443 4289 524 4342 Perta
544 4291 578 4344 il.
599 4292 630 4340 tl.
650 4289 694 4344 SS.
713 4289 762 4344 ΙΙΙ.
783 4289 841 4342 717.
