2932 4836
313 498 352 552 De
372 496 558 552 Decretslibus
576 491 859 549 Pseudo-isidorianis.
1097 497 1149 550 317

50 642 253 726 quaestionem
273 641 345 726 jam
369 660 499 703 summa
522 637 717 700 auctoritate
741 635 939 721 diremptam
964 639 1071 702 denuo
1096 661 1149 702 ex·

50 742 149 822 agitet,
176 748 207 802 et
230 757 441 824 nequaquam
466 736 644 800 convenire
669 745 796 814 censet,
827 744 864 796 ut
891 733 933 797 ab
957 737 1038 820 ipsis
1061 757 1148 801 nova

49 838 190 900 sententia
207 837 341 900 feratur.
381 834 434 898 Ab
450 835 522 919 ipsa
537 831 622 896 Sede
637 830 829 916 Apostolics
845 831 990 917 quidem,
1015 835 1042 896 si
1058 834 1147 917 velit,

49 933 98 997 hac
116 937 195 998 inre
214 931 325 998 adhuc
340 932 467 1019 aliquid
487 933 586 995 statui
604 951 708 1016 posse,
733 929 887 1002 admittit,
913 931 1068 1016 viamque
1086 931 1149 996 hoo

47 1033 135 1116 posito
168 1032 332 1116 suggerit,
367 1039 405 1094 ut
438 1029 576 1092 solemni
610 1025 750 1092 concilio
783 1027 930 1111 generali
966 1040 1147 1094 convocato

47 1150 179 1214 novoque
212 1131 367 1192 examine
399 1127 504 1210 sacto,
540 1125 620 1188 dein
651 1123 694 1188 ab
727 1126 798 1208 ipsa
830 1123 915 1190 Sede
945 1124 1146 1212 Apostolica,

46 1225 200 1290 definitiva
230 1226 393 1290 sententia
423 1223 557 1288 feratur.
606 1222 650 1286 Ut
679 1243 758 1286 vero
783 1221 915 1306 probet,
950 1229 1065 1310 quanti
1092 1225 1147 1290 ha·

46 1323 172 1388 bendum
202 1327 245 1388 sit
272 1323 439 1409 judicium
470 1320 566 1386 Sedis
589 1318 818 1405 Apostolicae,
854 1331 956 1408 utque
985 1323 1146 1404 ostendat,

45 1424 133 1506 ipsam
167 1422 271 1486 solam
307 1442 378 1485 esse
412 1417 557 1483 tribunal
593 1439 776 1495 summum,
821 1427 853 1481 et
886 1420 1145 1505 irrefragabilem

45 1521 256 1583 auctoritatem
280 1520 311 1582 ei
335 1519 531 1590 convenire,
558 1517 706 1599 congerit
729 1516 815 1578 inter
837 1515 902 1580 alia
926 1520 1025 1582 etiam
1049 1519 1146 1604 pluri·

44 1639 100 1679 mos
122 1616 191 1681 illos
213 1626 326 1680 textus
349 1638 392 1680 ex
414 1612 647 1679 Decretalibus
669 1612 1017 1682 Pseudo-Isidorianis.

118 1717 189 1779 114.
219 1715 299 1779 Jam
331 1736 391 1799 per
414 1735 448 1777 se
477 1733 594 1799 parum
618 1710 800 1796 probabilis
832 1722 971 1798 apparet
993 1714 1048 1778 illa
1073 1738 1146 1802 sup-

44 1814 161 1896 positio,
197 1811 409 1876 Hadrianum
433 1810 628 1874 Pontificem
657 1810 783 1894 ipsum,
819 1831 862 1874 ex
892 1810 987 1896 cujus
1010 1812 1144 1878 arbitrio

44 1909 192 1992 pendebat
215 1919 252 1973 ut
276 1910 384 1974 denuo
409 1930 509 1972 causa
531 1906 681 1971 Lotbarii
707 1917 739 1970 et
762 1905 890 1971 illorum
916 1911 1144 1995 episcoporum

44 2007 253 2088 discuteretur,
278 2008 313 2070 in
334 2006 461 2091 synodo
477 2005 632 2069 habuisse
649 2006 831 2068 orationem
850 2005 1023 2090 ejusmodi.
1062 2009 1144 2072 Rem

41 2104 190 2190 explicare
209 2105 408 2169 studuerunt
427 2104 515 2184 indo,
542 2103 629 2188 quod
649 2111 783 2166 coactus
798 2102 1010 2188 Imperatoris
1032 2106 1144 2171 volun·

41 2213 94 2265 tate
116 2203 270 2268 Pontifex
302 2205 337 2268 in
361 2212 472 2266 monte
497 2200 634 2265 Cassino
668 2203 860 2265 convenerit
887 2223 964 2266 cum
990 2203 1144 2269 Lotharlo

42 2300 180 2387 illamque
205 2299 370 2386 synodum
394 2297 557 2380 habuerit,
582 2308 681 2383 atque
705 2299 751 2361 ita
775 2301 845 2384 ipse
867 2298 1063 2366 allocutione
1086 2325 1145 2366 sua

42 2421 68 2460 se
95 2401 202 2485 potius
235 2399 421 2484 oppositum
455 2395 636 2460 ostenderit
666 2417 753 2461 novo
787 2395 833 2460 illi
867 2399 1023 2464 examini.
1079 2399 1145 2466 Sed

42 2498 106 2560 satis
129 2496 276 2562 violenta
298 2505 348 2558 est
371 2493 453 2558 haec
477 2493 664 2579 explicati0,
689 2516 751 2557 nec
775 2493 917 2559 solidum
940 2496 1033 2561 adest
1051 2520 1144 2583 argu·

42 2605 172 2659 mentum
203 2615 268 2682 quo
299 2595 371 2678 ipsa
402 2591 651 2678 comprobetur3
687 2602 853 2656 caeterum
884 2615 935 2656 res
964 2593 1143 2660 admodum

42 2690 123 2773 plana
145 2703 196 2756 est
218 2715 258 2756 ea
282 2713 381 2778 quam
398 2691 629 2776 proposuimus
653 2691 868 2775 expositione.
906 2690 945 2755 In
961 2692 1032 2776 ipsa
1048 2714 1143 2777 porro

42 2792 171 2854 oratione
195 2811 295 2876 quam
319 2787 462 2874 plurima
486 2797 576 2869 sunt,
608 2809 693 2873 quae
715 2787 817 2852 alium
841 2795 1019 2870 oratorem,
1045 2811 1144 2874 quam

42 2886 238 2969 Pontificem,
263 2886 427 2966 indicant,
452 2896 485 2948 et
508 2895 617 2949 orator
640 2886 701 2948 iste
725 2888 864 2971 passim,
889 2888 949 2950 etsi
973 2887 1143 2965 indirecte,

43 2983 186 3050 Hadriani
211 2983 402 3048 tendentiae
418 2982 583 3067 benignae
604 2983 798 3047 restituendi
814 2985 986 3069 episcopos
1001 2985 1144 3070 dejectos

41 3081 192 3148 aNioolao
217 3103 288 3147 sese
310 3081 489 3168 opponit.²)
532 3081 603 3144 Imo
628 3091 736 3144 orator
759 3083 858 3146 etism
883 3082 1045 3146 indirecte
1061 3084 1143 3148 Pon-

101 3303 181 3373 ¹)1ts
199 3305 280 3360 initio
299 3302 431 3358 orationis
449 3311 544 3356 auctor
567 3301 647 3356 dicit:
675 3301 794 3367 „Humili
814 3317 891 3370 prece
909 3301 1087 3370 deposcimus,
1111 3311 1144 3358 ut

41 3395 79 3434 uos
95 3385 135 3450 qui
153 3384 258 3439 minimi
277 3399 368 3440 sumus
387 3383 504 3438 omnium
523 3389 658 3448 vestrum,
684 3383 708 3436 si
727 3398 759 3436 ea
777 3383 848 3436 forte
866 3381 1056 3449 protulerimus
1075 3399 1143 3451 quae

43 3463 228 3526 reprehensione
247 3463 422 3533 dignarum,
442 3462 564 3518 fraterno
583 3463 736 3530 corripiatis
756 3468 784 3516 et
799 3463 942 3516 instruatis
955 3462 1061 3528 affectu,
1081 3480 1143 3530 quo-

42 3539 100 3594 nian
117 3542 142 3597 in
160 3543 211 3608 his,
232 3560 301 3610 quae
319 3544 420 3597 divinis
439 3549 504 3610 apta
522 3543 671 3610 probantur
690 3543 824 3596 mandatis
844 3549 872 3596 et
891 3543 1019 3610 mysticas
1037 3551 1142 3598 saucto-

43 3635 89 3674 mm
105 3631 208 3691 petrum
227 3641 281 3678 nou
301 3625 405 3678 violant
422 3623 583 3688 sanctiones,
603 3639 650 3676 vos
668 3623 744 3689 sequi
763 3623 853 3690 parati
872 3639 961 3676 snmus
981 3630 1009 3677 et
1027 3623 1055 3676 in
1068 3624 1143 3678 nullo

42 3703 157 3757 svestris
175 3703 327 3758 salubribus
347 3703 495 3770 disciplinis
514 3720 545 3756 ac
564 3703 673 3756 monitis
692 3703 860 3757 dissentire.“
899 3703 929 3758 L.
949 3720 969 3756 c.
989 3719 1014 3771 p.
1034 3705 1086 3758 533
1111 3737 1141 3744 —

43 3778 102 3834 Haec
117 3799 208 3851 parum
227 3783 393 3839 conveniunt
410 3783 544 3847 Pontifici,
565 3784 610 3850 qui
629 3783 724 3850 synodi
743 3799 849 3851 praeses
867 3783 972 3837 fuisset.

102 3869 190 3938 ⁹)„Hi
216 3873 301 3938 enim,
333 3871 435 3940 inquit,
463 3870 486 3925 si
511 3872 580 3925 talia
605 3872 633 3925 in
658 3871 807 3926 sacerdotio
832 3873 914 3939 positi
945 3872 1141 3937 commiserunt,

43 3949 131 4009 ltalia.
148 3952 169 4006 si
189 3957 253 4007 ante
271 3951 451 4006 sacerdotium
471 3952 513 4005 vel
533 3951 688 4005 clericatum
707 3951 920 4018 committerent,
947 3952 981 4004 ad
1000 3951 1141 4006 clericatus

44 4026 78 4079 tel
94 4032 228 4087 sacerdotii
246 4032 365 4086 officium
383 4047 436 4085 non
455 4032 605 4099 promoveri
625 4032 781 4096 debuerant,
801 4033 930 4098 quomodo
949 4048 1020 4085 nuuc
1038 4039 1141 4086 restau-

44 4107 88 4160 rflti
104 4117 159 4176 post
181 4112 284 4180 lapsum
303 4111 432 4177 debcant,
458 4125 511 4165 nou
535 4111 708 4166 advertimus.
797 4113 913 4167 Possunt
938 4112 1008 4166 enim
1027 4126 1076 4178 per
1092 4112 1142 4166 hoo

44 4189 174 4256 exemplum
196 4191 344 4246 homicidae
368 4198 397 4247 et
414 4191 531 4245 adulteri
558 4191 601 4246 rel
619 4193 719 4247 caeteri
744 4207 792 4246 nec
811 4192 870 4260 ipse
894 4193 1009 4247 fortasse
1028 4207 1141 4246 commu-

45 4265 118 4322 nionis
135 4271 220 4338 grstia
238 4271 330 4341 digni,
356 4279 486 4339 quantum
505 4273 539 4325 ad
558 4272 634 4326 ustas
653 4272 781 4340 pertinet,
801 4273 957 4326 restaurari.
994 4271 1069 4326 Unde
1088 4288 1140 4326 nou
