2904 4834
311 410 434 462 Eventus
453 411 514 476 post
532 405 681 462 Concilium
700 422 755 462 oee.
776 405 854 466 vlu.
1091 402 1146 455 439

50 555 290 642 prorogavimus3
316 561 454 637 etopus
478 559 537 629 est,
561 550 860 637 utriusquepartis
883 546 1145 632 religiosissimos

50 655 195 738 episcopos
217 651 320 728 mitti,
345 659 381 712 ut
403 669 567 734 perpensa
591 651 680 713 omni
706 648 927 730 dubitatione,
951 654 984 708 et
1007 646 1145 708 veritate

50 753 190 835 utrimque
212 747 432 828 manifestata,
458 745 568 810 dicere
591 749 755 832 possimus
777 744 866 833 quod
878 744 971 808 Deus
994 741 1144 806 voluerit.

50 849 176 911 Romarm
197 847 285 910 enim
309 844 449 910 ecclesia
471 845 577 908 instar
598 844 723 930 speculi
743 854 778 910 et
795 842 993 928 exemplaris
1009 840 1144 926 reliquis

50 941 173 1008 ecelesiis
196 943 415 1007 constituitur.
461 941 506 1006 Et
529 941 761 1030 quodcumque
784 941 962 1022 definierit,
996 941 1031 1004 11
1062 961 1143 1004 sem·
1177 960 1296 1011 11111111.

50 1044 192 1127 piternum
215 1050 330 1105 manet
351 1042 595 1125 incorruptum,
630 1051 663 1104 et
689 1040 753 1106 hac
775 1041 817 1105 de
841 1061 941 1104 causa
965 1039 1144 1104 sententias
1166 1023 1306 1072 'mmm’

49 1159 246 1224 magnacum
271 1139 486 1224 inquisitione
514 1137 600 1202 ferre
625 1136 783 1225 decet.“¹)
831 1137 950 1219 Quoad
982 1137 1069 1202 hanc
1098 1159 1146 1201 ra-

50 1239 152 1302 tionem
174 1236 296 1321 agenffi
311 1235 516 1322 StephauiV
539 1238 690 1322 apprime
713 1237 857 1302 advertit
871 1233 1051 1300 Baronius:
1078 1235 1149 1321 „Ita

50 1335 163 1420 quidem
186 1356 308 1419 magna
332 1333 594 1399 consideratione
618 1334 790 1420 suspendit
799 1335 975 1421 judicium.
1014 1333 1148 1398 Etenim

50 1435 70 1496 si
89 1434 303 1518 acquievisset
324 1432 417 1517 Papa
440 1433 481 1496 iis
505 1453 590 1518 quae
614 1435 737 1519 scripta
761 1443 855 1498 erant
881 1432 924 1497 ab
948 1431 1152 1517 Imperatore

50 1531 81 1594 de
99 1531 210 1595 Photio
235 1540 352 1615 sponte
376 1551 410 1592 se
434 1528 623 1608 abdicante,
650 1531 721 1616 ejus
744 1532 923 1596 sessionem
946 1528 1151 1614 illegitimam

49 1626 272 1713 quodammodo
304 1626 460 1712 probasse
491 1627 599 1690 videri
623 1630 796 1712 potuisset.
844 1626 1019 1692 Caeterum
1043 1626 1153 1692 nullus

50 1748 106 1788 esse
125 1735 252 1812 poterat
273 1724 365 1788 locus
388 1727 641 1808 renuntiationi,
675 1728 705 1791 ei
730 1729 787 1813 qui
812 1748 982 1813 uunquam
1005 1725 1152 1809 legitime

51 1822 183 1889 sedisset:
215 1844 313 1888 nemo
337 1832 445 1908 potest
469 1822 634 1890 dimittere
658 1823 747 1910 quod
771 1846 836 1888 non
860 1822 991 1905 habuit,
1015 1822 1073 1888 sed
1097 1824 1152 1909 eji-

51 1921 168 1986 ciendus
191 1933 228 1985 ut
250 1919 344 2002 latro,
368 1921 425 2006 qui
450 1941 516 1985 non
538 1943 598 1985 sua
628 1921 686 1987 diu
710 1923 796 1987 mala
820 1921 885 1986 fide
909 1921 1064 2007 possedit.
1101 1921 1152 1985 Ne

50 2019 134 2101 igitur
163 2018 319 2104 probasse
352 2039 390 2083 eo
424 2017 521 2082 modo
550 2016 739 2104 Stephanus
769 2019 879 2085 Photii
912 2020 1152 2084 restitutionem

50 2116 139 2180 rideri
170 2117 289 2202 possit,
322 2137 390 2180 non
419 2117 697 2181 renuntiationem
729 2117 833 2200 illius,
868 2118 925 2182 sed
957 2118 1151 2203 ejectionem

50 2217 142 2298 potius
172 2225 240 2278 tam
273 2213 315 2277 ab
345 2213 546 2299 Imperatore
580 2237 679 2300 quarn
712 2214 755 2280 ab
789 2218 952 2302 episeopis
984 2224 1153 2300 exspectat

47 2311 265 2398 1111111)-
283 2311 373 2374 Hinc
397 2313 498 2396 igitur
520 2311 645 2376 factum
669 2324 727 2394 est,
752 2325 788 2378 ut
811 2313 972 2378 restitutio
989 2311 1153 2398 completa

49 2411 163 2474 unionis
185 2409 296 2475 adhuc
320 2409 574 2494 protraheretur,
599 2432 637 2475 eo
661 2411 715 2475 vel
740 2414 844 2498 magis
863 2412 952 2499 quod
972 2412 1152 2475 communi·

50 2509 228 2594 catiointer
251 2507 390 2572 Romam
415 2518 449 2571 et
473 2504 794 2595 Constantinopolim
827 2533 865 2574 eo
896 2518 1044 2595 tempore
1074 2509 1153 2572 satis

50 2605 178 2670 difficilis
202 2615 298 2671 esset.
328 2605 408 2669 Post
430 2606 609 2669 triennium
634 2617 744 2671 autem
765 2618 928 2672 venerunt
942 2607 1154 2692 Imperatoris

49 2702 149 2788 legati,
182 2705 239 2790 qui
271 2713 304 2768 et
330 2720 435 2768 noras
459 2701 600 2788 Styliani
624 2703 830 2793 aliorumque
858 2704 1048 2793 praesulum
1071 2713 1154 2768 attu-

49 2801 140 2866 lerunt
161 2801 305 2884 litteras,
338 2801 459 2887 quibus
482 2823 592 2865 rerum
626 2811 746 2867 statum
771 2805 998 2890 exponebant,
1032 2812 1065 2866 et
1087 2803 1154 2866 eni·

49 2901 110 2962 11111
147 2898 411 2985 dispensationes
447 2901 651 2965 necessarias
683 2911 717 2966 et
749 2903 883 2967 unionis
913 2902 1153 2967 restitutionem

49 2995 198 3078 petebant.

124 3104 195 3168 133.
219 3100 390 3187 Stephano
420 3103 451 3166 V
483 3125 596 3170 mense
621 3105 808 3192 Septembri
839 3130 868 3172 a.
901 3107 962 3172 891
996 3105 1153 3170 defuncto

49 3203 189 3265 suecessit
222 3201 392 3264 Formosus
424 3201 596 3288 Pontifex,
630 3213 728 3290 atque
761 3205 822 3269 sub
854 3227 891 3268 eo
925 3204 1069 3269 schisma
1101 3222 1153 3288 pe·
1266 3204 1274 3219 ’

48 3299 121 3363 nitus
143 3299 345 3363 exstinctum
370 3308 427 3362 est.
475 3301 660 3387 Respondit
683 3304 753 3388 ipse
777 3327 807 3368 a.
833 3303 897 3369 892
914 3301 1063 3388 Styliano
1088 3302 1153 3385 epi·

49 3394 128 3478 stola,
159 3419 225 3483 qua
249 3407 359 3460 tamen
383 3398 493 3483 quoad
518 3399 796 3486 dispensationes,
829 3425 871 3466 ne
895 3399 1071 3486 disciplina
1093 3399 1154 3463 Eo·

48 3536 243 3551 *—

109 3619 127 3683 ¹)
145 3619 236 3673 Labbe
254 3617 302 3672 IX.
322 3619 382 3672 373.

107 3705 127 3766 ’t
144 3707 185 3760 Ad
204 3723 228 3760 a
242 3707 297 3761 886
315 3707 397 3762 1128.
413 3737 443 3748 -·
458 3709 599 3776 Apparere
618 3711 749 3766 dissensio
768 3713 841 3766 inter
859 3711 966 3765 litteras
979 3707 1155 3777 Imperatoris

50 3790 71 3832 et
83 3783 191 3852 Styliaui
211 3786 274 3840 inde
292 3787 425 3854 provenit,
444 3789 515 3854 quod
526 3788 582 3843 Leo
594 3790 746 3858 Imperator
763 3795 891 3860 coegerat
908 3789 1015 3857 quidem
1028 3786 1156 3842 Photium

49 3863 122 3918 selem
140 3864 348 3934 patriarchalem
366 3867 533 3935 relinquere,
561 3870 728 3925 toleraverat
747 3878 852 3936 tamen,
875 3875 908 3924 ut
926 3867 1156 3925 renuntiationem

51 3943 143 4010 seriptis
168 3945 320 4012 exhiberet,
349 3947 471 4014 11111111
499 3948 545 4015 qui
564 3949 673 4005 litteras
692 3951 867 4019 Imperatoris
891 3949 1056 4018 scripserant
1075 3952 1157 4000 autea

51 4017 131 4077 Plotio
161 4023 341 4080 adhaeserant
374 4041 488 4094 eumque
521 4027 674 4084 habuerant
708 4037 740 4085 ut
773 4031 928 4100 legitimum
964 4026 1155 4098 patriarcham.

51 4097 169 4165 st,vliarrus
192 4113 284 4161 autern
309 4104 409 4173 aliique
427 4108 567 4174 praesules
592 4124 652 4164 eum
677 4118 710 4165 ut
734 4111 909 4180 illegitimum
933 4115 1122 4176 usurpatorem
1142 4122 1156 4160 e

51 4179 101 4234 sede
117 4183 224 4252 ejectum
243 4183 459 4244 considerabant.
