3054 4834
400 509 543 562 vindiciae
561 509 586 563 S.
608 509 734 576 Gregorii
752 509 813 561 Vll.
1137 510 1191 563 347

83 655 270 735 Formularn,
295 653 474 735 contendit,
500 652 601 716 solius
624 653 800 716 Humberti
827 655 938 734 esse¹),
963 677 996 717 se
1021 675 1099 718 vero
1124 676 1188 718 non

83 753 311 839 subscripsisse,
335 751 392 815 sed
417 761 507 816 metu
531 755 646 816 mortis
670 775 743 816 eam
768 775 868 818 manu
893 755 1085 838 suscepisse.
1133 753 1190 816 Er·

82 875 160 915 rores
182 873 256 915 suos
279 861 349 914 tum
374 852 444 935 ipse
469 861 538 913 tum
564 871 622 936 per
646 849 825 935 discipulos
850 872 925 914 suos
950 850 1190 914 disseminavit.

81 949 256 1014 Vehemens
280 949 356 1012 dein
381 951 414 1012 iu
440 947 549 1012 Gallia
574 951 798 1012 controversia
822 959 892 1012 orta
916 959 974 1028 est,
1009 971 1047 1012 ac
1070 949 1352 1034 Boron-consonas

83 1051 202 1132 garium
236 1070 302 1111 non
335 1049 433 1132 pauci
458 1044 601 1130 theologi
627 1049 782 1130 insignes,
817 1049 902 1110 inter
926 1069 1007 1132 quos
1030 1046 1191 1111 Lanfran·
1210 1035 1347 1078 ΝΜ

81 1169 139 1223 cns,
164 1145 344 1209 Duraudus
367 1143 471 1209 abbas
495 1145 722 1226 Troarucnsis,
748 1155 781 1207 et
798 1143 1036 1222 iiuitmundus,
1062 1146 1193 1230 scriptis

82 1245 141 1306 suis
164 1245 402 1330 impugnarunt
426 1253 458 1306 et
482 1243 705 1306 confutarunt.
737 1241 929 1306 Alexander
945 1242 978 1305 ΙΙ
1002 1263 1089 1306 anno
1107 1242 1189 1307 1061

81 1351 205 1425 paterne
230 1343 358 1404 monuit
383 1343 502 1420 virum,
528 1351 564 1404 ut
587 1364 607 1404 a
631 1343 757 1426 coeptis
777 1340 963 1420 desisteret3
989 1339 1046 1403 sed
1061 1340 1192 1404 frustra.

80 1439 295 1502 Nihilominus
319 1437 420 1502 Sedes
437 1438 630 1523 Apostolica
653 1461 775 1523 magna
800 1437 1026 1502 moderatione
1050 1461 1110 1502 usa
1134 1448 1192 1509 est.

81 1537 150 1600 dum
181 1536 349 1601 doctrinas
380 1537 513 1622 quidem
546 1537 738 1621 Bereugarii
772 1538 911 1622 proponi
948 1559 986 1599 ae
1018 1539 1193 1622 propagari

55 1637 227 1699 'contiuuo
253 1645 388 1712 vetaret,
426 1637 533 1720 ipsum
558 1645 669 1698 tamen
695 1635 900 1719 benignitate
931 1647 963 1698 et
987 1635 1194 1712 indulgentia

80 1734 212 1818 quadam
239 1733 453 1796 reconciliare
477 1732 633 1796 studeret.
672 1733 891 1812 Bercngarius
916 1755 994 1795 vero
1020 1733 1193 1797 fluctuanti

80 1833 180 1894 animo
211 1855 251 1893 ac
285 1830 396 1894 dolosa
422 1830 589 1915 hypocrisi
616 1831 713 1894 modo
745 1829 933 1894 occultabat
959 1852 1084 1893 errores
1108 1852 1194 1899 suos,

81 1929 168 1992 modo
193 1932 312 1993 iterum
339 1951 393 1992 eos
423 1927 627 2013 propalabat.
654 1967 695 1976 -
721 1928 759 1992 ln
786 1927 934 2014 pluribus
959 1928 1095 2012 synodis
1119 1926 1194 1992 Gal·

80 2025 134 2089 liae
158 2029 230 2113 ejus
255 2027 423 2090 doctrinae
439 2028 580 2108 rejectae
596 2037 681 2100 sunt,
707 2037 805 2112 atque
821 2029 907 2090 inter
921 2026 986 2090 alia
1003 2047 1089 2090 anno
1109 2026 1195 2091 1063

80 2147 94 2186 a
109 2124 233 2208 synodo
249 2124 505 2208 Rothomagensi
524 2125 681 2210 professio
698 2125 775 2188 fidei
792 2127 973 2210 composita
998 2135 1054 2202 est,
1081 2134 1196 2187 contra

80 2221 143 2286 illos
165 2245 293 2287 errores
317 2223 450 2298 directa,
477 2225 530 2286 cui
555 2222 775 2286 subscriberet
792 2225 1090 2308 quivisepiscopus
1114 2224 1195 2286 clec-

77 2330 132 2384 tus.
179 2321 293 2402 Quum
318 2321 538 2399 Bercngarins
562 2343 639 2384 vero
674 2340 761 2384 auno
788 2321 872 2385 1077
906 2321 1014 2384 denuo
1040 2323 1198 2384 citaretur·

79 2418 115 2480 ad
133 2419 312 2502 'synodum
345 2419 533 2508 praesulum
565 2415 704 2498 Galliae,
740 2419 837 2503 petiit
869 2442 888 2481 a
921 2419 1081 2482 Pontifice
1117 2417 1196 2483 Gre-

78 2518 160 2596 gorio
184 2516 266 2594 Vll,
292 2527 327 2578 ut
352 2518 422 2600 ipsc
446 2537 579 2580 causam
605 2517 676 2601 ejus
696 2516 873 2602 judicaret,
899 2539 935 2580 eo
961 2517 1048 2602 quod
1067 2515 1196 2581 Galliac

79 2616 216 2700 episcopi
242 2613 305 2677 sibi
332 2615 450 2677 infensi
476 2624 593 2679 essent.

163 2786 236 2848 147.
284 2782 465 2866 Gregorius
489 2785 554 2848 Vll
583 2786 752 2871 acquievit
784 2786 855 2869 ejus
884 2784 1047 2869 precibus,
1080 2794 1113 2848 et
1136 2784 1194 2848 Be·
1218 2805 1361 2855 nnuma

78 2886 253 2962 rengarius,
286 2883 517 2962 octogenarius
541 2903 653 2962 senex,
686 2905 773 2947 anno
803 2883 885 2946 1078
920 2883 1059 2946 Rolnam
1092 2883 1194 2946 venit.
1246 2874 1331 2989 Ἴτε

79 2977 172 3044 Haud
205 2983 336 3057 mirum,
369 2980 456 3064 quod
482 2979 660 3060 Gregorius
691 3003 812 3060 senem,
850 2983 905 3066 qui
930 2982 1087 3066 pietatem
1116 3001 1195 3064 prae
1235 2955 1282 2992 Η
1334 2970 1340 2983 “

78 3100 108 3138 se
138 3078 273 3154 ferebat,
310 3078 460 3142 doctrina
491 3078 599 3142 clarus
630 3091 700 3142 erat
733 3089 765 3141 et
797 3078 1027 3158 contendebat,
1064 3099 1098 3142 se
1130 3099 1197 3143 non

78 3175 196 3240 violare
215 3175 387 3240 Ecclesiae
411 3175 567 3260 dogmata
591 3176 648 3241 sed
672 3189 784 3242 tenere
799 3176 989 3262 Scripturae
1014 3185 1046 3240 et
1061 3177 1198 3240 Patrum

79 3271 250 3354 doctrinas,
285 3273 429 3356 benigne
458 3284 624 3338 tractaret.
672 3274 721 3338 Eo
746 3273 799 3337 vel
824 3276 931 3358 magis
955 3273 1054 3360 quod,
1089 3274 1137 3336 uti
1163 3273 1196 3336 in

78 3373 307 3436 controversiis
322 3374 393 3436 lieri
411 3372 500 3453 solet,
527 3395 648 3456 magua
665 3375 845 3452 agitatione
870 3381 952 3454 orta,
978 3372 1201 3456 Bereugarius

150 3655 169 3720 ¹)
190 3654 297 3718 „Marum
317 3657 386 3722 uttod
406 3655 572 3710 mendaciter
590 3657 624 3710 od
644 3663 671 3709 te.
691 3657 895 3722 (iranfrancums
915 3655 1048 3725 pervenit,
1067 3671 1120 3708 non
1139 3655 1201 3708 suh·

79 3732 177 3800 scripsi,
203 3751 266 3788 narn
284 3741 316 3788 ut
335 3736 367 3789 de
386 3753 517 3790 consensu
536 3737 739 3804 pronuntiarem
759 3753 824 3800 ineo,
845 3737 934 3791 nulius
954 3737 1063 3804 exegit;
1092 3743 1201 3789 tanturn

80 3813 171 3867 timore
190 3816 342 3882 praesentis
358 3817 415 3882 jrrm
434 3817 528 3871 mortis
547 3816 677 3884 scriptum
697 3817 762 3871 iilud
781 3816 882 3884 absque
895 3817 951 3871 ulia
963 3815 1129 3870 conscientia
1141 3831 1202 3869 mea

76 3891 130 3958 jam
155 3894 264 3960 facturn,
289 3896 412 3950 manibus
438 3897 535 3964 accepi.
563 3926 597 3937 -
625 3897 701 3951 Solus
720 3897 885 3951 Humbertus
911 3897 966 3960 ilie,
991 3897 1153 3951 inconvento
1172 3902 1202 3949 et

80 3972 199 4028 inaudito
208 3991 258 4037 me,
277 3976 336 4030 sine
355 3993 429 4031 mora
448 3985 477 4032 et
495 3977 559 4031 lima
578 3977 762 4046 diligentioris
781 3978 913 4032 examinis
923 3987 952 4031 et
960 3977 1105 4031 seeundum
1113 3975 1201 4043 Scrip-

82 4058 155 4108 turae
174 4055 406 4121 considerationis,
426 4059 496 4124 quod
516 4057 640 4111 rohrerat
659 4057 775 4125 scripsit,
794 4058 930 4126 nimiaque
949 4058 1062 4112 levitate
1074 4055 1202 4111 Nicolans

81 4132 129 4199 iile,
155 4137 187 4189 de
205 4135 281 4204 cujas
306 4137 486 4191 ineruditione
511 4143 539 4190 ct
559 4137 852 4206 morumrindignitate
876 4138 955 4192 facile
968 4137 1040 4192 mihi
1065 4143 1124 4192 erat
1147 4153 1201 4190 non

81 4213 274 4272 insufficienter
292 4216 416 4280 scribere,
442 4217 512 4284 quod
531 4217 638 4271 dixerat
657 4217 822 4272 Humbertus
846 4218 1031 4287 approbarim
1071 4218 1112 4272 Ad
1130 4217 1203 4270 Len-

80 4291 207 4350 irancum.
233 4296 461 4365 ramesensi.
482 4317 504 4352 c.
