2952 4832
293 483 332 535 ne
351 481 602 536 Pmedecessoribus
621 481 645 534 S.
666 482 792 551 Gregorii
812 479 875 533 VII.
1102 477 1155 530 me

125 625 178 690 39.
224 624 290 689 Sed
314 624 448 688 fuerunt
471 627 570 690 etium
595 623 800 704 fervidiores,
831 625 886 709 qui
911 643 1041 686 omnem
1067 621 1154 684 rulo·
1174 623 1319 674 0⁰⁰³&

54 745 109 787 rem
125 722 308 808 juridicum
332 722 543 805 denegabant
565 723 693 787 Nicolei
719 722 861 803 decreto,
892 743 930 784 eo
960 719 1049 806 quod
1074 721 1154 784 enti·
1184 693 1299 737 ΜΝ*

53 821 113 904 qais
132 819 318 886 canonibus
341 839 406 882 nou
431 830 517 884 esset
540 821 718 884 conforme.
764 819 815 883 lte
843 841 868 882 s.
893 816 1069 882 Anselmus
1093 815 1154 904 (Il)

55 919 196 982 Lucensis
223 915 343 982 &atra
368 917 553 982 Guibertum
578 919 613 982 L.
638 919 681 996 Il,
721 927 893 1002 postquem
928 915 1083 979 disseruit
1113 905 1154 978 de

51 1014 167 1079 decreto
201 1014 331 1079 Nicolei
366 1014 596 1099 hypothetice,
635 1016 670 1078 iu
700 1036 740 1078 es
767 1013 1002 1100 suppositione,
1042 1014 1156 1098 quodsi

50 1113 265 1176 «admittendum
287 1123 333 1175 est
346 1123 382 1176 ut
397 1115 520 1176 ratione
536 1113 663 1199 factum
682 1112 826 1204 dicatur,
843 1111 1051 1196 ostenditque
1066 1112 1155 1196 ipsos

49 1209 221 1294 imperiales
244 1231 279 1273 se
303 1211 458 1294 indignos
479 1209 665 1275 reddidisse
688 1209 863 1296 privilegio
888 1229 1052 1289 concesse,
1081 1209 1153 1294 jem
1179 1219 1183 1229 '

48 1308 150 1371 nititur
181 1329 314 1372 omnem
345 1310 413 1372 vim
439 1307 486 1372 illi
511 1309 641 1373 decreto
665 1309 838 1392 denegare.
887 1309 949 1371 His
975 1309 1081 1392 itaque
1103 1306 1154 1369 de·

46 1409 141 1487 curris,
180 1407 298 1492 inquit,
329 1417 422 1491 patet
454 1408 641 1494 praefatum
672 1407 827 1469 decretum
859 1405 979 1469 nullius
1010 1406 1156 1468 momenti

46 1525 109 1580 esse,
137 1527 195 1568 mee
219 1525 357 1589 unquam
388 1504 512 1590 aliquid
537 1506 660 1594 justiam
683 1504 835 1568 habuisse.
883 1504 926 1568 Et
948 1505 1022 1566 haec
1046 1503 1155 1566 diceus

45 1621 97 1662 non
121 1601 311 1690 praejudico
344 1601 454 1666 heatae
481 1602 649 1667 memoriae
672 1625 784 1688 papae
814 1601 952 1665 Nicolac
979 1625 1036 1665 uec
1065 1601 1153 1687 quid-

44 1719 124 1779 quem
145 1703 215 1787 ejus
237 1699 349 1762 domari
372 1700 496 1785 derqu,
514 1711 648 1786 patrum
671 1701 841 1762 sententies
856 1699 921 1762 Dei
944 1701 1060 1785 spiritu
1083 1721 1152 1762 corr·

42 1793 116 1858 tima
139 1797 306 1882 sequendo.
337 1797 437 1860 Homo
462 1799 578 1883 quippe
594 1797 675 1884 fuit,
701 1799 799 1881 eique,
822 1807 858 1860 ut
881 1807 992 1860 caetra
1007 1796 1069 1881 sus
1083 1819 1152 1881 uqe·

42 1904 89 1971 ret,
122 1897 247 1980 sumtipi
271 1896 387 1980 potuit.
437 1895 504 1958 Nee
534 1897 646 1958 mirum
674 1895 728 1957 leue
752 1895 852 1957 eidem
875 1895 1051 1978 coutiqisse,
1085 1917 1153 1956 cum

39 1991 159 2072 quddam
183 1993 287 2076 ipsium
309 1993 453 2056 decessor
474 1994 658 2056 inueniatur
681 1991 832 2076 quiddam
848 1991 1017 2055 decreuisse
1041 2003 1070 2056 et
1092 2013 1151 2054 me·

40 2085 107 2150 lieri
128 2111 206 2153 umes
230 2089 363 2154 coneilio
381 2101 497 2176 postea
520 2092 710 2153 immutasse.
744 2088 905 2175 Siquidem
919 2088 1107 2174 Bonifatius
1118 2091 1158 2152 II

37 2185 142 2270 leqitur
174 2209 216 2251 em
244 2187 367 2251 decreto
397 2189 610 2265 constituisse,
648 2186 797 2271 Viqilium
829 2187 996 2251 diaconum
1026 2187 1087 2250 sibi
1116 2190 1153 2251 iu

30 2285 217 2370 puretsflcatu
245 2285 417 2350 succedere.
467 2283 560 2358 Quod
592 2287 667 2370 quia
700 2287 843 2350 Romano
872 2283 954 2350 clero
984 2289 1085 2350 cisum
1107 2295 1155 2348 est

34 2383 205 2447 canonibus
235 2383 413 2461 adversm,
439 2394 609 2469 praesente
639 2383 720 2446 clero
749 2383 789 2446 ab
820 2383 924 2446 eodem
957 2383 1153 2468 suppositam

34 2489 75 2540 est
99 2481 171 2568 iqui
203 2492 276 2544 aute
305 2481 531 2566 confessionem
564 2479 648 2544 beati
678 2481 767 2544 Petri
803 2481 950 2566 apostoli.
1001 2483 1039 2544 m
1071 2491 1152 2544 certe

25 2578 199 2664 praefatus
224 2577 381 2642 Nicolaus
404 2579 513 2642 dicimo
537 2590 619 2643 auctu
642 2601 809 2642 concussus
831 2579 886 2642 lroc
909 2579 991 2641 idem
1007 2579 1151 2664 fecisset,

33 2675 57 2737 si
70 2685 115 2738 tot
133 2688 269 2762 patrum
291 2678 465 2741 sententias
488 2687 559 2740 turm
581 2679 617 2740 ia
640 2699 736 2740 uuum
759 2676 906 2741 collectus
920 2677 1060 2753 uidisset,
1085 2699 1151 2740 eas·

28 2797 81 2854 que
114 2797 174 2838 suo
203 2775 325 2838 decreto
357 2785 421 2838 tam
449 2774 644 2840 concorditer
680 2775 847 2838 aduersari
879 2774 1102 2861 perpendisset
1114 2771 1152 2858 ¹).

29 2869 66 2934 ln
90 2871 145 2936 his
179 2871 316 2956 quidem
340 2874 480 2937 nimium
504 2873 662 2958 processit
694 2896 719 2936 s.
745 2871 935 2953 Auselmus,
968 2873 1025 2936 sed
1057 2872 1154 2936 vides

26 2989 65 3032 ex
97 2971 176 3056 ejus
209 2969 330 3050 verbis,
367 2969 527 3055 quosdam
557 2970 736 3034 severiores
767 2971 878 3050 fuisse,
903 2971 960 3055 qni
983 2969 1151 3050 tenebant,

27 3066 109 3131 nihil
137 3066 294 3131 debuisse
317 3069 387 3151 regi
412 3069 561 3150 concedi,
586 3089 627 3132 ne
652 3089 710 3153 per
734 3067 869 3132 modum
893 3067 1059 3153 privilegii
1083 3071 1153 3152 qui-

25 3165 112 3248 dem,
143 3167 179 3228 in
195 3163 397 3229 Pontificum
421 3165 591 3248 electione,
616 3165 766 3251 adeoque
790 3165 871 3229 illud
889 3166 1057 3230 decretum
1082 3189 1152 3230 esse

24 3263 208 3328 caducum.
255 3263 365 3326 Etiam
388 3263 575 3328 Deusdedit
591 3263 788 3346 Cardiuelis,
814 3274 988 3350 postquem
1013 3286 1054 3328 ex
1078 3263 1154 3329 eliis

22 3362 218 3425 rationibus
242 3361 390 3441 deduxit,
425 3362 612 3447 imperiales
644 3385 710 3428 non
739 3384 832 3448 posse
861 3363 922 3426 niti
946 3362 1074 3428 Nicolui
1099 3362 1152 3427 de·

17 3697 198 3752 congregare
216 3688 245 3736 et
263 3681 396 3735 rationem
414 3682 448 3736 de
466 3695 494 3734 se
514 3681 650 3736 reddere.“
689 3681 731 3750 (L.
750 3687 782 3742 c.)
821 3680 927 3735 Dixeris
955 3681 999 3734 hie
1017 3681 1050 3735 de
1069 3681 1154 3736 variis

17 3763 145 3816 decretis
166 3761 269 3816 Nicolsi
288 3761 475 3829 disceptatum,
500 3762 542 3816 rel
561 3761 751 3818 decretumne
769 3761 902 3817 electione
926 3762 1015 3829 potius
1038 3761 1152 3815 slletnm

17 3843 50 3894 ab
64 3841 267 3906 Hildebreudo,
286 3847 319 3894 ut
337 3841 463 3908 preberet
482 3857 535 3896 non
555 3857 612 3896 esse
625 3843 742 3897 Henrico
761 3841 862 3908 aliquid
878 3841 924 3910 jus
942 3841 1153 3895 determinatum

17 3937 192 3986 concessum,
212 3920 258 3976 sed
277 3927 386 3975 tentum
405 3929 437 3976 ut
455 3921 480 3976 ei
499 3921 584 3976 honor
602 3923 761 3978 deferretur.
795 3923 935 3977 censerem
954 3925 1052 3984 temen,
1071 3921 1152 3974 Boni-

17 4019 119 4057 zcnem
142 4001 218 4056 humi
237 4007 363 4056 accurate
381 4000 485 4056 Nicolsi
511 4003 648 4058 decretum
672 4003 786 4058 novisse.
825 4003 887 4058 Jem
910 4001 1034 4064 vidimus,
1062 3999 1153 4055 verius

17 4083 106 4139 misse
134 4081 220 4136 huius
238 4081 340 4136 decreti
366 4082 547 4148 recensiones,
572 4091 601 4136 et
619 4083 837 4152 interpolationis
861 4087 999 4137 soensetcs
1022 4095 1080 4135 esse
1104 4080 1155 4134 im-

17 4164 155 4230 pericles

96 4263 119 4330 ¹)
145 4259 311 4324 warnerium,
331 4261 351 4314 l.
373 4261 433 4314 233.
453 4265 519 4314 nota
542 4263 563 4314 l.
