2952 4832
358 508 398 560 nc
418 507 582 560 Pontificatu
601 507 628 563 S.
648 505 773 575 Gregorii
793 508 855 561 Vll.
1106 512 1159 562 uta

129 651 178 716 66.
209 651 331 714 Mirum
364 659 475 714 tamen
507 671 573 714 non
604 662 668 731 cst,
700 653 727 713 si
761 651 824 714 viri
856 674 987 739 quoque
1011 657 1157 740 insignes
1181 657 1318 760 *⁰323*

51 749 244 814 haesitabant
268 758 300 812 et
324 747 576 832 cunctabantur,
601 758 638 810 ut
661 757 783 812 statuta
797 749 968 814 Pontificio
992 765 1156 837 urgerent.

50 848 198 924 (luamris
230 848 319 918 enim
352 844 450 909 Anno
483 843 690 909 Coloniensis
721 855 809 910 certe
843 847 1025 914 coelibatirs
1047 851 1154 936 legem

50 947 169 1009 omnino
193 943 403 1029 approbaret,
428 940 594 1025 colligitur
617 965 660 1006 ex
684 943 830 1028 epistolis
854 944 1004 1029 Gregorii
1023 949 1090 1012 VII
1114 951 1157 1014 ad

48 1064 114 1104 cam
137 1042 231 1124 datis,
258 1043 365 1127 ipsum
396 1062 527 1126 quoque
552 1040 701 1104 dosidem
725 1042 827 1106 fuisse
850 1042 894 1107 ad
919 1045 1051 1114 decreta
1074 1047 1157 1112 Pon·

49 1139 135 1204 tiliois
150 1139 356 1225 exequenda.
389 1139 427 1202 In
453 1137 591 1223 epistola
616 1138 694 1202 data
717 1139 771 1203 die
786 1141 845 1204 18⁰
858 1139 1058 1207 Novembris
1079 1149 1158 1211 anui

53 1239 124 1302 tots
145 1239 186 1302 de
210 1236 274 1301 alio
299 1239 442 1319 negotio,
471 1257 586 1300 versus
611 1236 711 1300 finem
733 1258 808 1300 eum
822 1237 975 1303 Pontifex
991 1243 1152 1308 instanter

52 1345 158 1416 nronct,
185 1347 220 1400 ut
243 1347 313 1398 tum
338 1337 372 1398 in
387 1334 625 1399 archidioecesi
649 1357 708 1398 sua
731 1344 802 1399 tum
826 1338 859 1398 in
876 1338 1159 1423 suffraganeorum

51 1431 247 1498 dioecesibus
264 1442 364 1512 curet,
391 1434 575 1496 castitatem
598 1455 617 1495 a
638 1432 765 1496 clericis
782 1432 961 1499 observari.
1000 1437 1158 1524 Sequenti

52 1551 116 1594 vcro
145 1554 232 1596 auno
270 1531 355 1595 1075
388 1530 441 1594 die
472 1531 533 1594 29⁰
556 1531 667 1594 Martii
699 1531 881 1614 Gregorius
905 1533 971 1597 VII
1005 1536 1160 1621 epistolas

49 1627 130 1693 dedit
159 1632 222 1694 ista
255 1629 296 1692 de
329 1651 364 1692 re
397 1629 439 1692 ad
464 1629 658 1708 Annonem,
695 1627 904 1693 Wezelinam
929 1633 1000 1716 ejus
1023 1635 1158 1702 fratrem

47 1728 323 1814 archiepiscopum
349 1725 681 1811 Magdeburgensem,
707 1727 981 1792 etBurchardum
1006 1732 1160 1799 Aunonis

49 1835 188 1910 nepotem
214 1825 405 1910 episcopum
431 1824 770 1888 Halberstadiensem.
817 1823 902 1889 Sunt
925 1828 1059 1912 quidem
1083 1832 1159 1897 illae

47 1923 192 2007 epistolae
225 1923 427 1986 honorificae
458 1931 490 1986 ct
513 1922 696 2006 benignae,
726 1925 771 1985 ita
794 1933 831 1987 ut
854 1937 1014 2009 appareat
1036 1927 1158 2010 Grego-

49 2024 124 2084 rium
153 2024 231 2084 istos
264 2021 420 2084 habuisse
450 2030 487 2084 ut
514 2020 681 2105 praesules
712 2021 858 2101 insignes
885 2033 984 2108 atque
1009 2027 1160 2110 dignissi-

51 2141 111 2183 mos
134 2122 166 2184 in
191 2119 389 2199 Germania3
414 2129 559 2181 attamen
585 2139 627 2181 ex
651 2120 697 2182 eis
722 2118 895 2202 colligitur,
921 2121 1053 2188 decreta
1076 2126 1159 2190 Pon-

49 2218 137 2282 tilicis
160 2216 310 2282 nondum
335 2217 525 2280 executioni
550 2216 708 2280 mandata
731 2217 843 2281 fuisse.
889 2219 1057 2284 Instanter
1080 2222 1160 2288 Gre-

47 2318 149 2397 gorius
181 2324 293 2380 monet
325 2325 357 2378 et
380 2315 555 2400 praecipit,
590 2325 628 2378 nt
657 2315 793 2398 synodis
823 2315 945 2380 habitis
973 2318 1159 2388 observatio

49 2413 243 2478 decretorum
270 2412 398 2476 clericis
422 2415 613 2498 imponatur
636 2422 668 2476 et
698 2423 862 2498 urgeatur.
888 2451 927 2460 —
957 2414 998 2478 In
1022 2421 1163 2503 epistola

48 2511 85 2574 ad
108 2512 282 2576 Annonem
307 2510 471 2591 Pontifex,
497 2519 672 2596 postquam
697 2514 896 2574 mentionem
915 2513 994 2576 fecit
1010 2515 1158 2604 obsequii

49 2609 196 2673 ecclesiae
215 2607 422 2672 Coloniensis
446 2629 524 2691 erga
540 2607 659 2671 Sedem
684 2608 928 2693 Apostolicam:
954 2613 1040 2677 Hinc
1053 2619 1159 2696 edant,

47 2708 160 2788 scribit,
185 2709 347 2771 camasime
362 2706 483 2793 frater,
508 2707 546 2769 de
571 2706 752 2770 obedientia
775 2718 830 2770 tua
858 2713 1006 2789 securior,
1028 2713 1160 2792 fiducia-

44 2803 102 2867 lius
124 2805 275 2869 adhortor
304 2815 333 2868 te
367 2813 396 2867 ct
426 2827 553 2882 moneo,
591 2816 683 2890 atque
717 2808 886 2870 communis
916 2809 1047 2874 Domini
1077 2813 1163 2879 beati

48 2903 128 2967 Petri
149 2903 337 2967 auctoritate
358 2905 534 2988 praecipis,
559 2915 594 2966 ut
617 2905 661 2966 ad
681 2905 858 2967 castitatem
873 2905 1055 2972 clericorum
1064 2936 1160 2998 prae-

43 3000 208 3066 dicandam
239 3011 330 3088 atque
360 3001 593 3082 iacadcaadam,
608 3006 708 3089 jueta
731 3003 863 3066 Petrum
887 3005 1012 3071 decreta
1037 3019 1066 3070 et
1088 3034 1161 3074 auc·

47 3101 195 3164 toritatem
222 3123 387 3178 canonum,
409 3123 475 3162 cum
499 3099 711 3185 suffrapaneis
736 3103 799 3164 tais
822 3103 964 3167 omnibus
987 3108 1160 3172 studiosius

43 3199 229 3282 occuparis,
258 3209 293 3260 ut
319 3220 454 3283 sponsae
482 3195 603 3261 Christi
626 3221 704 3282 qliae
729 3199 885 3262 maculam
907 3205 1006 3266 nascit
1030 3216 1087 3268 aut
1108 3229 1160 3270 mt-

42 3315 121 3376 pam,
144 3295 335 3360 candidatae
350 3306 380 3358 et
391 3295 773 3379 immacalataefamiliae
787 3301 960 3382 pretiosum
976 3303 1162 3368 eoebilrcatur
1259 3327 1262 3342 ⁴

45 3392 185 3476 officiam.
241 3393 343 3456 Novit
376 3395 458 3456 enim
473 3392 672 3478 fraternitas
697 3405 768 3471 tua,
793 3397 869 3479 quia
887 3412 1063 3486 praecepta
1085 3403 1161 3466 lraec

47 3511 103 3552 non
133 3493 169 3556 de
199 3503 306 3556 nostro
335 3515 429 3556 senna
460 3491 691 3577 resculpimus·
721 3493 777 3555 sed
805 3495 1006 3578 antiquorum
1030 3499 1160 3562 Pet—rum

43 3593 223 3668 sanctiones,
249 3588 375 3674 Spiritu
398 3601 506 3654 sancto
527 3590 736 3674 praedicante
756 3591 915 3676 prolatas,
939 3594 1039 3679 officii
1057 3601 1162 3662 nostri

47 3691 219 3753 necessitate
252 3691 286 3751 in
309 3687 444 3751 mediam
462 3689 689 3774 propalamus,
721 3713 759 3751 ne
778 3691 869 3775 pipi-i
892 3693 974 3754 sarri
995 3693 1159 3758 subeamus

42 3786 219 3866 periculum,
237 3788 266 3850 si
280 3787 471 3850 dominicam
475 3788 647 3872 pecuniam
655 3809 734 3872 pisae
749 3811 816 3850 cum
824 3788 962 3873 foenore
984 3794 1161 3877 reposcitur

47 3883 95 3944 sub
110 3885 234 3948 mensio
248 3885 487 3962 abscondamus,
505 3907 692 3969 prinsquam
706 3886 777 3948 leuia
791 3897 920 3950 sauctae
933 3889 1098 3954 Romanae
1114 3914 1159 3955 ec-

44 3977 149 4045 clesiae
171 4005 292 4068 semper
315 3981 405 4046 licuit
429 4003 606 4067 semperque
631 3981 746 4060 licebit,
771 3994 881 4048 eontra
900 3987 1022 4048 noviter
1044 3988 1160 4052 incres-

45 4089 138 4143 centes
160 4101 303 4144 eamcam
317 4103 400 4144 noua
421 4101 538 4166 quoque
562 4080 688 4144 decreta
704 4091 796 4166 atque
810 4083 951 4146 remedia
967 4107 1159 4168 procurare,

43 4197 130 4256 quae,
160 4180 298 4242 rationis
332 4189 361 4242 et
393 4179 593 4242 auctoritatis
622 4179 709 4242 edita
728 4180 874 4266 judicio,
898 4179 982 4244 nulli
1003 4183 1160 4247 immicum

44 4273 82 4336 su
94 4277 154 4360 fas
176 4288 212 4341 ut
233 4279 330 4340 irrita
353 4277 546 4363 refutare...
566 4325 573 4340 .
594 4275 658 4340 Sed
680 4287 714 4340 ut
737 4301 774 4341 ea
798 4301 877 4364 puae
901 4277 1065 4342 dilectioni
1088 4291 1160 4344 tuae

942 4401 998 4454 le*
