2952 4832
290 493 329 548 De
348 490 598 548 Praedeeessoribua
616 491 641 546 S.
661 487 791 556 Gregorii
810 488 873 542 VII.
1106 489 1161 542 237

55 638 137 718 satis,
161 635 298 702 fortasse
322 658 365 700 ex
388 634 537 700 consulto
560 657 627 700 aon
643 646 796 699 accurate
813 630 1069 696 determinatum
1086 632 1158 712 fuit,

56 733 137 818 quale
162 734 357 819 obsequium
374 735 443 817 regi
459 732 694 818 praestandum
711 739 805 796 esset.
837 729 1005 794 Honorem
1023 729 1158 814 quidem

54 834 295 898 convenientem
317 831 526 916 principibus
541 832 604 916 piis
619 831 750 908 deferri,
775 851 841 892 non
858 827 1064 893 detractabat
1077 829 1159 894 Pon·

53 931 139 1012 tile13
165 941 309 994 attamen
325 928 496 994 Ecclesiae
513 929 667 1013 dignitati
684 939 717 992 et
733 925 834 992 indoli
850 946 915 990 non
929 925 1158 1006 conveniebat,

52 1041 82 1090 ut
102 1029 133 1092 in
148 1027 414 1113 quibuscumque
438 1026 604 1113 adjunctis
625 1026 740 1090 electio
757 1023 928 1088 Pontificis
947 1024 1161 1109 Imperatoris

52 1126 283 1190 confirmationi
307 1123 454 1190 obnoxia
478 1135 572 1206 esset,
597 1133 630 1189 et
644 1126 744 1188 otiam
759 1144 835 1186 cum
853 1121 973 1186 damno
989 1120 1159 1186 Ecclesiae

49 1225 213 1288 manifesto
236 1222 446 1308 privilegium
469 1225 499 1287 ei
523 1223 760 1288 vindicaretur.
805 1220 1009 1305 Supponitur
1031 1222 1065 1284 in
1089 1219 1159 1284 tali·

50 1323 103 1385 bus
125 1321 319 1407 privilegiis,
344 1322 512 1406 principes
535 1343 606 1384 esse
630 1319 800 1384 Ecclesiae
823 1318 972 1382 addictos
996 1329 1028 1381 ct
1052 1318 1159 1384 bonae

47 1418 234 1500 voluntatis,
266 1428 365 1504 atque
388 1428 469 1482 tunc
496 1417 639 1483 libenter
669 1439 781 1482 eorum
813 1415 985 1480 desideriis
1008 1415 1159 1482 Ecclesia

46 1517 118 1600 quid
142 1516 260 1582 defert.

126 1669 181 1731 23.
212 1667 325 1746 Quum
349 1689 444 1753 porro
470 1678 537 1730 tum
564 1690 605 1730 ex
630 1664 844 1752 optimatibus
867 1665 1024 1728 Romanis
1048 1665 1156 1728 Ponti·

44 1764 156 1829 ticibus
171 1766 360 1852 frequenter
375 1764 523 1850 pericula
538 1765 759 1844 imminerent,
776 1773 846 1826 turn
863 1761 904 1826 ob
917 1763 1156 1848 Imperatorum
1198 1771 1313 1852 limem}

41 1864 253 1928 ambitionem
291 1873 323 1926 et
354 1860 546 1928 dominandi
588 1861 778 1947 cupidinem
810 1883 927 1946 parum
970 1871 1040 1924 tuta
1074 1870 1157 1924 esset
1176 1841 1328 1884 ⁰⁰³⁰¹¹¹⁵¹¹⁸¹²⁸

39 1961 199 2044 Ecclesia,
223 1961 380 2024 Nicolaus
404 1963 514 2044 sagaci
540 1958 675 2024 consilio
699 1958 780 2023 alios
805 1957 866 2021 sibi
893 1957 1070 2022 conciliare
1093 1970 1156 2022 stu·

40 2058 108 2121 duit
139 2068 354 2146 protectores,
389 2080 526 2144 quorum
561 2055 676 2122 robore
702 2055 802 2122 Sedes
826 2056 1016 2142 Apostolica
1048 2067 1158 2143 posset

37 2155 183 2220 delendi.
231 2157 400 2220 Profectus
424 2155 580 2219 videlieet
611 2157 644 2219 in
670 2154 825 2241 Apuliam
859 2176 945 2219 anno
975 2155 1067 2234 1059,
1099 2157 1156 2218 im-

36 2256 152 2336 primis
178 2253 312 2342 quidem
338 2253 461 2316 ibidem
479 2253 568 2338 apud
581 2252 766 2338 Melpbium
783 2251 964 2316 celebravit
980 2253 1157 2337 synodum,

34 2353 62 2414 in
90 2375 161 2438 qua
186 2353 246 2416 sub
271 2351 491 2416 anathematis
524 2353 790 2416 interminatione
823 2351 958 2415 clericos
982 2349 1025 2415 ad
1049 2349 1158 2416 dimit-

35 2451 154 2514 tendas
186 2471 304 2514 uxores
340 2449 508 2535 compulit.
554 2451 644 2512 Dein
675 2471 753 2512 vero
785 2451 915 2534 excepit
938 2441 1165 2524 Normannos,¹

31 2570 158 2634 eosque
184 2545 262 2610 Sedi
287 2545 498 2632 Apostolicae
523 2547 779 2612 confoederavit.
815 2547 882 2632 Ipsi
900 2547 1060 2636 ¹Pontifici
1085 2547 1157 2611 red-

32 2644 195 2708 diderunt
219 2666 442 2730 quascumque
467 2645 635 2708 Romanae
669 2644 825 2708 ecclesiae
850 2655 952 2708 terras
976 2667 1156 2730 occupave-

28 2753 124 2826 rant,
163 2741 320 2806 Nicolaus
350 2754 458 2806 autem
493 2765 547 2806 eos
577 2741 619 2805 ab
644 2744 986 2806 excommunicatione
1015 2742 1158 2807 absolvit

29 2853 59 2903 et
84 2843 121 2904 in
141 2842 286 2924 gratiam
303 2839 513 2926 Apostolicae
529 2841 624 2904 Sedis
647 2842 787 2926 1·ecepit;
813 2862 924 2904 corum
942 2863 1019 2904 vero
1045 2841 1156 2916 dacae,

27 2937 244 3002 liiclrardum
269 2935 394 3002 scilicet
417 2940 605 3023 principatu
623 2937 793 3024 Capuauo,
818 2949 849 3000 et
872 2939 1051 3004 Robertum
1068 2941 1155 3026 Apu·

25 3035 80 3114 lia,
122 3035 333 3120 (Benevento
358 3035 520 3120 excepto),
553 3048 584 3100 et
608 3035 730 3100 ducatu
756 3034 929 3101 Calabriae
961 3060 1000 3100 ac
1024 3037 1158 3104 Siciliae

23 3135 221 3214 investivit,
236 3143 409 3218 postquam
427 3136 488 3218 ipsi
503 3133 700 3198 vasallorum
716 3156 806 3198 more
818 3135 985 3199 Romanae
1000 3136 1160 3200 ecclesiae

24 3233 133 3295 tidem
166 3253 259 3293 suam
284 3242 317 3294 et
339 3254 486 3296 annuum
511 3231 670 3295 tributum
689 3232 866 3317 jurassent.
899 3233 972 3297 Hoc
996 3233 1157 3298 beneficio

21 3329 188 3392 devincti
215 3329 398 3392 Normanni
423 3329 577 3392 Pontifici
602 3352 677 3393 mox
702 3331 785 3414 grati
810 3332 912 3394 animi
938 3333 1027 3394 vices
1051 3331 1158 3396 reddi-

19 3428 174 3506 derunt3
208 3426 393 3512 perduelles
427 3425 584 3490 videlicet
613 3427 855 3508 Praenestinos,
886 3429 1091 3494 Tusculanos
1126 3443 1157 3495 et

17 3527 263 3589 Nomentanus
286 3525 485 3610 redegerunt
517 3526 551 3588 iu
576 3525 736 3593 ordinem.
771 3537 803 3589 et
827 3526 1096 3612 tranquillitatem
1123 3532 1156 3594 iu

15 3627 162 3689 alitione
187 3623 358 3708 pontificia
382 3625 603 3687 restituerunt.

116 3765 181 3830 24.
229 3765 350 3829 Versus
382 3765 479 3828 tinem
515 3769 595 3830 anni
621 3767 706 3830 1059
740 3789 782 3828 ex
806 3765 961 3830 mandato
985 3766 1161 3832 Pontificis

11 3891 35 3931 a.
55 3867 197 3930 Petrus
212 3865 370 3926 Damiani
395 3873 427 3926 et
451 3863 626 3928 Anselmus
651 3866 826 3949 episcopus
843 3864 1001 3928 Lucensis
1024 3863 1158 3948 legatio-

11 3986 95 4028 nem
127 3972 351 4045 susceperunt
385 3960 622 4040 Mediolanum,
659 3973 694 4026 ut
730 3961 939 4047 disciplinam
964 3962 1158 4026 ecclesiasti-

11 4085 92 4126 cam
137 4069 374 4124 restaurarent.
422 4059 496 4122 Nou
521 4061 591 4123 sine
615 4059 770 4144 periculis
800 4082 839 4123 ac
864 4059 954 4125 duris
976 4061 1159 4138 laboribuS,

11 4161 110 4224 t'elici
145 4167 261 4218 tamen
286 4178 450 4236 successu,
476 4159 650 4220 simoniam
675 4169 706 4220 et
730 4159 1002 4223 incontinentiam
1026 4159 1157 4224 clerico·

11 4281 91 4324 rum
124 4251 250 4318 saltem
276 4277 334 4339 pro
359 4267 504 4339 tempore
530 4257 731 4339 castigarent
755 4269 786 4318 ct
818 4269 1051 4340 represserunt,
1084 4258 1160 4321 sub-
