2952 4832
299 517 338 568 De
357 515 432 569 Rom.
452 515 627 568 Pontificibus
646 515 726 582 th'ns
746 515 853 568 aetatis.
1107 515 1159 567 217

131 663 182 726 65.
222 659 334 740 Quum
358 657 498 722 Romani
525 659 643 722 iterum
666 659 790 743 legatos
815 659 981 722 misissent
1004 658 1046 722 ad
1071 659 1159 722 Hen-
1201 662 1290 704 “⁰¹¹-

57 761 146 822 ricum
169 758 231 838 ΠΙ,
256 769 293 821 ut
311 755 505 821 Pontificem
530 777 653 820 novum
679 759 831 836 mitteret,
856 777 1039 842 parumque
1062 758 1159 842 proni

56 870 149 921 essent
171 855 372 920 Germaniae
404 851 572 938 praesules
607 863 643 917 ut
674 875 795 917 munus
829 853 910 919 illud
943 853 1083 935 obirent,
1116 853 1158 917 ab

58 953 241 1040 Imperatore
274 953 499 1016 inconvento
524 951 760 1015 Wormatiensi
784 951 939 1016 Pontifex
970 951 1160 1034 designatus

54 1063 93 1114 est
105 1053 212 1116 Bruno
237 1051 411 1136 episeopus
425 1048 590 1112 Tullensis
614 1050 648 1112 in
668 1049 899 1133 Lotharingis,
925 1069 967 1111 ex
983 1049 1160 1113 comitibus

55 1148 331 1236 Daspurgsnsibus
355 1147 524 1212 oriundus.
556 1149 625 1210 Diu
650 1148 770 1211 restitit
783 1147 896 1211 Bruno
919 1155 1019 1231 atque
1034 1148 1159 1212 invitus

54 1248 268 1330 pontificatum
298 1268 337 1311 ea
368 1244 557 1310 conditione
584 1245 718 1329 recepit,
751 1247 779 1308 si
809 1245 935 1308 audiret
965 1247 1061 1308 totius
1083 1245 1161 1308 cleri

53 1369 82 1406 cc
98 1346 209 1431 populi
222 1346 362 1409 Romani
383 1366 572 1407 commossem
595 1365 659 1406 esse
684 1345 750 1406 sinc
765 1342 900 1406 dissidio
924 1347 1158 1424 commum')3

52 1464 83 1505 ea
107 1445 231 1508 ratione
261 1441 419 1507 videlicet
447 1440 633 1505 libertatem
671 1439 841 1504 electionis
869 1441 953 1504 tueri
981 1441 1072 1503 nisus
1101 1451 1157 1504 est.

52 1541 104 1604 Per
124 1539 268 1605 Galliam
292 1540 431 1604 Romam
461 1538 628 1624 profectus
652 1547 710 1616 est,
743 1537 979 1602 comitantibus
1010 1537 1160 1622 pluribus

51 1640 211 1724 episcopis.
260 1637 331 1702 Sibi
356 1638 454 1701 etiam
479 1635 635 1721 adjunxit
661 1634 950 1717 Hildebrandum3
979 1637 1007 1698 is
1035 1637 1070 1698 in
1095 1657 1159 1699 mo·
1189 1631 1191 1634 ’

50 1737 179 1800 castenio
211 1735 423 1799 Cluniacensi
460 1732 619 1818 degebat,
656 1755 695 1797 ac
724 1734 914 1798 Brunouem
943 1742 1073 1796 secutus
1101 1745 1159 1803 est.

49 1855 139 1918 quum
163 1832 218 1897 hic
243 1834 272 1895 ei
293 1833 364 1917 jam
389 1831 595 1911 ostendisset,
621 1853 654 1895 se
679 1833 742 1896 nisi
768 1830 985 1895 exelectione
1009 1832 1159 1895 unanimi

49 1929 261 1995 Romanorum
286 1939 532 2014 assumpturum
557 1951 627 1992 esse
651 1929 891 2014 pontificatum.
909 1965 951 1976 -
969 1929 1093 1992 Urbem
1112 1931 1159 1993 in·

47 2051 167 2106 messus
191 2027 281 2092 haud
306 2039 463 2113 tanquam
488 2027 653 2109 Pontifex,
688 2026 745 2091 sed
770 2036 806 2090 ut
829 2029 1031 2112 peregrinus,
1056 2049 1075 2090 a
1099 2028 1160 2090 Ro-

47 2129 143 2190 manis
173 2147 253 2190 vero
282 2127 429 2189 maxima
460 2125 662 2189 exultatione
692 2134 861 2210 exceptus,
891 2134 923 2187 ct
950 2124 1004 2188 die
1037 2126 1077 2187 12
1101 2125 1158 2188 Fe·

45 2223 161 2288 bruarii
186 2223 367 2288 anni1049
392 2245 519 2287 summo
544 2225 694 2287 omnium
719 2222 795 2286 cleri
813 2245 852 2286 ac
869 2222 982 2308 populi
998 2245 1159 2287 consensu

45 2321 72 2383 in
95 2323 184 2386 Petri
211 2319 404 2386 cathedram
429 2330 573 2400 evectus,
600 2321 660 2382 Leo
687 2322 736 2383 IX
758 2329 894 2384 vocatus
918 2331 976 2384 est.

124 2511 178 2573 66.
224 2507 279 2571 Ex
309 2509 350 2570 iis
381 2529 465 2592 qnae
499 2509 533 2570 in
566 2507 629 2571 hac
659 2509 900 2571 Dissertatione
934 2508 1157 2593 exposuimus,

42 2607 123 2686 satis,
159 2609 194 2672 ni
217 2605 323 2685 fallor,
348 2603 458 2688 colligi
482 2607 611 2690 poterit,
643 2627 808 2692 quaenam
832 2614 865 2667 ct
888 2614 1012 2690 quanta
1035 2604 1159 2668 fuerint

43 2702 121 2766 mala
146 2702 269 2789 quibus
282 2702 432 2767 Ecclesia
456 2703 622 2767 mediante
646 2702 776 2767 saeculo
800 2702 974 2766 undecimo
989 2701 1158 2787 affligeba-

41 2812 97 2865 tur.
144 2800 186 2864 In
216 2822 319 2885 greve
354 2801 532 2864 discrimen
561 2801 707 2865 adducta
735 2809 804 2865 erat
834 2821 873 2864 ea
904 2798 1039 2864 libertas
1074 2820 1158 2886 quae

41 2895 207 2963 Ecclesiae
231 2900 364 2984 propria
389 2907 447 2964 est.
480 2897 705 2963 Vehementer
735 2900 824 2962 enim
848 2898 964 2962 eadem
989 2900 1158 2962 investitu-

39 2995 88 3066 ris,
113 3017 199 3082 quas
223 2997 390 3082 principes
415 2995 599 3060 saeculares
615 2997 837 3082 inepiscopis,
862 2995 1049 3076 abbatibus,
1073 2995 1159 3059 aliis·

39 3113 97 3176 que
132 3093 304 3158 Ecclesiae
337 3093 565 3158 sacerdotibus
597 3093 760 3178 eligendis
792 3093 1022 3172 conferebant,
1059 3094 1159 3158 viola-

37 3188 148 3272 batur3
175 3193 242 3256 imo
267 3203 299 3255 et
323 3194 395 3277 ipsa
417 3192 643 3256 Romanorum
659 3192 859 3256 Pontificum
884 3193 1006 3256 creatio
1030 3194 1064 3256 in
1088 3213 1158 3277 pro·

36 3309 146 3353 cerum
171 3289 396 3354 Romanorum
420 3291 705 3376 imperatorumve
741 3289 877 3355 arbitrio
910 3291 978 3353 lere
1003 3292 1065 3354 sita
1089 3313 1158 3355 esse

36 3387 223 3452 videbatur.
270 3387 476 3453 Gravissima
508 3399 679 3474 praeterea
702 3388 888 3452 vexabatur
911 3387 1061 3452 Ecclesia
1085 3388 1159 3452 labe

35 3485 227 3566 simoniaca,
253 3507 328 3550 cum
352 3488 387 3550 in
412 3486 631 3572 dignitatibus
656 3487 866 3551 conferendis
889 3485 944 3550 vel
968 3507 1158 3572 comparan-

34 3581 92 3665 dis,
124 3584 195 3646 imo
219 3585 309 3648 etin
334 3584 488 3649 ordinum
513 3608 681 3649 sacrarum
708 3584 882 3649 collatione
906 3585 1028 3670 passim
1052 3587 1159 3669 turpis

33 3893 240 3962 Imperatorum,
259 3893 387 3958 advertit,
406 3907 436 3947 eo
459 3894 548 3962 magis
567 3894 645 3948 celeri
669 3893 830 3948 Pontificum
850 3891 926 3946 obitu
950 3901 1086 3961 stuporem
1105 3910 1160 3946 mc·

33 3975 97 4038 reri,
117 3973 192 4041 qnod
211 3973 326 4028 exsulis
345 3975 433 4028 causis
451 3973 621 4030 naturalibus
637 3975 787 4042 proveniat.
814 3973 921 4041 ,Papae
934 3989 997 4028 vero
1010 3973 1075 4040 vita,
1096 3975 1160 4040 quic

32 4055 86 4107 sola
113 4053 252 4108 naturalis
272 4054 361 4108 obitus
381 4053 442 4121 lege
467 4053 643 4115 concluditur,
668 4053 726 4123 ejus
752 4067 786 4107 ex
804 4051 855 4107 hac
873 4053 933 4108 vite
952 4053 1083 4108 transitus
1102 4053 1161 4107 sine

31 4133 180 4188 tormidine
198 4149 251 4188 non
270 4134 407 4189 andiunt
435 4150 456 4187 c.
479 4138 501 4188 l.

108 4280 130 4346 Ι)
151 4274 270 4330 Wibert.
289 4275 356 4330 Vita
376 4277 400 4328 S.
421 4275 517 4330 Leonis
536 4276 576 4330 IX
605 4276 634 4328 L.
654 4275 689 4330 ΙΙ.
