2952 4832
319 513 372 566 064
562 513 637 566 XXI.
658 513 697 568 De
716 515 741 568 S.
761 515 894 584 Gregorio
913 514 968 568 VII
986 515 1062 570 Rom.
1081 513 1222 568 Pontiflee.

319 653 496 719 concilium
510 655 729 722 Mantuanum
754 659 908 740 schisma,
932 657 1073 722 Parmae
1085 657 1244 739 residens,
1271 661 1419 722 continua·

318 755 378 835 vit,
412 775 514 838 quum
539 756 573 818 in
597 755 694 819 Italia
718 764 751 820 61
774 758 807 819 10
832 755 1013 820 Germania
1037 755 1150 819 adhuc
1178 757 1208 819 61
1233 757 1365 841 quidam
1385 755 1417 818 16-

318 861 451 932 verant,
476 851 651 916 defunctas
675 865 784 918 autem
810 863 859 918 est
882 854 1022 918 Parmae
1045 875 1132 917 anno
1162 854 1243 918 1011
1270 854 1419 918 1611011.

406 950 460 1014 44.
506 950 643 1014 Interim
675 951 866 1022 Alexander
897 953 927 1015 ll
963 952 1254 1037 praedecessorum
1288 953 1419 1034 vestigiis

318 1049 473 1112 insistens
514 1050 644 1130 egregie
683 1049 865 1113 Ecclesiam
914 1051 1134 1132 gubernavit,
1186 1073 1225 1114 60
1261 1059 1332 1114 1001
1375 1071 1420 1135 per

318 1145 485 1231 epistolas,
516 1157 587 1210 tum
617 1168 677 1231 per
698 1146 822 1229 legatos
846 1149 977 1230 missos,
1012 1157 1082 1212 1010
1106 1169 1165 1232 per
1188 1149 1335 1231 synodos
1356 1147 1419 1212 cele·

318 1243 439 1325 016161,
463 1247 498 1308 10
522 1244 628 1326 Italia,
653 1243 772 1327 Gallia,
797 1245 987 1327 Germania,
1012 1246 1186 1332 Hispania,
1211 1247 1379 1310 doctrinae
1397 1259 1421 1310 et

319 1341 513 1427 discipliuae
543 1343 726 1408 servandae
755 1354 789 1406 et
810 1343 1045 1408 restaurandae
1073 1343 1186 1408 sedulo
1217 1343 1420 1409 adlaboravit

318 1451 351 1506 et
373 1463 439 1506 non
454 1444 564 1505 minus
579 1441 661 1504 vitia
673 1439 878 1523 clericorum,
903 1444 1078 1505 simoniam
1103 1452 1136 1505 61
1152 1444 1420 1520 incontinentiam,

318 1562 417 1626 quam
442 1536 678 1602 relaxationem
703 1561 832 1603 morum
852 1541 938 1603 inter
950 1539 1053 1603 laicos
1067 1549 1199 1604 6116006
1215 1542 1421 1626 impugnavit

317 1638 492 1722 Praecipui
523 1636 593 1721 ejus
621 1636 788 1721 adjutores
816 1636 950 1702 fuerunt
986 1661 1010 1702 e.
1041 1637 1158 1700 Petrus
1188 1639 1375 1703 Damianos
1398 1653 1423 1700 et

318 1734 567 1799 Hildebrandus
590 1733 855 1817 archidiaconus,
880 1738 936 1821 qui
963 1735 1098 1799 consilio
1123 1757 1182 1799 suo
1207 1747 1240 1800 et
1264 1739 1376 1821 vigore
1395 1737 1422 1796 in

318 1832 471 1897 omuibus
495 1841 624 1917 praesto
648 1832 712 1896 fuit
734 1831 900 1898 Pontifici.
917 1833 1014 1897 -In
1039 1832 1180 1897 eeclesia
1194 1832 1422 1898 Mediolanensi

318 1932 448 1995 funesta
478 1931 596 1995 divisio
629 1931 853 2012 continuabat,
883 1953 985 2017 quum
1009 1933 1156 1995 maxima
1186 1930 1266 1994 cleri
1290 1953 1366 2018 pars
1384 1953 1422 1992 re·

318 2129 414 2192 annis
442 2147 543 2212 prope
574 2126 688 2190 decem
722 2149 796 2191 cum
828 2127 970 2192 Ludolfo
1003 2127 1139 2213 ejusque
1163 2128 1265 2191 fratrc
1288 2126 1423 2191 Heriem·

318 2223 426 2304 baldo,
457 2224 624 2288 nobilibus
647 2225 750 2306 laicis,
776 2235 889 2290 eontra
913 2227 1111 2289 simonianos
1135 2236 1167 2288 et
1189 2227 1426 2289 incontinentes

318 2323 453 2387 clericos
476 2322 669 2404 decertaret,
702 2343 790 2388 anno
817 2325 902 2390 1066
925 2324 967 2389 ab
991 2324 1192 2387 adversariis
1217 2333 1355 2387 necatus
1376 2335 1425 2385 661

318 2419 465 2484 Invalnit
487 2431 598 2484 tamen
622 2443 698 2506 pars
722 2424 833 2486 sanior
856 2422 1049 2486 clericorum
1073 2444 1113 2485 ac
1136 2420 1298 2485 laicorum
1323 2431 1357 2484 61
1378 2419 1427 2482 Pa·

318 2521 420 2582 tariae
445 2518 697 2600 confoederatio,
728 2530 760 2582 61
783 2541 870 2584 6000
897 2521 980 2585 1061
1006 2519 1199 2583 Alexander
1222 2519 1255 2582 ll
1279 2518 1427 2582 Mediolo-

318 2639 396 2680 num
434 2616 559 2698 legavit
594 2616 804 2680 lllainardum
850 2620 1040 2702 episcopum
1083 2616 1363 2680 Silvaecandidae
1403 2628 1431 2678 61

317 2715 482 2779 Joannem
507 2715 545 2777 a.
571 2714 609 2779 E.
636 2715 846 2779 Cardinalem
871 2717 1110 2800 presbyterum.
1158 2715 1204 2779 Hi
1228 2735 1316 2800 qnae
1340 2725 1429 2778 60166

316 2835 336 2877 6
369 2836 392 2876 6.
419 2813 514 2876 Petro
540 2814 705 2877 Damiano
730 2823 851 2876 statuta
874 2813 1005 2876 fuerant
1027 2812 1274 2890 confirmarunt,
1306 2811 1431 2896 aliaque

316 2912 359 2975 ad
383 2901 631 2995 exstirpandam
663 2912 936 2974 incontinentiam
962 2922 994 2974 61
1018 2912 1193 2974 simoniam
1218 2912 1430 2995 praeseripse

316 3019 401 3072 1001.
439 3008 504 3078 Sed
522 3031 622 3094 quum
640 3007 751 3072 Guido
775 3008 1043 3094 archiepiscopus
1062 3009 1133 3093 jam
1158 3011 1249 3072 senio
1267 3008 1432 3072 consectus

316 3107 358 3170 66
388 3105 464 3169 6666
496 3105 684 3169 abdicanda
714 3117 839 3190 ageret,
872 3117 904 3169 et
935 3107 1104 3191 aliquanto
1135 3116 1208 3190 post
1235 3127 1325 3170 anno
1355 3105 1428 3170 1011

316 3203 434 3286 obiret,
466 3204 508 3267 66
538 3224 724 3266 6066666616
758 3207 875 3267 1161010
907 3225 1048 3286 magnae
1077 3203 1151 3266 lites
1181 3215 1317 3268 exortae
1352 3215 1430 3266 6001

317 3301 486 3367 06000106
509 3304 597 3366 enim
622 3301 780 3366 electione
804 3313 932 3388 aparte
956 3323 1036 3367 sana
1052 3301 1311 3366 Mediolanensis
1337 3299 1431 3365 eccle

315 3403 392 3480 siae,
418 3399 647 3487 praesentibus
671 3399 788 3483 legatis
811 3401 991 3482 Pontificio,
1016 3399 1138 3464 electus
1161 3401 1224 3463 fuit
1239 3402 1321 3463 Atto
1346 3399 1431 3462 nobi·

314 3498 355 3562 lis
379 3499 517 3562 clericus
542 3496 630 3562 illius
643 3498 811 3579 ecclesiae,
836 3500 889 3561 vir
903 3501 1042 3582 insignis
1059 3496 1248 3561 virtutibus.
1279 3497 1350 3562 Sed
1366 3499 1431 3582 jam

314 3607 412 3662 60166
436 3596 546 3661 00160
576 3598 610 3660 10
641 3619 861 3661 successorem
895 3596 1077 3661 destinarat
1105 3595 1328 3660 Godefridum
1364 3595 1431 3657 suc

315 3694 506 3776 diaconum,
531 3696 636 3780 ipsius
659 3696 820 3776 amicum3
852 3717 927 3759 eum
953 3695 1117 3759 Henricus
1140 3694 1188 3758 IV
1212 3693 1303 3776 larga
1329 3693 1434 3758 soluta

313 3796 456 3879 pecunia
479 3796 719 3875 nominaverat,
752 3792 924 3879 laxiorque
948 3792 1246 3858 Mediolanensium
1279 3815 1359 3878 pars
1383 3813 1431 3875 po

313 3890 467 3955 stulabat.
515 3891 633 3956 Varios
664 3903 738 3977 post
760 3891 921 3956 tumultus
943 3893 985 3956 ab
1010 3891 1073 3956 hac
1097 3902 1190 3976 parte
1213 3892 1379 3954 exeimos
1401 3891 1431 3952 in

314 3989 453 4053 concilio
478 3989 626 4053 Romano
650 3989 729 4053 Atto
754 3990 966 4054 confirmatus
993 4001 1060 4064 est,
1093 3987 1291 4052 0066111606
1322 3997 1430 4050 antem

313 4089 629 4154 excommunicatus.
677 4087 743 4152 Sed
766 4098 836 4152 10111
861 4087 902 4151 ob
926 4087 1011 4151 lianc
1037 4109 1182 4168 0606610,
1207 4097 1275 4152 tum
1297 4085 1346 4150 ob
1370 4083 1430 4149 6111

313 4187 439 4250 motiva
473 4185 598 4249 ultimis
628 4185 810 4250 Alexandri
835 4185 1333 4250 60016611110011616666110166
1359 4205 1430 4244 cum

313 4283 388 4347 aula
414 4282 576 4368 imperiali
601 4295 733 4348 exortae
758 4293 844 4348 6001,
