2932 4836
303 489 355 542 aab
458 487 532 541 XVI.
570 487 673 540 Causae
691 485 806 540 celebres
825 492 854 539 et
873 485 1027 540 Decretsles
1046 485 1271 540 Pseudo-isidori.

304 631 522 696 substantiam
539 629 727 694 nullatenus
743 627 936 712 abantiquo
948 628 1024 712 jure
1040 627 1217 708 differunt3
1243 631 1310 693 imo
1325 631 1414 692 etiam
1455 603 1456 656 l

304 730 339 792 in
372 730 509 813 antiqua
533 727 710 813 disciplina
744 729 806 790 ista
828 728 951 811 passim
985 735 1018 790 et
1041 747 1107 791 non
1129 749 1203 792 raro
1237 739 1416 792 occurrunt.
1455 751 1456 836 p

304 825 350 890 Ut
372 846 452 889 vero
481 824 597 889 cadem
621 825 727 908 magis
757 833 912 908 urgerent
943 824 1021 888 inde
1044 846 1064 887 a
1092 824 1223 889 saeculo
1247 847 1335 890 nono
1359 847 1416 888 me·
1455 841 1456 930 p

305 922 434 1006 diante,
465 922 625 986 Romanis
647 921 867 986 Pontificibus
885 922 941 1008 jus
964 921 1027 986 fuit
1051 921 1243 1000 indubium,
1278 923 1418 986 societati

305 1031 417 1086 autem
441 1020 642 1085 christianae
665 1019 701 1083 id
723 1019 787 1082 fuit
810 1029 1042 1104 opportunum.
1067 1057 1110 1068 —
1455 1078 1456 1132 ,

397 1119 449 1184 lb.
482 1119 623 1182 Romani
655 1116 834 1182 Pontifices
871 1119 989 1203 quovis
1021 1127 1167 1202 tempore
1205 1115 1269 1182 sibi
1303 1119 1418 1182 conscii

243 1201 271 1230 ω’
304 1216 457 1299 fuerunt,
490 1237 534 1279 cx
556 1216 764 1279 institutione
788 1215 904 1280 diviua
933 1217 1095 1299 primatus
1119 1235 1234 1280 curam
1264 1225 1297 1279 et
1320 1217 1419 1300 prori-

306 1315 453 1378 dentiam
476 1315 578 1378 totius
592 1313 762 1377 Ecclesiae
786 1314 866 1396 ipsis
889 1335 960 1377 esse
974 1315 1195 1395 commissam,
1219 1335 1321 1399 seque
1330 1314 1419 1398 juris·

306 1410 486 1476 dictionem
511 1411 713 1474 ordinariam
737 1409 860 1474 habere
885 1412 919 1475 in
942 1413 1132 1475 universnm
1152 1411 1339 1476 Ecclesiam
1362 1433 1420 1475 om·

305 1531 430 1595 aesque
454 1508 577 1574 fideles.
615 1509 714 1574 Hanc
728 1529 807 1572 vero
828 1529 1016 1593 supremam
1030 1511 1260 1573 auctoritatem
1281 1509 1419 1593 profecto

305 1628 373 1670 nou
396 1605 571 1670 arbitrario
596 1606 694 1670 modo
720 1627 873 1670 exercere
889 1606 1021 1691 licebat,
1045 1606 1103 1672 sed
1120 1606 1303 1672 secundum
1318 1607 1419 1670 Esau·

305 1702 383 1788 gelii
407 1703 556 1788 regulas,
590 1706 699 1789 prouti
724 1705 759 1767 in
783 1706 885 1768 variis
907 1713 1093 1790 temporum
1117 1704 1285 1790 adjunctis
1315 1704 1350 1768 id
1372 1725 1419 1788 op·

305 1811 485 1887 portunum
517 1801 713 1883 videbatur,
749 1801 972 1888 ita'quidem,
1005 1812 1042 1866 ut
1065 1802 1298 1889 applicationis
1330 1803 1421 1887 hujus

301 1898 545 1983 jurisdictionis
569 1909 668 1985 atque
688 1899 842 1984 guber-nii
866 1899 1030 1986 quaedam
1048 1902 1194 1966 varietas
1209 1902 1304 1965 variis
1320 1909 1420 1985 posset

307 2017 377 2060 cese
410 2005 528 2060 aetate.
575 1996 754 2083 Quumque
786 1998 969 2063 secundum
993 1997 1144 2064 ordinem
1173 2001 1286 2063 omnia
1309 2000 1344 2062 in
1366 1997 1421 2060 Ec-

308 2094 407 2158 clesia
432 2095 502 2158 fieri
527 2097 714 2181 conveniat,
734 2097 806 2184 jam
826 2081 1098 2183 primissaeculie
1117 2097 1282 2183 quaedam
1296 2094 1420 2180 regulae

308 2200 449 2256 statutae
482 2194 715 2275 inveniuntur,
752 2194 874 2279 quibus
906 2203 977 2259 tum
1012 2195 1122 2281 quoad
1154 2195 1326 2280 episcopos
1357 2204 1420 2256 tun

308 2289 417 2376 quoad
441 2289 628 2354 Romanurn
644 2290 840 2355 Pontificem
864 2292 1161 2357 administrationis
1183 2290 1302 2356 modus
1326 2290 1420 2356 deter-

309 2389 499 2452 minaretur.
544 2388 702 2452 Attamen
745 2388 907 2474 ejusmodi
942 2393 1072 2454 statutis
1110 2400 1210 2475 atque
1245 2385 1421 2452 canonibus

308 2487 379 2549 sive
402 2486 653 2571 particularium
677 2488 749 2549 sive
771 2486 975 2570 generalium
997 2487 1209 2571 synodorum,
1234 2508 1297 2551 nec
1319 2488 1354 2550 in
1369 2506 1420 2548 sua

308 2582 492 2647 substantia
526 2605 565 2647 ac
588 2583 795 2669 plenitudine
824 2587 977 2669 restringi
1000 2595 1128 2670 poterat
1160 2595 1305 2671 potestas
1332 2585 1421 2670 juris

309 2681 464 2746 dictionis
488 2680 583 2747 Sedis
607 2681 834 2768 Apostolicae,
868 2705 930 2748 nec
953 2694 1106 2768 poterant
1133 2683 1182 2748 illi
1208 2703 1351 2749 canones
1374 2681 1420 2744 ba·

308 2780 380 2844 beri
412 2790 449 2844 ut
471 2778 569 2865 plane
593 2779 735 2844 absoluti
768 2791 801 2844 et
824 2781 996 2867 completi,
1031 2781 1153 2868 quibus
1177 2803 1273 2846 omne
1307 2780 1421 2844 exerci-

308 2879 392 2942 tium
425 2878 631 2942 auctoritatis
653 2877 854 2942 Pontificum
888 2878 1178 2961 determinaretur,
1214 2879 1268 2944 vel
1301 2887 1422 2963 praeter

308 2997 391 3061 quos
409 2996 581 3060 nunquam
604 2973 651 3039 illi
666 2997 764 3060 agere
781 2987 923 3063 possent.
960 2977 1139 3042 Multorum
1156 2998 1321 3044 canonum
1337 2996 1422 3060 syno-

309 3074 426 3138 dorum
450 3071 701 3158 particularium
724 3095 784 3159 per
807 3097 841 3138 se
865 3097 931 3140 uon
954 3097 993 3140 ea
1012 3086 1083 3140 erat
1101 3087 1229 3157 natura,
1254 3084 1292 3138 ut
1312 3073 1421 3138 iisdem
1455 3087 1456 3160 l

309 3171 449 3235 Romani
473 3170 651 3235 Pontifices
683 3170 984 3257 obstringerentur,
1018 3195 1080 3238 nec
1102 3175 1214 3238 omnia
1237 3193 1324 3258 quae
1346 3171 1422 3235 acci·
1455 3203 1456 3260 p

310 3268 387 3333 dere
410 3277 562 3354 poterant
585 3269 707 3354 regulis
731 3271 801 3334 istis
831 3270 1096 3336 continebantur.
1141 3271 1212 3336 Imo
1237 3265 1421 3358 quandoid

309 3389 367 3454 pro
400 3366 492 3458 bono,
511 3366 681 3432 Ecclesiae
713 3369 935 3434 necessarium
969 3368 1022 3433 vel
1046 3379 1267 3457 opportunum
1296 3365 1422 3432 videba-

309 3476 372 3548 tur,
397 3486 455 3550 pro
480 3487 634 3550 suprema
658 3488 717 3530 sua
740 3469 935 3532 auctoritate
959 3467 1094 3532 modurn
1115 3467 1236 3553 agendi
1249 3465 1422 3532 Pontifices
1455 3535 1456 3540 η

310 3564 508 3628 constituere
531 3574 702 3648 poterant,
738 3565 792 3629 vel
816 3565 1007 3631 modificare
1041 3566 1271 3652 dispositiones
1294 3567 1421 3651 priores.

309 3662 363 3726 Ex
396 3659 508 3726 indole
531 3671 642 3726 autem
675 3665 837 3748 primatus
867 3665 930 3750 ipsi
952 3664 1131 3730 Pontifices
1163 3664 1226 3728 hac
1259 3665 1295 3729 in
1321 3684 1356 3726 rc
1376 3682 1421 3723 su·

310 3759 415 3844 premi
434 3758 567 3843 judices
591 3770 686 3842 sunt,
711 3783 773 3826 nec
796 3761 889 3826 alteri
913 3762 1071 3827 tribunali
1095 3762 1253 3852 subjecti,
1278 3759 1422 3850 quamvis
1455 3765 1456 3844 J

309 3866 486 3922 teneantur
500 3879 607 3943 aequa
627 3881 667 3922 ac
685 3859 777 3944 justa
793 3861 920 3924 ratione
944 3881 1074 3946 semper
1089 3861 1277 3946 procedere.
1315 3860 1421 3924 Anim-
1455 3851 1456 3912 l

310 3953 552 4018 advertendum
585 3977 715 4042 quoque
740 3966 803 4037 est,
836 3959 960 4044 passim
992 3957 1148 4042 prudenti
1171 3961 1358 4024 oeconomia
1390 3957 1419 4018 iu

311 4053 468 4116 exercitio
502 4074 580 4115 suae
604 4055 774 4138 potcstatis
807 4076 882 4119 usos
907 4077 976 4118 esse
1000 4056 1194 4139 Pontifices,
1228 4059 1275 4122 ita
1304 4065 1418 4120 utnon
1455 4079 1456 4100 ¹

311 4147 393 4212 illud
426 4147 574 4214 facerent
606 4151 694 4236 quod
719 4153 831 4217 stricto
859 4153 935 4239 jure
959 4151 1023 4216 illis
1056 4154 1280 4239 competebat,
1312 4153 1364 4217 sed
1388 4166 1420 4212 nt

309 4245 355 4309 ad
392 4245 575 4312 discordias
608 4248 660 4312 vel
693 4249 908 4315 schismatum
945 4251 1092 4336 pericula
1125 4253 1263 4318 vitanda
1294 4249 1419 4315 modum
