3002 4836
452 491 577 562 Gregorii
594 492 629 546 11.
648 493 680 546 R.
699 491 728 544 P.
748 501 836 562 geste.
1162 495 1196 550 31

85 645 253 722 capessant.
289 684 297 699 .
333 685 342 700 .
378 633 474 700 Cesso
505 645 535 700 et
562 637 697 722 quiesce,
728 647 792 704 tam
823 637 941 722 syuodo
971 637 1096 702 mimimo
1119 659 1198 724 opas

85 734 147 797 erit.
162 771 204 783 —
221 733 267 798 Et
292 734 327 797 in
351 732 473 798 altere:
507 731 772 806 Quemadarodam
789 734 939 819 Poatdfea
957 735 1200 821 introspiciendi

84 833 115 894 ia
129 831 294 916 palatium
313 840 503 916 potestatem
523 853 588 896 moa
614 830 705 896 babet
732 854 770 896 ac
792 831 964 918 dignitates
985 832 1124 918 sepiam)
1148 833 1198 902 de·

77 929 219 1013 ferendi,
244 931 290 994 sic
312 950 369 994 aec
393 929 569 1015 Imperator
586 929 622 992 ia
639 928 785 994 ecelesias
807 929 1050 1016 introspiciendi
1071 941 1102 994 et
1125 929 1199 994 eleo·

84 1027 178 1094 tiones
209 1029 247 1092 ia
281 1025 364 1092 dero
391 1025 592 1114 proterendis
623 1063 668 1074 -
699 1026 767 1094 Sed
797 1027 879 1095 brec
901 1028 1055 1096 Pontifex
1084 1030 1199 1093 merito

83 1126 211 1204 statuit,
244 1124 326 1188 dum
352 1123 543 1194 dmtinotam
565 1126 737 1210 potestatis
761 1124 870 1189 civilis
897 1133 931 1190 et
959 1124 1200 1192 ecclesiastieae

84 1221 238 1288 describit
271 1221 467 1308 sphaeram,
501 1243 586 1308 quse
609 1224 753 1308 pertinet
786 1222 830 1288 ed
861 1231 983 1288 statum
1019 1222 1199 1291 normalem

81 1322 166 1404 pacis
182 1330 217 1384 et
242 1319 450 1389 harmoniae.
485 1317 682 1390 Nullstenus
706 1319 758 1385 his
781 1319 979 1401 excluditur,
1003 1320 1093 1406 quod
1106 1343 1200 1407 prop·

81 1435 126 1482 ter
155 1419 430 1504 superioritatem
464 1417 634 1485 Ecclesiae
664 1420 791 1485 ratione
824 1418 902 1484 boui
934 1418 1113 1504 spiritualis
1145 1418 1201 1484 ali·

82 1516 212 1602 quando
239 1518 475 1582 auctoritatem
500 1537 595 1583 susm
609 1517 764 1586 Pontifex
786 1515 946 1582 indirecte
969 1518 1069 1582 etiem
1093 1518 1201 1584 iures

83 1613 278 1700 temporales
312 1635 466 1680 exercere
501 1615 613 1700 possit.
659 1612 761 1686 Haud
788 1613 961 1700 prudentis
991 1618 1201 1680 oeconomiae

84 1711 210 1792 fuisset,
233 1713 260 1776 si
276 1709 368 1779 illem
387 1713 650 1797 superioritatem
669 1721 927 1798 potestatemque
939 1735 1032 1778 suem
1047 1713 1202 1786 Pontifex

85 1811 115 1874 in
149 1809 216 1876 illis
240 1809 387 1896 epistolis
426 1811 604 1891 erexisset,
641 1831 745 1898 quum
775 1810 958 1893 sufficeret,
993 1821 1029 1874 ut
1059 1811 1202 1897 Impera·

84 1919 183 1972 torem
209 1906 254 1972 ab
280 1909 489 1974 immixtione
512 1908 548 1974 in
569 1929 622 1974 res
645 1906 886 1974 ecclesiastices
909 1907 1096 1974 deterreret.

170 2007 225 2072 ³4.
272 2005 339 2070 Sed
361 2006 498 2090 gravius
512 2005 645 2070 videtur
658 2026 774 2073 revera
794 2015 1025 2090 argumentum
1050 2005 1127 2070 iude
1152 2005 1203 2070 de-

84 2103 236 2186 ductum,
261 2102 351 2191 quod
384 2104 558 2190 scriptores
582 2103 803 2171 occidentales
835 2102 883 2168 illi
905 2105 1004 2168 aetati
1028 2105 1204 2188 proximio-

83 2225 146 2284 res,
172 2223 241 2268 non
264 2201 370 2266 solum
397 2200 495 2272 silent
523 2201 565 2266 de
594 2201 757 2288 ejusmodi
785 2202 969 2268 defectione
991 2202 1107 2268 Italiae
1130 2224 1205 2266 anc-

84 2309 152 2366 tore
176 2297 340 2385 Gregorio
362 2299 538 2382 Pontifice,
570 2299 629 2366 sed
662 2301 766 2386 ipsius
800 2299 972 2366 Pontificio
1006 2296 1150 2368 consiliis
1174 2309 1206 2364 et

85 2397 229 2464 influxni
259 2397 467 2478 adscribunt,
498 2397 587 2482 quod
614 2397 704 2479 Itali,
729 2419 800 2475 ‚nou
828 2397 1035 2475 obstantibus
1063 2395 1206 2482 Impere-

84 2495 163 2560 toris
185 2494 434 2576 vexationibus,
458 2495 560 2579 ipsius
574 2517 762 2582 supremam
778 2493 1037 2564 dominationem
1061 2516 1128 2560 uon
1151 2494 1206 2560 ab·

81 2593 234 2678 jecerint.
281 2592 337 2658 Sic
350 2591 474 2658 Paulus
483 2593 666 2672 Diaconos,
690 2603 805 2662 auctor
827 2591 979 2678 Gregorii
1003 2591 1206 2678 temporibus
1217 2615 1293 2656 murus
1309 2613 1369 2654 nite.

87 2711 220 2778 supper,
243 2689 359 2756 scribit
382 2692 417 2755 in
451 2713 512 2756 sue
534 2691 682 2756 Historia
705 2691 1002 2776 Langobardorum
1030 2691 1069 2757 L.
1093 2691 1151 2756 VI.
1177 2713 1205 2756 e.

86 2787 145 2852 49:
169 2789 219 2854 It'o
243 2799 379 2876 tempore
410 2811 469 2854 rea
491 2789 713 2876 desiderandas
735 2791 922 2857 Rooeaaam
956 2789 1090 2868 obsedit,
1118 2787 1206 2854 Clas·

88 2909 148 2950 sem
178 2888 298 2952 inuasit
321 2897 413 2974 atque
436 2887 602 2952 destrrrar‘t.
652 2888 739 2954 Tuae
761 2888 920 2954 Patricius
936 2887 1056 2954 Pardus
1079 2909 1119 2950 ea
1140 2888 1207 2951 Ra·

89 3007 189 3052 retma
221 2985 308 3050 mt'ss't
339 2986 394 3070 qai
416 2985 597 3068 Pontificem
627 2987 852 3055 interimerent.
897 2985 962 3050 Sed
991 2985 1208 3072 Magabardis

86 3105 144 3166 pro
177 3081 361 3168 &samoris
383 3082 545 3166 Pontefiois
575 3084 822 3170 repapuaatibm
846 3082 1028 3170 spoletanis
1057 3086 1091 3148 ia
1114 3081 1207 3150 Sala-

91 3181 137 3244 rio
154 3191 270 3266 parete,
294 3191 325 3246 et
347 3202 388 3244 ea
411 3179 487 3246 aliis
504 3181 655 3268 partibas
688 3181 905 3268 Menobardie
932 3182 1041 3248 Tuscis
1063 3183 1207 3246 resisten-

93 3277 184 3358 dior,
217 3278 385 3344 metium
416 3279 651 3344 Raeeaaatr'mn
682 3279 872 3366 dissipatam
903 3290 957 3347 est.
1004 3279 1076 3344 Hac
1099 3290 1209 3364 tempe·

93 3387 169 3441 aare
192 3377 257 3440 Leo
273 3377 451 3462 Imperator
475 3377 564 3463 apud
582 3373 710 3444 CPols'm
733 3376 919 3442 Sanctorum
940 3378 1093 3463 imapr'aes
1115 3376 1209 3462 depo·

95 3474 169 3540 mar
191 3474 342 3540 mandit.
393 3475 538 3541 Romano
568 3497 685 3564 qaoque
717 3475 865 3558 Pontifici
893 3474 1014 3542 similia
1028 3473 1151 3560 faeere,
1181 3475 1211 3538 εἰ

97 3572 287 3658 imperialem
315 3573 453 3657 oratiam
483 3573 595 3639 tatae
626 3572 733 3650 uellet,
767 3572 950 3651 mandarem
981 3572 1037 3635 eod
1061 3571 1210 3658 Poatt'fee

96 3668 146 3732 doe
167 3671 282 3755 faeere
315 3671 508 3754 contempsit.
560 3670 669 3737 Oraais
699 3693 816 3756 qaoque
848 3672 1021 3734 Rauennae
1056 3671 1211 3735 saeratae

99 3765 142 3828 rel
170 3768 370 3835 Venetioram
394 3766 548 3832 talibus
526 3769 630 3857 passis
658 3791 720 3840 arto
751 3769 855 3832 animo
879 3769 1071 3846 restiterunt,
1095 3778 1124 3832 et
1146 3769 1212 3836 aiei

100 3886 145 3928 eos
166 3865 380 3951 prohibuisset
403 3865 569 3952 Poatr'fmr,
600 3867 822 3953 Imperatorem
854 3889 1002 3952 superse
1026 3867 1211 3932 consumere

94 3960 226 4044 meunt
249 3965 397 4049 appressi.
446 3964 527 4028 Rev
540 3985 658 4050 qaoque
682 3963 901 4050 Laitpraadas
924 3976 1030 4029 castra
1044 3962 1210 4042 Aemiliae,

169 4201 311 4270 ¹)uegus
328 4201 497 4272 manitetes
525 4203 542 4256 i.
571 4217 594 4256 e.
622 4217 654 4256 es
682 4217 791 4256 munere
819 4209 848 4257 et
872 4201 962 4256 officia
980 4202 1125 4257 honorifice
1144 4217 1211 4270 quse

106 4281 271 4338 mutuantur
287 4299 306 4336 s
323 4295 397 4352 rege.
