2932 4836
471 504 558 560 Initia
575 503 719 562 scissionis
1104 505 1157 560 349

55 652 126 715 enim
147 653 218 737 ipse
243 651 386 736 injustae
409 649 560 736 petitioni
594 647 710 712 cedere
733 647 908 714 recusavit.
957 646 1069 728 Quum
1092 649 1157 714 viri

55 751 255 814 constentiam
280 747 441 828 viderent,
468 748 524 834 qui
545 748 579 810 in
596 744 816 811 conciliabulo
836 755 1060 810 convenerant
1081 745 1157 810 hee·

53 857 146 911 serunt
176 846 258 932 quid
282 844 474 910 faciendum
498 853 599 924 esset,
632 865 672 908 eo
695 843 863 911 discordes
886 842 965 907 faeti
989 842 1156 928 Ignatium

54 943 243 1008 dimiserunt.

123 1043 177 1107 37.
201 1041 267 1105 Per
289 1040 415 1126 aliquot
438 1040 509 1104 dies
533 1039 611 1106 dein
634 1041 755 1104 iterum
779 1040 871 1104 vario
891 1038 988 1104 modo
1012 1019 1157 1104 tentetue
1178 1042 1323 1152 [effige-

52 1151 103 1221 eet,
131 1149 169 1204 nt
201 1138 374 1205 abdicaret
406 1139 603 1223 dignitatem
627 1157 738 1219 susm,
772 1137 831 1202 sed
859 1137 989 1203 frustra.
1036 1137 1157 1202 Denuo

51 1242 152 1303 citatus
176 1249 215 1302 at
238 1236 364 1322 synodo
389 1257 424 1300 se
448 1237 585 1317 sisteret,
609 1236 725 1300 venire
748 1237 930 1316 recusavit,
959 1235 1017 1299 sed
1041 1235 1157 1302 Romu-

51 1357 116 1400 nam
135 1335 335 1402 Pontificem
367 1333 559 1420 appellavit.
604 1333 756 1418 Ignatins
788 1335 822 1398 in
851 1332 962 1398 libello
995 1334 1039 1399 ed
1062 1335 1158 1400 Niee-

50 1434 123 1498 lenm
145 1434 224 1498 dato
249 1436 313 1498 eit:
341 1431 417 1497 Cum
439 1434 597 1496 misissent
615 1432 853 1518 praedictorum
876 1430 1048 1518 leyatorum
1067 1435 1158 1498 mini·

51 1543 131 1611 sees,
161 1542 278 1596 voearet
305 1553 351 1594 me
375 1530 419 1593 ad
442 1529 616 1594 corrodium.
664 1531 730 1614 Epo
762 1551 833 1594 uero
858 1530 945 1608 dimi,
976 1531 1059 1616 quod
1082 1529 1159 1596 illue

50 1652 100 1692 uou
129 1629 316 1694 accederem.
365 1628 474 1712 Neque
498 1628 580 1690 euim
602 1628 744 1692 videram
766 1627 894 1717 judices
916 1625 1006 1706 iiloe,
1041 1628 1161 1713 lepotoe

50 1727 168 1810 scilieet,
201 1726 328 1812 aliquid
351 1725 518 1790 seeundum
542 1724 768 1788 aeclesiasticas
790 1725 917 1811 repulus
932 1725 1058 1811 facere,
1092 1749 1160 1790 eum

50 1825 216 1889 adulterum
249 1835 278 1888 et
308 1825 465 1887 iuti-usum
497 1823 645 1888 Pteuam
673 1823 713 1887 ob
743 1821 970 1887 eeclesia'uou
1001 1825 1159 1913 ejicerent,

50 1923 94 1984 et
109 1924 219 2008 potius
243 1944 311 1984 arou
333 1920 391 1984 illo
415 1919 624 1998 comedebant,
649 1932 679 1984 et
702 1925 790 2010 eujus
809 1943 940 1986 munera
955 1922 1158 2008 jamdudum

48 2031 233 2106 aeceperunt,
257 2013 348 2102 (uam
371 2019 459 2106 apud
474 2018 670 2082 Rhoedetum
692 2018 798 2083 urbem
820 2018 888 2083 illie
904 2019 1026 2083 obviam
1044 2021 1159 2084 missae

49 2129 109 2181 suut
137 2129 238 2182 vesus
260 2135 371 2180 sacrae
393 2115 537 2200 multae).
587 2113 789 2202 Quapropter
821 2116 900 2180 tales
920 2117 1047 2205 judiees
1069 2117 1159 2181 uuile

46 2227 126 2298 poeto
149 2239 205 2301 epo
230 2215 362 2300 occipio,
386 2214 442 2278 eod
465 2213 508 2277 ad
526 2214 650 2300 Papam
672 2237 720 2276 me
743 2213 902 2294 adducite,
926 2224 956 2277 et
976 2214 1052 2278 iude
1067 2215 1157 2304 judi-

48 2314 115 2374 cium
146 2311 281 2378 libenter
311 2313 445 2398 accipio.
492 2312 581 2376 Haeo
611 2312 719 2376 eadem
748 2313 803 2398 qui
824 2335 940 2376 meeum
969 2323 1061 2376 eraut
1089 2312 1159 2378 alta

49 2431 106 2475 mee
128 2411 318 2475 clamasunt.
355 2409 493 2473 stands
510 2409 685 2495 praefatae
707 2407 888 2496 epistola-⁹¹)
911 2419 946 2474 ut
967 2410 1058 2474 uotis
1082 2410 1159 2494 lepe-

48 2520 104 2570 reut
121 2510 279 2593 petimen:
311 2508 481 2572 canonicae
505 2509 588 2571 euim
610 2508 891 2572 demonstrationes
924 2517 953 2571 et
975 2509 1100 2572 decreta
1123 2509 1159 2572 iu

47 2607 114 2690 ipsis
143 2605 364 2670 inserebantur
387 2606 565 2670 quoaeutii
587 2605 697 2691 Papae
723 2627 784 2692 pro
815 2629 839 2669 e.
869 2605 999 2670 Joauoe
1026 2603 1158 2691 Cis-yso-

47 2713 148 2782 etomo,
182 2702 266 2788 osted
298 2700 443 2766 videlieet
474 2725 538 2768 uem
562 2714 719 2789 oporteret
740 2703 900 2768 Joouuem
933 2703 976 2766 ad
1005 2704 1159 2792 judicium

48 2802 155 2879 meari,
185 2811 354 2886 antequam
372 2801 445 2886 ‚ipse
469 2801 512 2864 ad
535 2823 624 2866 suom
646 2803 864 2866 restitueretur
886 2801 998 2865 eedem.
1047 2797 1157 2865 Conon

47 2897 130 2959 etiam
145 2895 347 2964 Sardioeueie
370 2909 501 2984 quartus
524 2898 729 2964 taschaert:
755 2899 848 2972 Quod
868 2901 980 2984 siquis
994 2899 1159 2984 epiecopus

47 2993 197 3078 depositus
221 2995 328 3080 fuerit
360 3007 390 3060 et
421 2995 560 3076 diues-it,
596 3019 627 3060 ee
660 2997 771 3060 iterum
801 2995 913 3062 isodoro
945 3017 1024 3081 quae
1054 2996 1158 3060 dicere

43 3093 136 3174 possit
159 3093 203 3156 ad
226 3116 316 3158 suom
338 3093 568 3179 defensionen,
597 3115 662 3158 mou
684 3104 781 3158 autea
802 3097 838 3159 iu
861 3099 928 3184 ejus
950 3093 1022 3158 sede
1045 3095 1157 3158 eonsti-

48 3197 145 3252 tuatur
176 3189 261 3254 alius
284 3193 450 3277 episeopus
456 3239 466 3269 ,
499 3213 591 3275 quam
613 3191 791 3278 Episcopus
813 3193 977 3256 Romanae
1010 3191 1158 3256 ecelesiae

47 3285 95 3348 tae
123 3287 161 3350 de
182 3311 217 3352 re
248 3288 374 3374 aliquid
396 3289 553 3367 decernat.
601 3287 694 3354 Haeo
725 3290 825 3374 igitur
854 3289 984 3375 eliaque
1006 3289 1159 3374 Ignotius

48 3386 154 3448 merito
185 3408 263 3450 suae
296 3386 340 3450 ed
364 3386 528 3472 synodum
553 3388 703 3451 oitetioni
726 3389 897 3473 opposuit,
930 3409 992 3452 neo
1014 3387 1158 3473 amplius

47 3479 148 3547 eidem
169 3507 202 3548 se
226 3485 340 3550 sistere
364 3483 480 3548 voluit.
519 3483 785 3550 conciliabulum
808 3496 920 3550 sutem
938 3483 1021 3550 illud
1043 3495 1158 3550 eontra

49 3581 258 3659 patriercham
282 3583 420 3648 ulterius
443 3603 651 3667 progressum
676 3593 734 3648 est
781 3585 966 3648 Aoeueutue
989 3583 1061 3666 fuit,
1086 3605 1156 3669 pro·

117 3804 136 3868 ¹)
153 3801 278 3872 ignotius
294 3802 351 3871 jem
371 3801 405 3856 sd
423 3802 529 3872 legstos
549 3802 738 3856 transmiserat
757 3802 884 3870 epistolae
902 3803 1012 3858 Nioolae
1030 3803 1157 3860 Pontifioi

49 3880 195 3948 medendus,
223 3883 322 3950 quibus
340 3882 476 3938 referebat
493 3897 526 3938 ee
550 3897 619 3949 quse
637 3883 799 3938 aeciderunt
838 3885 894 3949 „De
912 3884 1008 3950 quibus
1026 3883 1157 3951 omnibns,

49 3959 132 4026 inquit
153 3961 179 4016 in
198 3963 300 4030 libello,
329 3979 388 4017 oum
406 3963 509 4017 litteris
526 3977 575 4015 ves
594 3961 803 4028 monuissemus,
828 3979 894 4030 quse
911 3963 1068 4033 presbytero
1085 3964 1158 4019 Leu-

50 4039 131 4092 rentio
149 4047 173 4093 et
191 4039 286 4095 duobis
304 4041 462 4112 stephanis,
482 4041 563 4096 elteri
582 4041 709 4096 videlieet
726 4042 899 4108 subdiacono,
918 4043 998 4098 elteri
1016 4043 1158 4110 saeculari,

50 4117 218 4186 epieoopomm
242 4122 396 4190 legatorum
414 4121 523 4176 famulis
541 4119 715 4184 tradidimus,
741 4137 806 4188 quos
825 4129 853 4178 et
867 4123 1022 4192 juramento
1041 4123 1157 4178 obstrin-

50 4197 146 4328 pmus.
166 4205 211 4333 ope
214 4208 322 4257 vestroe
340 4202 482 4258 eonetituti
501 4201 563 4256 illes
582 4201 736 4257 traderent:
762 4203 828 4258 nihii
848 4204 942 4258 horum
967 4203 1070 4258 foetum
1089 4209 1157 4260 eet.“

72 4320 77 4330 .
97 4293 119 4332 c.
138 4292 161 4334 n.
213 4323 219 4337 .
