2922 4832
344 493 534 548 Controversia
553 492 586 547 de
604 493 857 550 reordinationibus.
1111 496 1161 550 125

63 637 130 722 quod
154 635 243 700 babet
278 635 397 700 scaea
428 635 678 718 demonem,
713 637 860 702 nshernt
890 649 987 725 capot
1015 639 1160 704 ordinati

61 736 107 819 qui
133 733 257 818 indiget
285 733 451 798 medicina
480 743 517 798 ut
545 743 687 801 sanetur.
734 736 847 822 Atque
878 737 925 798 sic
956 738 1056 800 etiam
1085 757 1159 822 pro-

59 832 139 904 tonat
159 842 191 896 ot
212 830 353 896 macelot
374 834 659 914 sacramentum.¹)

132 975 183 1039 22.
212 973 557 1040 Animadvertendum
581 984 631 1038 est
652 975 700 1058 5⁰,
725 977 821 1040 sicuti
846 973 986 1040 verbum
1009 975 1162 1041 ordinare

58 1071 229 1160 frequenter
251 1070 341 1158 apud
364 1073 517 1158 antiquos
547 1071 724 1137 adhibetur
754 1095 851 1136 sensu
879 1072 986 1137 latiori
1011 1082 1048 1137 ut
1070 1071 1160 1137 idem

58 1171 91 1234 sit
110 1193 146 1235 ac
180 1171 367 1236 emutitrrere
399 1179 432 1233 et
464 1167 592 1255 eligere,
628 1171 674 1234 ita
709 1171 808 1235 etiam
843 1169 968 1234 ordinis
999 1191 1067 1236 vox
1093 1193 1162 1236 non

57 1293 171 1357 semper
178 1267 337 1354 exprimit
350 1276 592 1333 sacramentum
605 1267 822 1334 ordinationis
835 1267 1058 1334 characterem
1071 1269 1160 1334 inde-

56 1369 171 1434 lebilem
188 1367 391 1451 imprimens,
416 1363 474 1428 sed
490 1365 679 1453 frequenter
695 1367 852 1452 exprimit
867 1368 975 1452 ipsum
990 1375 1111 1431 statum
1129 1379 1162 1432 et

54 1465 179 1550 gradum
202 1466 236 1529 in
251 1461 436 1528 hierarchia
456 1485 531 1528 cum
555 1484 614 1529 suo
636 1465 827 1548 ministerio,
846 1461 1016 1549 dignitate,
1037 1462 1160 1530 honore

54 1575 186 1629 externo.
211 1561 309 1627 Unde
325 1582 428 1648 quum
443 1561 516 1648 quis
540 1583 582 1625 ex
600 1559 655 1627 illo
680 1571 766 1625 statu
781 1572 814 1624 et
826 1559 931 1647 gradu
954 1560 1162 1628 hierarchiae

54 1659 116 1746 plus
131 1659 182 1725 vel
197 1661 309 1724 minus
324 1657 460 1741 excidit,
483 1656 686 1723 adhibentur
700 1679 798 1744 saepe
814 1658 974 1724 formulae
990 1662 1082 1740 istae,
1107 1661 1160 1726 de·

55 1759 196 1842 ordinari,
221 1756 265 1822 ab
289 1756 405 1820 ordine
423 1757 581 1838 amoveri,
605 1778 626 1819 a
649 1755 735 1820 clero
750 1777 888 1840 cessare,
912 1778 933 1821 a
947 1756 1032 1824 clero
1048 1758 1161 1846 abjici,

53 1867 214 1938 extorrem,
230 1855 374 1920 alienum
387 1853 459 1918 lieri
472 1853 514 1919 ab
527 1851 653 1936 ordine,
669 1852 711 1918 ab
724 1853 819 1918 altari
832 1857 1005 1941 removeri,
1029 1856 1160 1922 ecclesi·

52 1957 146 2020 asfica
160 1954 322 2038 dignitate
339 1973 461 2018 carcre.
494 1952 547 2016 De
564 1950 630 2034 illo,
647 1953 704 2039 qui
724 1951 864 2017 decretis
879 1976 904 2017 s.
919 1951 1015 2019 Sedis
1028 1956 1162 2038 resistit,

51 2053 177 2117 dicitnr:
203 2053 272 2116 Neo
294 2048 394 2115 locam
416 2051 564 2136 deinceps
586 2050 671 2114 inter
683 2051 861 2114 rneoedotea
884 2049 1007 2131 babeat,
1031 2053 1087 2116 aad
1109 2075 1160 2116 ecr-

51 2153 137 2215 torrio
159 2174 179 2215 a
201 2157 311 2214 saneto
345 2149 520 2212 ministerio
547 2145 650 2234 sinist)
700 2147 874 2234 Ejusmodi
907 2159 1017 2214 autem
1049 2149 1162 2214 verbis

50 2271 105 2314 oon
130 2247 335 2334 exprimitur,
359 2248 459 2310 edam
484 2245 709 2312 characterem
728 2244 830 2310 deleri
853 2246 1099 2314 sacerdotalem.
1116 2287 1162 2296 —
1216 2329 1222 2342 ·

49 2347 226 2412 Poenarum
248 2353 345 2410 erant
366 2344 489 2429 gradus
513 2343 656 2426 diversi3
692 2353 823 2429 praeter
848 2347 1160 2412 excommunicatio-

48 2467 115 2509 nem
140 2453 171 2510 et
193 2441 464 2528 degradationem
491 2440 677 2524 formalem,
710 2442 918 2509 severissima
950 2452 1020 2507 erat
1042 2465 1160 2530 poena,

48 2563 105 2628 qua
129 2542 240 2607 cleriei
264 2539 307 2604 ad
331 2541 597 2605 communionem
613 2538 734 2604 laicam
747 2538 992 2623 redigebantur.
1031 2541 1071 2606 In
1095 2541 1160 2607 hoc

46 2660 118 2703 casu
141 2635 325 2704 secundum
356 2639 504 2702 strictam
534 2635 745 2722 disciplinam
768 2635 908 2701 clericus
940 2659 1008 2702 non
1030 2649 1158 2724 poterat

45 2737 181 2822 amplius
204 2735 248 2800 ad
272 2736 415 2821 priorem
440 2743 560 2800 statum
584 2755 624 2799 ac
649 2733 844 2819 dignitatem
868 2734 1008 2800 admitti.

127 2863 182 2927 23.
206 2861 374 2925 Postremo
399 2859 437 2923 6⁰
460 2860 649 2946 frequenter
663 2861 763 2923 ctiam
780 2871 1056 2926 commemoratur
1070 2863 1160 2948 apud

44 2961 194 3046 antiquos
217 2960 301 3023 ritus
324 2957 479 3022 solemnis
493 2955 670 3043 peculiaris
693 2955 873 3042 adhibitus,
898 2958 1032 3045 quando
1048 2959 1159 3024 clerici

42 3065 131 3121 extra
155 3055 341 3122 Ecclesiam
375 3053 418 3120 ab
449 3052 624 3120 haereticis
657 3053 710 3119 vel
733 3053 969 3137 schismaticis,
1000 3066 1058 3122 aut
1079 3056 1164 3123 alias

42 3151 152 3219 illicite
184 3163 298 3220 contra
328 3175 473 3218 canones
495 3151 652 3234 ordinati,
685 3154 719 3217 in
752 3151 875 3217 olerum
905 3155 1165 3220 restituebantur

41 3261 71 3314 et
92 3249 364 3316 admittebantur.
410 3249 583 3336 Ejusmodi
606 3252 688 3314 ritus
712 3249 812 3314 fiebat
839 3273 986 3316 monam
1009 3253 1160 3339 impositi-

40 3371 102 3430 one,
119 3349 346 3427 benedictione,
361 3349 492 3412 vestim
508 3359 600 3434 atque
618 3351 894 3413 instrumentorum
916 3350 1166 3416 sacerdotalium.

41 3449 245 3512 restitutione.
300 3445 392 3510 Talis
427 3447 509 3510 ritus
539 3468 607 3511 non
640 3455 711 3510 erat
747 3466 826 3510 vera
862 3447 990 3510 iteratio
1023 3449 1159 3516 ordinis.

39 3543 101 3610 Sed
125 3543 408 3632 quemadmodum
438 3545 473 3608 in
502 3543 756 3630 degradatione,
788 3547 923 3608 externi
952 3547 1160 3610 caeremonia

39 3643 198 3726 insignia,
237 3653 270 3706 et
302 3641 466 3730 quidquid
508 3644 635 3707 externi
676 3641 777 3706 habet
816 3641 896 3706 ordo
932 3639 1159 3728 detrahuntur,

181 3791 185 3800 ι

67 3807 249 3815 --u-——on

108 3879 131 3950 ¹)
149 3879 196 3934 Ad
215 3895 270 3935 rem
288 3879 436 3936 Gratianus
455 3887 516 3948 post
534 3895 589 3935 can.
612 3879 655 3936 97.
675 3880 704 3936 G.
723 3881 749 3936 J.
770 3897 794 3950 q.
810 3881 833 3935 1.
846 3881 871 3952 ὅ.
891 3883 920 3934 7:
941 3881 1042 3948 „Irrita
1060 3888 1088 3937 et
1106 3899 1159 3938 non
1217 3883 1227 3909 '

37 3975 99 4014 rara
117 3959 250 4015 dicuntur
268 3963 467 4030 (meunt,
486 3960 551 4028 quia
563 3960 632 4027 quod
651 3961 816 4028 promittuut
828 3966 857 4014 et
875 3961 996 4016 conferre
1014 3963 1161 4019 creduntur

38 4039 190 4110 (matiam),
215 4055 268 4094 non
287 4040 427 4108 tribuunt,
456 4047 485 4095 et
508 4039 568 4095 ideo
585 4041 752 4106 muenia,
780 4046 812 4096 nt
835 4056 868 4096 ea
885 4043 944 4097 dari
963 4043 1006 4098 vel
1025 4043 1108 4112 recipi
1126 4044 1160 4098 ab

37 4119 182 4175 haereticis
202 4135 254 4175 non
273 4119 442 4189 approbetur,
467 4119 514 4175 sed
532 4120 718 4176 interdicetur.
755 4119 815 4175 Non
841 4121 912 4176 enim
931 4129 1061 4190 qnantum
1079 4123 1113 4179 od
1132 4139 1168 4178 se

37 4199 140 4266 polluta
158 4207 234 4266 sunt,
253 4200 375 4267 quamvis
393 4201 427 4255 ab
446 4201 589 4256 haereticis
607 4199 691 4270 pollui
710 4201 861 4258 dicantur.“

106 4281 129 4352 ²)
149 4279 238 4349 erog.
254 4280 302 4336 IV.
321 4297 380 4336 can.
398 4281 424 4338 ὁ.
443 4281 469 4353 ἕ.
489 4282 513 4336 1.
533 4281 595 4336 dist.
618 4281 658 4336 19.
