2898 4836
381 509 573 563 Acerrsatioucs
592 509 789 578 expenduntur.
1113 511 1148 564 55

120 653 169 718 53.
201 653 375 718 Caeterum
399 653 546 718 Joennes
570 653 613 730 X,
637 655 686 716 uti
710 651 927 732 advertimus,
953 653 1149 737 dignitatem
1158 667 1211 709 1²⁸⁸
1225 664 1320 708 ism

48 750 231 833 pontificiam
250 749 374 816 Romae
397 750 553 832 firmavit,
581 760 614 816 et
637 773 695 835 per
718 750 917 814 decennium
941 773 1016 814 cum
1041 760 1150 816 aucto·

47 849 126 912 ritate
146 847 386 933 rempublicam
410 848 666 914 administravit.
704 847 769 913 Sed
795 869 910 912 versus
933 847 1033 912 linem
1057 849 1150 932 regni

47 946 103 1029 ejm
124 943 337 1012 vehementes
361 947 395 1010 in
414 945 512 1010 Italia
536 945 663 1028 turbae,
689 969 728 1010 ae
744 945 898 1010 Pontifici
924 967 1045 1030 magna
1068 949 1151 1031 peri-

46 1043 106 1106 euls
135 1053 207 1108 orta
238 1053 325 1108 sunt.
372 1042 497 1110 Contra
527 1045 764 1128 Berengarium
795 1043 1032 1130 Imperatorem
1066 1045 1151 1108 varii

45 1140 145 1206 ltsliae
165 1143 346 1228 superioris
368 1143 537 1228 principes
561 1164 676 1206 versus
700 1163 730 1206 a.
755 1142 818 1206 921
843 1139 1062 1223 rebellarunt,
1095 1143 1151 1226 qui

46 1241 128 1304 etiam
147 1251 247 1325 pecta
262 1241 407 1304 inierunt
423 1261 498 1304 curn
515 1239 691 1326 Rudolpho
706 1238 922 1325 Burgundiae
938 1260 1024 1322 rege,
1050 1238 1151 1302 hunc·

45 1358 96 1420 que
117 1338 321 1402 accersivere
344 1347 382 1402 ut
394 1337 511 1402 Italiae
535 1359 646 1422 regem
670 1361 747 1402 eum
762 1339 1009 1416 constituerent.
1043 1335 1153 1420 Aegre

46 1435 253 1519 berengerius
282 1445 396 1500 contre
426 1435 536 1500 hostes
566 1445 798 1524 praepotentes
829 1457 887 1520 per
917 1434 1026 1520 plures
1049 1457 1154 1499 annos

45 1555 103 1598 sese
136 1533 304 1616 defendit,
341 1535 375 1598 in
411 1553 517 1619 eaque
551 1533 640 1598 lucta
672 1533 797 1598 auxilio
830 1555 961 1618 quoque
994 1555 1073 1598 usus
1106 1542 1155 1596 est

47 1629 283 1714 Hungarorum,
315 1633 371 1716 qui
396 1653 434 1696 eo
459 1644 605 1717 tempore
630 1633 834 1696 incursiones
860 1633 893 1695 in
916 1631 1048 1694 Italiam
1072 1631 1154 1694 feee-

46 1737 118 1792 rant.
163 1727 267 1794 Haud
290 1738 418 1794 constat
441 1729 576 1814 quidem
601 1729 838 1812 eBerengsrio
854 1729 1031 1812 Hungaros
1048 1751 1155 1793 aecer·

46 1827 113 1890 sites
135 1826 252 1908 luisse,
281 1827 338 1890 sed
363 1827 525 1913 ejusmodi
552 1827 640 1892 fama
664 1849 777 1913 sparsa
801 1837 864 1909 est,
893 1848 1060 1912 quumque
1086 1825 1156 1890 bar·

47 1923 108 1988 beri
129 1923 177 1990 illi
201 1934 325 2008 strages
349 1925 499 1990 crudeles
522 1925 632 1990 Ticini
656 1925 796 2010 aliisque
821 1927 855 1990 in
880 1924 1072 1990 civitatibus
1087 1947 1157 2008 per·

47 2031 228 2104 patrassent,
253 2045 408 2108 maguam
434 2023 598 2086 invidiam
624 2024 845 2108 Berengarius
870 2024 1018 2088 incurrit.
1059 2023 1157 2088 Auno

46 2120 104 2182 924
131 2121 220 2184 circa
250 2133 380 2205 tempus
403 2120 575 2185 Pasebetis
599 2121 783 2206 Imperator
807 2122 958 2185 Veronae
987 2144 1006 2184 a
1031 2121 1159 2184 sicariis

46 2217 194 2283 insidiose
218 2220 434 2304 interemptus
458 2228 516 2283 est.
532 2254 575 2268 *-
590 2219 727 2284 Interim
744 2221 844 2284 etiam
859 2219 983 2284 Romae
999 2218 1160 2284 factiones

46 2317 149 2380 ranae
172 2318 294 2400 agitari
317 2327 505 2402 coeperunt,
538 2325 712 2403 motusque
736 2317 918 2382 turbulenti
942 2319 1048 2382 exorti
1073 2326 1159 2380 sunt.

46 2413 123 2478 Tum
156 2413 333 2480 Albericus
365 2423 435 2479 tum
468 2415 616 2480 Joanues
648 2415 681 2478 X
714 2416 837 2500 injuste
870 2417 904 2480 in
938 2417 1161 2500 suspicionem

47 2515 146 2576 vocati
171 2521 259 2593 sunt,
284 2513 373 2599 quod
387 2513 566 2597 Hungeros
589 2513 632 2577 ad
656 2534 732 2578 suos
757 2514 791 2578 in
807 2511 939 2578 Italiam
956 2515 1161 2576 incursiones

45 2611 137 2676 etiam
152 2613 226 2695 ipsi,
242 2621 356 2696 utpote
372 2611 571 2696 Berengario
587 2611 724 2692 addicti,
740 2613 951 2676 excitassent.
980 2611 1079 2676 Auno
1096 2611 1162 2675 925

46 2707 199 2774 seditione
222 2707 346 2774 Romae
370 2710 473 2789 fectu,
506 2710 541 2773 in
565 2711 636 2794 ipso
661 2708 783 2794 palatio
807 2709 1025 2774 Letersnensi
1050 2729 1162 2773 coram

44 2807 198 2872 Pontifice
221 2809 349 2871 occisus
373 2815 422 2872 est
445 2808 517 2892 ejus
540 2807 640 2872 frater
656 2807 789 2887 Petrus,
815 2809 873 2892 qui
900 2807 936 2870 in
958 2805 1057 2870 rebus
1082 2805 1163 2891 pub·

46 2902 113 2970 licis
135 2904 320 2989 dirigendis
342 2905 465 2970 Joanui
491 2906 525 2970 X
548 2905 663 2972 sedula
686 2926 748 2989 ope
771 2903 942 2986 adfuerat,
966 2903 1163 2969 Pontificem

45 3005 147 3087 ipsum
181 3013 293 3068 tomen
328 3002 474 3066 seditiosi
509 3003 646 3087 aggredi
681 3024 749 3067 non
780 3003 852 3066 ensi
889 3012 975 3068 sunt.
1030 3000 1096 3067 Sed
1129 3003 1162 3065 in

47 3099 233 3166 ⁴llbericum
267 3101 421 3164 comitem
455 3123 602 3186 qnoque,
637 3103 692 3186 qui
728 3123 770 3164 cx
795 3099 884 3165 Urbe
909 3122 1059 3184 egressus
1083 3109 1163 3180 eret,

47 3211 78 3263 nt
92 3201 215 3266 Hortae
239 3197 364 3264 castelli
389 3199 564 3264 munitioni
588 3199 788 3284 provideret,
813 3197 957 3262 furorem
980 3219 1076 3262 suum
1094 3217 1164 3258 ver·

44 3309 168 3380 terunt3
192 3297 398 3382 Hortatusque
422 3296 560 3381 profecti
581 3295 775 3362 Alberieum
799 3295 906 3360 adorti
931 3304 1008 3359 sunt
1022 3304 1055 3358 et
1068 3295 1165 3358 truci-

47 3395 173 3462 ‘lerunt

129 3495 183 3562 54.
221 3493 345 3576 Quales
377 3493 502 3560 fuerint
534 3493 568 3556 in
601 3490 665 3556 illis
696 3490 975 3556 commotionibus
1006 3489 1166 3552 Merotise

47 3605 160 3676 partes,
184 3591 276 3658 baud
300 3594 434 3658 omnino
458 3591 575 3674 claret3
601 3599 678 3657 suut
700 3592 758 3676 qui
781 3587 969 3676 perhibent,
993 3587 1166 3654 mulierem

50 3691 205 3772 perfidem
236 3691 310 3775 jam
348 3700 426 3758 ente
460 3711 576 3755 necem
610 3687 757 3756 Alberiei
798 3687 908 3752 mariti
949 3685 996 3751 illi
1029 3684 1166 3748 factioni

51 3809 161 3854 suenus
186 3789 327 3870 dedisse,
351 3810 436 3874 quae
461 3789 493 3853 in
518 3786 714 3852 Pontificem
739 3786 883 3850 sirmexit
898 3784 1088 3868 Romaeque
1103 3791 1167 3843 tnr-

51 3886 103 3950 bes
133 3887 304 3952 excitavit.
352 3885 492 3970 Redegit
523 3906 619 3971 porro
652 3885 686 3948 in
719 3905 814 3948 suam
838 3890 1033 3968 potestatem
1057 3899 1167 3942 arcem

51 4009 72 4048 s
94 3986 211 4072 Angeli
244 3988 279 4048 in
305 3983 394 4049 Urbe
425 3986 539 4066 sitam,
572 4005 612 4048 ac
644 3981 829 4048 dominium
860 3977 950 4066 quod
972 3980 1008 4043 in
1032 3977 1168 4044 civitate

53 4082 221 4152 Albcricus
252 4083 493 4169 acquisiverat,
529 4082 631 4149 etiem
662 4088 736 4165 post
768 4078 839 4165 ejus
874 4086 1013 4144 mortem
1037 4075 1169 4142 firmare

53 4183 116 4246 niss
145 4194 205 4248 est.
251 4181 343 4248 Hinc
373 4182 486 4246 statim
515 4189 590 4265 post
611 4177 759 4244 Alberioi
790 4197 907 4242 necem
937 4195 975 4238 eo
1000 4196 1034 4238 se
1057 4173 1168 4254 vertit,

54 4291 87 4341 ut
117 4279 321 4346 connubium
357 4279 456 4342 iniret
490 4299 565 4341 cum
601 4275 757 4342 (luidone
792 4271 984 4338 marchione
1016 4271 1168 4336 Tusciae.
