<?xml version="1.0" encoding="UTF-8"?>
<!DOCTYPE html PUBLIC "-//W3C//DTD XHTML 1.0 Transitional//EN"
    "http://www.w3.org/TR/xhtml1/DTD/xhtml1-transitional.dtd">
<html xmlns="http://www.w3.org/1999/xhtml" xml:lang="en" lang="en">
 <head>
  <title>
</title>
<meta http-equiv="Content-Type" content="text/html;charset=utf-8" />
  <meta name='ocr-system' content='tesseract 3.04.00' />
  <meta name='ocr-capabilities' content='ocr_page ocr_carea ocr_par ocr_line ocrx_word'/>
</head>
<body>
  <div class='ocr_page' id='page_1' title='image "./dissertationess01junggoog_0048.png"; bbox 0 0 3002 4836; ppageno 0'>
   <div class='ocr_carea' id='block_1_1' title="bbox 429 492 1190 564">
    <p class='ocr_par' dir='ltr' id='par_1_1' title="bbox 429 492 1190 564">
     <span class='ocr_line' id='line_1_1' title="bbox 429 492 1190 564; baseline -0.004 -16"><span class='ocrx_word' id='word_1_1' title='bbox 429 493 555 564; x_wconf 78' lang='lat' dir='ltr'>Gregorii</span> <span class='ocrx_word' id='word_1_2' title='bbox 573 492 625 548; x_wconf 90' lang='lat'>111.</span> <span class='ocrx_word' id='word_1_3' title='bbox 644 494 676 548; x_wconf 84' lang='lat' dir='ltr'><strong>R.</strong></span> <span class='ocrx_word' id='word_1_4' title='bbox 696 493 727 548; x_wconf 90' lang='lat' dir='ltr'><strong>P.</strong></span> <span class='ocrx_word' id='word_1_5' title='bbox 746 499 826 562; x_wconf 84' lang='lat' dir='ltr'><strong>gesta</strong></span> <span class='ocrx_word' id='word_1_6' title='bbox 1156 495 1190 546; x_wconf 83' lang='grc'><strong>37</strong></span> 
     </span>
    </p>
   </div>
   <div class='ocr_carea' id='block_1_2' title="bbox 74 635 1199 3636">
    <p class='ocr_par' dir='ltr' id='par_1_2' title="bbox 74 635 1199 3636">
     <span class='ocr_line' id='line_1_2' title="bbox 81 635 1190 724; baseline -0.005 -20"><span class='ocrx_word' id='word_1_7' title='bbox 81 643 170 704; x_wconf 86' lang='lat' dir='ltr'><strong>ctiam</strong></span> <span class='ocrx_word' id='word_1_8' title='bbox 185 640 357 704; x_wconf 89' lang='lat' dir='ltr'><strong>unanimes</strong></span> <span class='ocrx_word' id='word_1_9' title='bbox 372 636 650 724; x_wconf 77' lang='lat' dir='ltr'><strong>supplicationum</strong></span> <span class='ocrx_word' id='word_1_10' title='bbox 666 635 794 702; x_wconf 88' lang='lat' dir='ltr'><strong>libellos</strong></span> <span class='ocrx_word' id='word_1_11' title='bbox 814 659 873 722; x_wconf 91' lang='lat' dir='ltr'><strong>pro</strong></span> <span class='ocrx_word' id='word_1_12' title='bbox 887 637 1099 702; x_wconf 77' lang='lat' dir='ltr'><strong>restituendis</strong></span> <span class='ocrx_word' id='word_1_13' title='bbox 1112 637 1190 700; x_wconf 88' lang='lat' dir='ltr'><strong>ima·</strong></span> 
     </span>
     <span class='ocr_line' id='line_1_3' title="bbox 79 733 1191 822; baseline -0.004 -20"><span class='ocrx_word' id='word_1_14' title='bbox 79 738 203 822; x_wconf 82' lang='lat' dir='ltr'><strong>gisibus</strong></span> <span class='ocrx_word' id='word_1_15' title='bbox 233 736 278 800; x_wconf 89' lang='lat' dir='ltr'><strong>ad</strong></span> <span class='ocrx_word' id='word_1_16' title='bbox 302 736 541 821; x_wconf 79' lang='lat' dir='ltr'>Imperatorem</span> <span class='ocrx_word' id='word_1_17' title='bbox 574 733 776 800; x_wconf 85' lang='lat' dir='ltr'><strong>direxerunt.</strong></span> <span class='ocrx_word' id='word_1_18' title='bbox 823 735 889 800; x_wconf 86' lang='lat' dir='ltr'><strong>Sed</strong></span> <span class='ocrx_word' id='word_1_19' title='bbox 920 745 991 800; x_wconf 87' lang='lat' dir='ltr'><strong>turn</strong></span> <span class='ocrx_word' id='word_1_20' title='bbox 1020 733 1191 802; x_wconf 86' lang='lat' dir='ltr'><strong>Pontifieis</strong></span> 
     </span>
     <span class='ocr_line' id='line_1_4' title="bbox 79 831 1191 920; baseline -0.004 -20"><span class='ocrx_word' id='word_1_21' title='bbox 79 852 141 900; x_wconf 86' lang='lat' dir='ltr'><strong>tum</strong></span> <span class='ocrx_word' id='word_1_22' title='bbox 164 835 326 900; x_wconf 87' lang='lat' dir='ltr'><strong>Italorum</strong></span> <span class='ocrx_word' id='word_1_23' title='bbox 350 833 449 918; x_wconf 89' lang='lat' dir='ltr'><strong>legati</strong></span> <span class='ocrx_word' id='word_1_24' title='bbox 478 835 512 898; x_wconf 90' lang='lat' dir='ltr'><strong>iu</strong></span> <span class='ocrx_word' id='word_1_25' title='bbox 537 831 651 896; x_wconf 83' lang='lat' dir='ltr'><strong>Sicilia</strong></span> <span class='ocrx_word' id='word_1_26' title='bbox 683 834 820 914; x_wconf 86' lang='lat' dir='ltr'><strong>retenti,</strong></span> <span class='ocrx_word' id='word_1_27' title='bbox 855 855 916 898; x_wconf 88' lang='lat' dir='ltr'><strong>uec</strong></span> <span class='ocrx_word' id='word_1_28' title='bbox 948 833 991 898; x_wconf 90' lang='lat' dir='ltr'><strong>ad</strong></span> <span class='ocrx_word' id='word_1_29' title='bbox 1014 833 1191 920; x_wconf 86' lang='lat' dir='ltr'><strong>Imperato-</strong></span> 
     </span>
     <span class='ocr_line' id='line_1_5' title="bbox 79 931 1191 1017; baseline -0.004 -19"><span class='ocrx_word' id='word_1_30' title='bbox 79 956 139 998; x_wconf 77' lang='lat' dir='ltr'><strong>rem</strong></span> <span class='ocrx_word' id='word_1_31' title='bbox 161 932 299 998; x_wconf 79' lang='lat' dir='ltr'><strong>admissi</strong></span> <span class='ocrx_word' id='word_1_32' title='bbox 325 943 411 996; x_wconf 90' lang='lat' dir='ltr'><strong>suut.</strong></span> <span class='ocrx_word' id='word_1_33' title='bbox 460 931 572 1011; x_wconf 77' lang='lat' dir='ltr'><strong>Quum</strong></span> <span class='ocrx_word' id='word_1_34' title='bbox 597 952 674 994; x_wconf 90' lang='lat' dir='ltr'><strong>vero</strong></span> <span class='ocrx_word' id='word_1_35' title='bbox 689 931 757 994; x_wconf 89' lang='lat' dir='ltr'><strong>Leo</strong></span> <span class='ocrx_word' id='word_1_36' title='bbox 782 931 915 996; x_wconf 88' lang='lat' dir='ltr'><strong>Isaurus</strong></span> <span class='ocrx_word' id='word_1_37' title='bbox 939 932 972 994; x_wconf 89' lang='lat' dir='ltr'><strong>in</strong></span> <span class='ocrx_word' id='word_1_38' title='bbox 997 952 1191 1017; x_wconf 86' lang='lat' dir='ltr'><strong>persequen-</strong></span> 
     </span>
     <span class='ocr_line' id='line_1_6' title="bbox 78 1027 1192 1116; baseline -0.003 -22"><span class='ocrx_word' id='word_1_39' title='bbox 78 1031 123 1096; x_wconf 88' lang='lat' dir='ltr'><strong>dis</strong></span> <span class='ocrx_word' id='word_1_40' title='bbox 145 1029 350 1116; x_wconf 70' lang='lat' dir='ltr'><strong>imaginibus</strong></span> <span class='ocrx_word' id='word_1_41' title='bbox 373 1049 552 1114; x_wconf 87' lang='lat' dir='ltr'><strong>eorumque</strong></span> <span class='ocrx_word' id='word_1_42' title='bbox 576 1027 803 1106; x_wconf 86' lang='lat' dir='ltr'><strong>defensoribus</strong></span> <span class='ocrx_word' id='word_1_43' title='bbox 827 1038 999 1114; x_wconf 81' lang='lat' dir='ltr'><strong>perstaret,</strong></span> <span class='ocrx_word' id='word_1_44' title='bbox 1013 1027 1192 1112; x_wconf 84' lang='lat' dir='ltr'><strong>Gregorius</strong></span> 
     </span>
     <span class='ocr_line' id='line_1_7' title="bbox 79 1125 1193 1212; baseline -0.004 -20"><span class='ocrx_word' id='word_1_45' title='bbox 79 1129 122 1192; x_wconf 94' lang='lat' dir='ltr'><strong>lll</strong></span> <span class='ocrx_word' id='word_1_46' title='bbox 143 1153 172 1194; x_wconf 81' lang='lat' dir='ltr'><strong>a</strong></span> <span class='ocrx_word' id='word_1_47' title='bbox 199 1129 266 1193; x_wconf 79' lang='lat'><strong>732</strong></span> <span class='ocrx_word' id='word_1_48' title='bbox 289 1127 414 1194; x_wconf 87' lang='lat' dir='ltr'><strong>Romae</strong></span> <span class='ocrx_word' id='word_1_49' title='bbox 439 1127 618 1210; x_wconf 72' lang='lat' dir='ltr'><strong>nonaginta</strong></span> <span class='ocrx_word' id='word_1_50' title='bbox 652 1127 752 1190; x_wconf 90' lang='lat' dir='ltr'><strong>trium</strong></span> <span class='ocrx_word' id='word_1_51' title='bbox 776 1127 1005 1212; x_wconf 88' lang='lat' dir='ltr'><strong>cpiscoporum</strong></span> <span class='ocrx_word' id='word_1_52' title='bbox 1028 1125 1193 1210; x_wconf 85' lang='lat' dir='ltr'><strong>synodum</strong></span> 
     </span>
     <span class='ocr_line' id='line_1_8' title="bbox 78 1221 1194 1312; baseline -0.004 -22"><span class='ocrx_word' id='word_1_53' title='bbox 78 1225 200 1308; x_wconf 87' lang='lat' dir='ltr'><strong>babuit,</strong></span> <span class='ocrx_word' id='word_1_54' title='bbox 222 1224 454 1312; x_wconf 87' lang='lat' dir='ltr'><strong>praesentibus</strong></span> <span class='ocrx_word' id='word_1_55' title='bbox 470 1225 567 1288; x_wconf 90' lang='lat' dir='ltr'><strong>etiam</strong></span> <span class='ocrx_word' id='word_1_56' title='bbox 584 1223 709 1310; x_wconf 90' lang='lat' dir='ltr'><strong>reliquo</strong></span> <span class='ocrx_word' id='word_1_57' title='bbox 734 1223 819 1288; x_wconf 88' lang='lat' dir='ltr'><strong>clero</strong></span> <span class='ocrx_word' id='word_1_58' title='bbox 832 1233 866 1288; x_wconf 91' lang='lat' dir='ltr'><strong>et</strong></span> <span class='ocrx_word' id='word_1_59' title='bbox 879 1223 1077 1310; x_wconf 90' lang='lat' dir='ltr'><strong>primoribus</strong></span> <span class='ocrx_word' id='word_1_60' title='bbox 1093 1221 1194 1288; x_wconf 86' lang='lat' dir='ltr'><strong>Urbis</strong></span> 
     </span>
     <span class='ocr_line' id='line_1_9' title="bbox 76 1320 1194 1410; baseline -0.004 -22"><span class='ocrx_word' id='word_1_61' title='bbox 76 1323 271 1410; x_wconf 81' lang='lat' dir='ltr'><strong>aopopu103</strong></span> <span class='ocrx_word' id='word_1_62' title='bbox 296 1332 395 1410; x_wconf 86' lang='lat' dir='ltr'><strong>atque</strong></span> <span class='ocrx_word' id='word_1_63' title='bbox 418 1321 461 1388; x_wconf 91' lang='lat' dir='ltr'><strong>ad</strong></span> <span class='ocrx_word' id='word_1_64' title='bbox 485 1321 728 1386; x_wconf 88' lang='lat' dir='ltr'><strong>confirmandas</strong></span> <span class='ocrx_word' id='word_1_65' title='bbox 760 1324 914 1408; x_wconf 86' lang='lat' dir='ltr'><strong>antiquas</strong></span> <span class='ocrx_word' id='word_1_66' title='bbox 936 1321 1071 1388; x_wconf 84' lang='lat' dir='ltr'><strong>Petrum</strong></span> <span class='ocrx_word' id='word_1_67' title='bbox 1096 1320 1194 1384; x_wconf 91' lang='lat' dir='ltr'><strong>tradi-</strong></span> 
     </span>
     <span class='ocr_line' id='line_1_10' title="bbox 76 1419 1194 1505; baseline -0.006 -19"><span class='ocrx_word' id='word_1_68' title='bbox 76 1425 173 1488; x_wconf 86' lang='lat' dir='ltr'><strong>tiones</strong></span> <span class='ocrx_word' id='word_1_69' title='bbox 208 1421 252 1486; x_wconf 91' lang='lat' dir='ltr'><strong>de</strong></span> <span class='ocrx_word' id='word_1_70' title='bbox 284 1420 375 1486; x_wconf 88' lang='lat' dir='ltr'><strong>cultu</strong></span> <span class='ocrx_word' id='word_1_71' title='bbox 407 1441 575 1486; x_wconf 85' lang='lat' dir='ltr'><strong>sacrarum</strong></span> <span class='ocrx_word' id='word_1_72' title='bbox 609 1421 792 1505; x_wconf 84' lang='lat' dir='ltr'><strong>imaginum</strong></span> <span class='ocrx_word' id='word_1_73' title='bbox 825 1419 992 1486; x_wconf 91' lang='lat' dir='ltr'><strong>decretum</strong></span> <span class='ocrx_word' id='word_1_74' title='bbox 1025 1419 1194 1483; x_wconf 89' lang='lat' dir='ltr'><strong>coustituit</strong></span> 
     </span>
     <span class='ocr_line' id='line_1_11' title="bbox 77 1516 1195 1606; baseline -0.005 -20"><span class='ocrx_word' id='word_1_75' title='bbox 77 1517 343 1606; x_wconf 81' lang='lat' dir='ltr'><strong>(Constitutum),</strong></span> <span class='ocrx_word' id='word_1_76' title='bbox 367 1540 432 1604; x_wconf 92' lang='lat' dir='ltr'><strong>quo</strong></span> <span class='ocrx_word' id='word_1_77' title='bbox 457 1517 528 1581; x_wconf 90' lang='lat' dir='ltr'><strong>diro</strong></span> <span class='ocrx_word' id='word_1_78' title='bbox 543 1516 752 1582; x_wconf 85' lang='lat' dir='ltr'><strong>anathemate</strong></span> <span class='ocrx_word' id='word_1_79' title='bbox 766 1517 855 1584; x_wconf 85' lang='lat' dir='ltr'><strong>feriit</strong></span> <span class='ocrx_word' id='word_1_80' title='bbox 870 1538 983 1582; x_wconf 89' lang='lat' dir='ltr'><strong>omnes</strong></span> <span class='ocrx_word' id='word_1_81' title='bbox 1005 1519 1061 1604; x_wconf 93' lang='lat' dir='ltr'><strong>qui</strong></span> <span class='ocrx_word' id='word_1_82' title='bbox 1086 1516 1195 1580; x_wconf 90' lang='lat' dir='ltr'><strong>eidem</strong></span> 
     </span>
     <span class='ocr_line' id='line_1_12' title="bbox 75 1614 1194 1701; baseline -0.004 -19"><span class='ocrx_word' id='word_1_83' title='bbox 75 1617 338 1684; x_wconf 75' lang='lat' dir='ltr'><strong>adversarentur.</strong></span> <span class='ocrx_word' id='word_1_84' title='bbox 396 1615 533 1701; x_wconf 79' lang='lat' dir='ltr'><strong>,blojori</strong></span> <span class='ocrx_word' id='word_1_85' title='bbox 566 1615 643 1680; x_wconf 91' lang='lat' dir='ltr'><strong>lidei</strong></span> <span class='ocrx_word' id='word_1_86' title='bbox 683 1615 799 1680; x_wconf 89' lang='lat' dir='ltr'><strong>ardore</strong></span> <span class='ocrx_word' id='word_1_87' title='bbox 831 1627 998 1701; x_wconf 88' lang='lat' dir='ltr'><strong>permotus</strong></span> <span class='ocrx_word' id='word_1_88' title='bbox 1029 1614 1194 1694; x_wconf 83' lang='lat' dir='ltr'><strong>Pontifex,</strong></span> 
     </span>
     <span class='ocr_line' id='line_1_13' title="bbox 76 1711 1195 1799; baseline -0.004 -19"><span class='ocrx_word' id='word_1_89' title='bbox 76 1719 115 1780; x_wconf 90' lang='lat' dir='ltr'><strong>ita</strong></span> <span class='ocrx_word' id='word_1_90' title='bbox 148 1718 185 1780; x_wconf 89' lang='lat' dir='ltr'><strong>in</strong></span> <span class='ocrx_word' id='word_1_91' title='bbox 211 1715 294 1778; x_wconf 87' lang='lat' dir='ltr'><strong>Vita</strong></span> <span class='ocrx_word' id='word_1_92' title='bbox 317 1711 470 1798; x_wconf 84' lang='lat' dir='ltr'><strong>Gregorii</strong></span> <span class='ocrx_word' id='word_1_93' title='bbox 501 1712 553 1777; x_wconf 87' lang='grc' dir='ltr'><strong>ΠΙ</strong></span> <span class='ocrx_word' id='word_1_94' title='bbox 581 1712 672 1799; x_wconf 90' lang='lat' dir='ltr'><strong>apud</strong></span> <span class='ocrx_word' id='word_1_95' title='bbox 694 1713 924 1793; x_wconf 88' lang='lat' dir='ltr'><strong>Anastasium,</strong></span> <span class='ocrx_word' id='word_1_96' title='bbox 950 1712 1107 1796; x_wconf 86' lang='lat' dir='ltr'><strong>synodale</strong></span> <span class='ocrx_word' id='word_1_97' title='bbox 1131 1713 1195 1776; x_wconf 88' lang='lat' dir='ltr'><strong>De-</strong></span> 
     </span>
     <span class='ocr_line' id='line_1_14' title="bbox 75 1808 1195 1878; baseline -0.004 0"><span class='ocrx_word' id='word_1_98' title='bbox 75 1825 199 1878; x_wconf 87' lang='lat' dir='ltr'><strong>cretum</strong></span> <span class='ocrx_word' id='word_1_99' title='bbox 225 1833 303 1876; x_wconf 89' lang='lat' dir='ltr'><strong>cum</strong></span> <span class='ocrx_word' id='word_1_100' title='bbox 328 1809 522 1876; x_wconf 89' lang='lat' dir='ltr'><strong>sacerdotali</strong></span> <span class='ocrx_word' id='word_1_101' title='bbox 555 1819 723 1876; x_wconf 86' lang='lat' dir='ltr'><strong>conventu</strong></span> <span class='ocrx_word' id='word_1_102' title='bbox 747 1833 857 1876; x_wconf 89' lang='lat' dir='ltr'><strong>coram</strong></span> <span class='ocrx_word' id='word_1_103' title='bbox 881 1819 1088 1875; x_wconf 87' lang='lat' dir='ltr'><strong>sacrosancta</strong></span> <span class='ocrx_word' id='word_1_104' title='bbox 1113 1808 1195 1874; x_wconf 82' lang='lat' dir='ltr'><strong>Con-</strong></span> 
     </span>
     <span class='ocr_line' id='line_1_15' title="bbox 75 1906 1195 1994; baseline -0.002 -20"><span class='ocrx_word' id='word_1_105' title='bbox 75 1911 212 1976; x_wconf 77' lang='lat' dir='ltr'><strong>sessione</strong></span> <span class='ocrx_word' id='word_1_106' title='bbox 246 1909 444 1974; x_wconf 71' lang='lat' dir='ltr'><strong>mucfissimi</strong></span> <span class='ocrx_word' id='word_1_107' title='bbox 470 1909 615 1994; x_wconf 85' lang='lat' dir='ltr'><strong>corporis</strong></span> <span class='ocrx_word' id='word_1_108' title='bbox 647 1906 735 1972; x_wconf 87' lang='lat' dir='ltr'><strong>boati</strong></span> <span class='ocrx_word' id='word_1_109' title='bbox 758 1908 848 1974; x_wconf 91' lang='lat' dir='ltr'><strong>Petri</strong></span> <span class='ocrx_word' id='word_1_110' title='bbox 872 1907 1020 1993; x_wconf 90' lang='lat' dir='ltr'><strong>apostoli,</strong></span> <span class='ocrx_word' id='word_1_111' title='bbox 1052 1907 1195 1974; x_wconf 84' lang='lat' dir='ltr'><strong>residen-</strong></span> 
     </span>
     <span class='ocr_line' id='line_1_16' title="bbox 76 2004 1197 2092; baseline -0.002 -20"><span class='ocrx_word' id='word_1_112' title='bbox 76 2007 157 2072; x_wconf 83' lang='lat' dir='ltr'><strong>tibus</strong></span> <span class='ocrx_word' id='word_1_113' title='bbox 181 2029 261 2072; x_wconf 90' lang='lat' dir='ltr'><strong>cum</strong></span> <span class='ocrx_word' id='word_1_114' title='bbox 287 2005 403 2072; x_wconf 87' lang='lat' dir='ltr'><strong>eodem</strong></span> <span class='ocrx_word' id='word_1_115' title='bbox 418 2027 545 2070; x_wconf 91' lang='lat' dir='ltr'><strong>summo</strong></span> <span class='ocrx_word' id='word_1_116' title='bbox 566 2013 599 2069; x_wconf 91' lang='lat' dir='ltr'><strong>et</strong></span> <span class='ocrx_word' id='word_1_117' title='bbox 613 2004 795 2070; x_wconf 85' lang='lat' dir='ltr'><strong>venerabili</strong></span> <span class='ocrx_word' id='word_1_118' title='bbox 809 2007 902 2092; x_wconf 89' lang='lat' dir='ltr'><strong>Papa</strong></span> <span class='ocrx_word' id='word_1_119' title='bbox 925 2017 957 2070; x_wconf 88' lang='lat' dir='ltr'><strong>et</strong></span> <span class='ocrx_word' id='word_1_120' title='bbox 980 2005 1197 2092; x_wconf 85' lang='lat' dir='ltr'><strong>archiopisco-</strong></span> 
     </span>
     <span class='ocr_line' id='line_1_17' title="bbox 75 2101 1198 2191; baseline -0.004 -21"><span class='ocrx_word' id='word_1_121' title='bbox 75 2107 134 2190; x_wconf 86' lang='lat' dir='ltr'><strong>pis,</strong></span> <span class='ocrx_word' id='word_1_122' title='bbox 159 2105 197 2170; x_wconf 91' lang='lat' dir='ltr'><strong>id</strong></span> <span class='ocrx_word' id='word_1_123' title='bbox 222 2113 273 2168; x_wconf 89' lang='lat' dir='ltr'><strong>est</strong></span> <span class='ocrx_word' id='word_1_124' title='bbox 295 2104 442 2168; x_wconf 89' lang='lat' dir='ltr'><strong>Antonio</strong></span> <span class='ocrx_word' id='word_1_125' title='bbox 466 2102 630 2169; x_wconf 81' lang='lat' dir='ltr'><strong>Gradeusi</strong></span> <span class='ocrx_word' id='word_1_126' title='bbox 653 2101 912 2191; x_wconf 86' lang='lat' dir='ltr'><strong>archiepiscopo,</strong></span> <span class='ocrx_word' id='word_1_127' title='bbox 936 2105 1067 2170; x_wconf 87' lang='lat' dir='ltr'><strong>Joanne</strong></span> <span class='ocrx_word' id='word_1_128' title='bbox 1091 2103 1198 2168; x_wconf 89' lang='lat' dir='ltr'><strong>archi-</strong></span> 
     </span>
     <span class='ocr_line' id='line_1_18' title="bbox 74 2201 1196 2289; baseline -0.002 -23"><span class='ocrx_word' id='word_1_129' title='bbox 74 2207 229 2289; x_wconf 87' lang='lat' dir='ltr'><strong>episcopo</strong></span> <span class='ocrx_word' id='word_1_130' title='bbox 252 2202 466 2283; x_wconf 72' lang='lat' dir='ltr'><strong>Rauennate,</strong></span> <span class='ocrx_word' id='word_1_131' title='bbox 499 2223 575 2266; x_wconf 91' lang='lat' dir='ltr'><strong>oum</strong></span> <span class='ocrx_word' id='word_1_132' title='bbox 600 2203 738 2266; x_wconf 86' lang='lat' dir='ltr'><strong>caeteris</strong></span> <span class='ocrx_word' id='word_1_133' title='bbox 768 2203 931 2288; x_wconf 89' lang='lat' dir='ltr'><strong>episcopis</strong></span> <span class='ocrx_word' id='word_1_134' title='bbox 954 2203 1048 2265; x_wconf 89' lang='lat' dir='ltr'><strong>istius</strong></span> <span class='ocrx_word' id='word_1_135' title='bbox 1073 2201 1196 2288; x_wconf 88' lang='lat' dir='ltr'><strong>Hespe·</strong></span> 
     </span>
     <span class='ocr_line' id='line_1_19' title="bbox 77 2298 1199 2388; baseline -0.004 -22"><span class='ocrx_word' id='word_1_136' title='bbox 77 2305 139 2366; x_wconf 87' lang='lat' dir='ltr'><strong>riae</strong></span> <span class='ocrx_word' id='word_1_137' title='bbox 163 2302 286 2388; x_wconf 88' lang='lat' dir='ltr'><strong>partis,</strong></span> <span class='ocrx_word' id='word_1_138' title='bbox 311 2320 448 2363; x_wconf 89' lang='lat' dir='ltr'><strong>numero</strong></span> <span class='ocrx_word' id='word_1_139' title='bbox 465 2299 646 2384; x_wconf 83' lang='lat' dir='ltr'><strong>nonaginta</strong></span> <span class='ocrx_word' id='word_1_140' title='bbox 657 2298 777 2381; x_wconf 88' lang='lat' dir='ltr'><strong>tribus,</strong></span> <span class='ocrx_word' id='word_1_141' title='bbox 803 2320 860 2363; x_wconf 87' lang='lat' dir='ltr'><strong>seu</strong></span> <span class='ocrx_word' id='word_1_142' title='bbox 884 2298 1084 2384; x_wconf 88' lang='lat' dir='ltr'><strong>presbyteris</strong></span> <span class='ocrx_word' id='word_1_143' title='bbox 1108 2321 1199 2362; x_wconf 88' lang='lat' dir='ltr'><strong>sauc-</strong></span> 
     </span>
     <span class='ocr_line' id='line_1_20' title="bbox 76 2395 1197 2484; baseline -0.004 -20"><span class='ocrx_word' id='word_1_144' title='bbox 76 2411 124 2464; x_wconf 89' lang='lat' dir='ltr'><strong>tae</strong></span> <span class='ocrx_word' id='word_1_145' title='bbox 154 2399 258 2484; x_wconf 87' lang='lat' dir='ltr'><strong>hujus</strong></span> <span class='ocrx_word' id='word_1_146' title='bbox 291 2396 489 2482; x_wconf 91' lang='lat' dir='ltr'><strong>apostolicae</strong></span> <span class='ocrx_word' id='word_1_147' title='bbox 514 2395 624 2478; x_wconf 89' lang='lat' dir='ltr'><strong>Sedis,</strong></span> <span class='ocrx_word' id='word_1_148' title='bbox 654 2397 862 2462; x_wconf 83' lang='lat' dir='ltr'><strong>adstantibus</strong></span> <span class='ocrx_word' id='word_1_149' title='bbox 895 2397 1089 2462; x_wconf 83' lang='lat' dir='ltr'><strong>diaconibus</strong></span> <span class='ocrx_word' id='word_1_150' title='bbox 1121 2419 1197 2462; x_wconf 85' lang='lat' dir='ltr'><strong>oum</strong></span> 
     </span>
     <span class='ocr_line' id='line_1_21' title="bbox 77 2493 1198 2582; baseline -0.001 -22"><span class='ocrx_word' id='word_1_151' title='bbox 77 2506 197 2562; x_wconf 86' lang='lat' dir='ltr'><strong>cuncto</strong></span> <span class='ocrx_word' id='word_1_152' title='bbox 224 2494 331 2578; x_wconf 89' lang='lat' dir='ltr'><strong>clero,</strong></span> <span class='ocrx_word' id='word_1_153' title='bbox 355 2493 524 2560; x_wconf 90' lang='lat' dir='ltr'><strong>nobilibus</strong></span> <span class='ocrx_word' id='word_1_154' title='bbox 556 2497 656 2559; x_wconf 89' lang='lat' dir='ltr'><strong>etiam</strong></span> <span class='ocrx_word' id='word_1_155' title='bbox 677 2495 882 2577; x_wconf 89' lang='lat' dir='ltr'><strong>consulibus,</strong></span> <span class='ocrx_word' id='word_1_156' title='bbox 907 2504 939 2558; x_wconf 89' lang='lat' dir='ltr'><strong>et</strong></span> <span class='ocrx_word' id='word_1_157' title='bbox 961 2495 1096 2582; x_wconf 80' lang='lat' dir='ltr'><strong>reliquis</strong></span> <span class='ocrx_word' id='word_1_158' title='bbox 1116 2494 1198 2559; x_wconf 86' lang='lat' dir='ltr'><strong>chri-</strong></span> 
     </span>
     <span class='ocr_line' id='line_1_22' title="bbox 77 2592 1198 2680; baseline -0.001 -22"><span class='ocrx_word' id='word_1_159' title='bbox 77 2597 190 2660; x_wconf 88' lang='lat' dir='ltr'><strong>stianis</strong></span> <span class='ocrx_word' id='word_1_160' title='bbox 225 2592 379 2679; x_wconf 89' lang='lat' dir='ltr'><strong>plebibus</strong></span> <span class='ocrx_word' id='word_1_161' title='bbox 410 2592 618 2658; x_wconf 87' lang='lat' dir='ltr'><strong>adstantibus</strong></span> <span class='ocrx_word' id='word_1_162' title='bbox 641 2593 804 2674; x_wconf 90' lang='lat' dir='ltr'><strong>decrevit,</strong></span> <span class='ocrx_word' id='word_1_163' title='bbox 829 2604 865 2658; x_wconf 93' lang='lat' dir='ltr'><strong>ut</strong></span> <span class='ocrx_word' id='word_1_164' title='bbox 892 2595 920 2657; x_wconf 93' lang='lat' dir='ltr'><strong>si</strong></span> <span class='ocrx_word' id='word_1_165' title='bbox 944 2595 1017 2680; x_wconf 91' lang='lat' dir='ltr'><strong>quis</strong></span> <span class='ocrx_word' id='word_1_166' title='bbox 1041 2594 1198 2678; x_wconf 89' lang='lat' dir='ltr'><strong>deinceps</strong></span> 
     </span>
     <span class='ocr_line' id='line_1_23' title="bbox 78 2689 1197 2778; baseline 0 -24"><span class='ocrx_word' id='word_1_167' title='bbox 78 2693 234 2778; x_wconf 87' lang='lat' dir='ltr'><strong>antiquae</strong></span> <span class='ocrx_word' id='word_1_168' title='bbox 258 2689 507 2755; x_wconf 86' lang='lat' dir='ltr'><strong>consuetudinis</strong></span> <span class='ocrx_word' id='word_1_169' title='bbox 523 2700 556 2754; x_wconf 89' lang='lat' dir='ltr'><strong>et</strong></span> <span class='ocrx_word' id='word_1_170' title='bbox 570 2689 769 2777; x_wconf 88' lang='lat' dir='ltr'><strong>apostolieae</strong></span> <span class='ocrx_word' id='word_1_171' title='bbox 784 2691 878 2758; x_wconf 86' lang='lat' dir='ltr'><strong>Sedis</strong></span> <span class='ocrx_word' id='word_1_172' title='bbox 893 2701 1041 2756; x_wconf 89' lang='lat' dir='ltr'><strong>tenentes</strong></span> <span class='ocrx_word' id='word_1_173' title='bbox 1065 2690 1197 2756; x_wconf 89' lang='lat' dir='ltr'><strong>fidelem</strong></span> 
     </span>
     <span class='ocr_line' id='line_1_24' title="bbox 79 2787 1197 2870; baseline -0.001 -18"><span class='ocrx_word' id='word_1_174' title='bbox 79 2809 171 2852; x_wconf 85' lang='lat' dir='ltr'><strong>usum</strong></span> <span class='ocrx_word' id='word_1_175' title='bbox 196 2797 427 2870; x_wconf 86' lang='lat' dir='ltr'><strong>contemnens,</strong></span> <span class='ocrx_word' id='word_1_176' title='bbox 460 2787 619 2853; x_wconf 88' lang='lat' dir='ltr'><strong>adversus</strong></span> <span class='ocrx_word' id='word_1_177' title='bbox 646 2787 797 2853; x_wconf 90' lang='lat' dir='ltr'><strong>eamdem</strong></span> <span class='ocrx_word' id='word_1_178' title='bbox 821 2790 1068 2854; x_wconf 86' lang='lat' dir='ltr'><strong>venerationem</strong></span> <span class='ocrx_word' id='word_1_179' title='bbox 1092 2811 1197 2852; x_wconf 88' lang='lat' dir='ltr'><strong>sacra-</strong></span> 
     </span>
     <span class='ocr_line' id='line_1_25' title="bbox 79 2884 1197 2970; baseline 0 -20"><span class='ocrx_word' id='word_1_180' title='bbox 79 2909 146 2950; x_wconf 90' lang='lat' dir='ltr'><strong>rum</strong></span> <span class='ocrx_word' id='word_1_181' title='bbox 172 2887 371 2970; x_wconf 88' lang='lat' dir='ltr'><strong>imaginum,</strong></span> <span class='ocrx_word' id='word_1_182' title='bbox 395 2884 551 2950; x_wconf 86' lang='lat' dir='ltr'><strong>videlicet</strong></span> <span class='ocrx_word' id='word_1_183' title='bbox 563 2885 627 2950; x_wconf 88' lang='lat' dir='ltr'><strong>Dei</strong></span> <span class='ocrx_word' id='word_1_184' title='bbox 643 2895 675 2950; x_wconf 92' lang='lat' dir='ltr'><strong>et</strong></span> <span class='ocrx_word' id='word_1_185' title='bbox 690 2885 825 2952; x_wconf 90' lang='lat' dir='ltr'><strong>Domini</strong></span> <span class='ocrx_word' id='word_1_186' title='bbox 841 2887 950 2952; x_wconf 87' lang='lat' dir='ltr'><strong>Nostri</strong></span> <span class='ocrx_word' id='word_1_187' title='bbox 965 2888 987 2952; x_wconf 88' lang='lat' dir='ltr'>J</span> <span class='ocrx_word' id='word_1_188' title='bbox 989 2910 1047 2952; x_wconf 91' lang='lat' dir='ltr'><strong>esu</strong></span> <span class='ocrx_word' id='word_1_189' title='bbox 1063 2885 1197 2968; x_wconf 82' lang='lat' dir='ltr'><strong>Christi,</strong></span> 
     </span>
     <span class='ocr_line' id='line_1_26' title="bbox 79 2983 1193 3070; baseline 0.002 -24"><span class='ocrx_word' id='word_1_190' title='bbox 79 2998 108 3046; x_wconf 86' lang='lat' dir='ltr'><strong>et</strong></span> <span class='ocrx_word' id='word_1_191' title='bbox 129 2983 313 3050; x_wconf 85' lang='lat' dir='ltr'><strong>Genitricis</strong></span> <span class='ocrx_word' id='word_1_192' title='bbox 336 2983 408 3070; x_wconf 89' lang='lat' dir='ltr'><strong>ejus</strong></span> <span class='ocrx_word' id='word_1_193' title='bbox 432 3005 560 3070; x_wconf 89' lang='lat' dir='ltr'><strong>semper</strong></span> <span class='ocrx_word' id='word_1_194' title='bbox 580 2983 728 3068; x_wconf 90' lang='lat' dir='ltr'><strong>Virginis</strong></span> <span class='ocrx_word' id='word_1_195' title='bbox 752 2986 983 3050; x_wconf 88' lang='lat' dir='ltr'><strong>immaculatae</strong></span> <span class='ocrx_word' id='word_1_196' title='bbox 1007 2994 1106 3070; x_wconf 89' lang='lat' dir='ltr'><strong>atque</strong></span> <span class='ocrx_word' id='word_1_197' title='bbox 1127 2985 1193 3068; x_wconf 83' lang='lat' dir='ltr'><strong>glo·</strong></span> 
     </span>
     <span class='ocr_line' id='line_1_27' title="bbox 80 3081 1193 3167; baseline 0.002 -23"><span class='ocrx_word' id='word_1_198' title='bbox 80 3084 180 3148; x_wconf 87' lang='lat' dir='ltr'><strong>riosae</strong></span> <span class='ocrx_word' id='word_1_199' title='bbox 204 3081 347 3163; x_wconf 84' lang='lat' dir='ltr'><strong>Mariae,</strong></span> <span class='ocrx_word' id='word_1_200' title='bbox 381 3081 553 3146; x_wconf 87' lang='lat' dir='ltr'><strong>beatorum</strong></span> <span class='ocrx_word' id='word_1_201' title='bbox 585 3081 819 3167; x_wconf 82' lang='lat' dir='ltr'><strong>Apostolorum</strong></span> <span class='ocrx_word' id='word_1_202' title='bbox 851 3093 883 3147; x_wconf 93' lang='lat' dir='ltr'><strong>et</strong></span> <span class='ocrx_word' id='word_1_203' title='bbox 915 3085 1063 3148; x_wconf 90' lang='lat' dir='ltr'><strong>omnium</strong></span> <span class='ocrx_word' id='word_1_204' title='bbox 1093 3083 1193 3148; x_wconf 88' lang='lat' dir='ltr'><strong>Sanc-</strong></span> 
     </span>
     <span class='ocr_line' id='line_1_28' title="bbox 80 3179 1198 3267; baseline 0.002 -25"><span class='ocrx_word' id='word_1_205' title='bbox 80 3192 204 3262; x_wconf 84' lang='lat' dir='ltr'><strong>torum,</strong></span> <span class='ocrx_word' id='word_1_206' title='bbox 237 3179 404 3264; x_wconf 86' lang='lat' dir='ltr'><strong>depositor</strong></span> <span class='ocrx_word' id='word_1_207' title='bbox 435 3189 534 3266; x_wconf 89' lang='lat' dir='ltr'><strong>atque</strong></span> <span class='ocrx_word' id='word_1_208' title='bbox 567 3179 768 3262; x_wconf 89' lang='lat' dir='ltr'><strong>destructor,</strong></span> <span class='ocrx_word' id='word_1_209' title='bbox 801 3191 900 3267; x_wconf 90' lang='lat' dir='ltr'><strong>atque</strong></span> <span class='ocrx_word' id='word_1_210' title='bbox 931 3181 1120 3266; x_wconf 87' lang='lat' dir='ltr'><strong>profanator</strong></span> <span class='ocrx_word' id='word_1_211' title='bbox 1144 3179 1198 3244; x_wconf 86' lang='lat' dir='ltr'><strong>vel</strong></span> 
     </span>
     <span class='ocr_line' id='line_1_29' title="bbox 81 3277 1194 3366; baseline 0.002 -26"><span class='ocrx_word' id='word_1_212' title='bbox 81 3277 293 3365; x_wconf 89' lang='lat' dir='ltr'><strong>blasphemus</strong></span> <span class='ocrx_word' id='word_1_213' title='bbox 316 3278 491 3360; x_wconf 85' lang='lat' dir='ltr'><strong>exstiterit,</strong></span> <span class='ocrx_word' id='word_1_214' title='bbox 522 3279 564 3341; x_wconf 89' lang='lat' dir='ltr'><strong>sit</strong></span> <span class='ocrx_word' id='word_1_215' title='bbox 594 3279 732 3342; x_wconf 88' lang='lat' dir='ltr'><strong>extorris</strong></span> <span class='ocrx_word' id='word_1_216' title='bbox 767 3301 945 3366; x_wconf 88' lang='lat' dir='ltr'><strong>acorpore</strong></span> <span class='ocrx_word' id='word_1_217' title='bbox 978 3289 1010 3342; x_wconf 91' lang='lat' dir='ltr'><strong>et</strong></span> <span class='ocrx_word' id='word_1_218' title='bbox 1033 3279 1194 3362; x_wconf 86' lang='lat' dir='ltr'><strong>sauguine</strong></span> 
     </span>
     <span class='ocr_line' id='line_1_30' title="bbox 82 3373 1196 3457; baseline 0 -19"><span class='ocrx_word' id='word_1_219' title='bbox 82 3375 216 3442; x_wconf 86' lang='lat' dir='ltr'><strong>Domini</strong></span> <span class='ocrx_word' id='word_1_220' title='bbox 245 3375 356 3440; x_wconf 85' lang='lat' dir='ltr'><strong>Nostri</strong></span> <span class='ocrx_word' id='word_1_221' title='bbox 386 3375 468 3440; x_wconf 88' lang='lat' dir='ltr'><strong>Jesu</strong></span> <span class='ocrx_word' id='word_1_222' title='bbox 492 3373 630 3457; x_wconf 84' lang='lat' dir='ltr'><strong>Christi,</strong></span> <span class='ocrx_word' id='word_1_223' title='bbox 662 3375 715 3440; x_wconf 89' lang='lat' dir='ltr'><strong>vel</strong></span> <span class='ocrx_word' id='word_1_224' title='bbox 747 3379 847 3442; x_wconf 89' lang='lat' dir='ltr'><strong>totius</strong></span> <span class='ocrx_word' id='word_1_225' title='bbox 871 3376 1040 3442; x_wconf 85' lang='lat' dir='ltr'><strong>Ecclesiae</strong></span> <span class='ocrx_word' id='word_1_226' title='bbox 1070 3377 1196 3440; x_wconf 87' lang='lat' dir='ltr'><strong>unitate</strong></span> 
     </span>
     <span class='ocr_line' id='line_1_31' title="bbox 81 3471 1199 3559; baseline 0.001 -23"><span class='ocrx_word' id='word_1_227' title='bbox 81 3483 177 3559; x_wconf 87' lang='lat' dir='ltr'><strong>atque</strong></span> <span class='ocrx_word' id='word_1_228' title='bbox 201 3494 378 3558; x_wconf 80' lang='lat' dir='ltr'><strong>compage3</strong></span> <span class='ocrx_word' id='word_1_229' title='bbox 408 3472 497 3559; x_wconf 89' lang='lat' dir='ltr'><strong>quod</strong></span> <span class='ocrx_word' id='word_1_230' title='bbox 520 3484 553 3538; x_wconf 92' lang='lat' dir='ltr'><strong>et</strong></span> <span class='ocrx_word' id='word_1_231' title='bbox 569 3471 809 3558; x_wconf 90' lang='lat' dir='ltr'><strong>subscriptione</strong></span> <span class='ocrx_word' id='word_1_232' title='bbox 833 3496 893 3539; x_wconf 90' lang='lat' dir='ltr'><strong>sua</strong></span> <span class='ocrx_word' id='word_1_233' title='bbox 916 3473 1104 3539; x_wconf 88' lang='lat' dir='ltr'><strong>solemniter</strong></span> <span class='ocrx_word' id='word_1_234' title='bbox 1128 3476 1199 3544; x_wconf 89' lang='lat' dir='ltr'><strong>uni-</strong></span> 
     </span>
     <span class='ocr_line' id='line_1_32' title="bbox 83 3571 395 3636; baseline 0.019 -8"><span class='ocrx_word' id='word_1_235' title='bbox 83 3573 165 3634; x_wconf 85' lang='lat' dir='ltr'><strong>versi</strong></span> <span class='ocrx_word' id='word_1_236' title='bbox 190 3571 395 3636; x_wconf 80' lang='lat' dir='ltr'><strong>firmarunl.“</strong></span> 
     </span>
    </p>
   </div>
   <div class='ocr_carea' id='block_1_3' title="bbox 86 3693 1357 4076">
    <p class='ocr_par' dir='ltr' id='par_1_3' title="bbox 86 3693 1357 4076">
     <span class='ocr_line' id='line_1_33' title="bbox 167 3693 1357 3783; baseline 0.001 -23"><span class='ocrx_word' id='word_1_237' title='bbox 167 3697 223 3760; x_wconf 84' lang='lat'><strong>41.</strong></span> <span class='ocrx_word' id='word_1_238' title='bbox 247 3693 322 3759; x_wconf 82' lang='lat' dir='ltr'><strong>Non</strong></span> <span class='ocrx_word' id='word_1_239' title='bbox 354 3693 504 3760; x_wconf 87' lang='lat' dir='ltr'><strong>obstante</strong></span> <span class='ocrx_word' id='word_1_240' title='bbox 527 3695 697 3760; x_wconf 86' lang='lat' dir='ltr'><strong>Pontificis</strong></span> <span class='ocrx_word' id='word_1_241' title='bbox 729 3696 969 3778; x_wconf 89' lang='lat' dir='ltr'><strong>moderatione,</strong></span> <span class='ocrx_word' id='word_1_242' title='bbox 1002 3695 1070 3760; x_wconf 92' lang='lat' dir='ltr'><strong>Leo</strong></span> <span class='ocrx_word' id='word_1_243' title='bbox 1095 3695 1287 3783; x_wconf 65' lang='lat' dir='ltr'><strong>impe-1„„„³</strong></span> <span class='ocrx_word' id='word_1_244' title='bbox 1306 3733 1357 3781; x_wconf 59' lang='lat' dir='ltr'><strong>rm„</strong></span> 
     </span>
     <span class='ocr_line' id='line_1_34' title="bbox 86 3791 1330 3878; baseline 0.002 -22"><span class='ocrx_word' id='word_1_245' title='bbox 86 3803 168 3856; x_wconf 86' lang='lat' dir='ltr'><strong>rator</strong></span> <span class='ocrx_word' id='word_1_246' title='bbox 190 3791 275 3857; x_wconf 89' lang='lat' dir='ltr'><strong>adeo</strong></span> <span class='ocrx_word' id='word_1_247' title='bbox 297 3793 434 3873; x_wconf 83' lang='lat' dir='ltr'><strong>exarsit,</strong></span> <span class='ocrx_word' id='word_1_248' title='bbox 459 3801 495 3856; x_wconf 91' lang='lat' dir='ltr'><strong>ut</strong></span> <span class='ocrx_word' id='word_1_249' title='bbox 518 3791 655 3858; x_wconf 90' lang='lat' dir='ltr'><strong>classem</strong></span> <span class='ocrx_word' id='word_1_250' title='bbox 683 3795 850 3878; x_wconf 87' lang='lat' dir='ltr'><strong>ingentem</strong></span> <span class='ocrx_word' id='word_1_251' title='bbox 874 3795 1034 3860; x_wconf 89' lang='lat' dir='ltr'><strong>adversus</strong></span> <span class='ocrx_word' id='word_1_252' title='bbox 1057 3795 1095 3860; x_wconf 88' lang='lat' dir='ltr'><strong>R.</strong></span> <span class='ocrx_word' id='word_1_253' title='bbox 1118 3795 1202 3859; x_wconf 91' lang='lat' dir='ltr'><strong>Pon·</strong></span> <span class='ocrx_word' id='word_1_254' title='bbox 1258 3803 1330 3834; x_wconf 55' lang='grc' dir='ltr'><strong>’Μ</strong></span> 
     </span>
     <span class='ocr_line' id='line_1_35' title="bbox 86 3888 1203 3978; baseline 0.004 -27"><span class='ocrx_word' id='word_1_255' title='bbox 86 3889 203 3954; x_wconf 81' lang='lat' dir='ltr'><strong>tilioem</strong></span> <span class='ocrx_word' id='word_1_256' title='bbox 237 3901 270 3953; x_wconf 91' lang='lat' dir='ltr'><strong>et</strong></span> <span class='ocrx_word' id='word_1_257' title='bbox 300 3888 400 3954; x_wconf 85' lang='lat' dir='ltr'><strong>Italos</strong></span> <span class='ocrx_word' id='word_1_258' title='bbox 424 3889 619 3971; x_wconf 84' lang='lat' dir='ltr'><strong>destinaret,</strong></span> <span class='ocrx_word' id='word_1_259' title='bbox 655 3913 739 3977; x_wconf 89' lang='lat' dir='ltr'><strong>quae</strong></span> <span class='ocrx_word' id='word_1_260' title='bbox 773 3903 898 3972; x_wconf 86' lang='lat' dir='ltr'><strong>tamon,</strong></span> <span class='ocrx_word' id='word_1_261' title='bbox 924 3893 995 3957; x_wconf 90' lang='lat' dir='ltr'><strong>Deo</strong></span> <span class='ocrx_word' id='word_1_262' title='bbox 1020 3915 1071 3956; x_wconf 90' lang='lat' dir='ltr'><strong>res</strong></span> <span class='ocrx_word' id='word_1_263' title='bbox 1095 3893 1203 3978; x_wconf 89' lang='lat' dir='ltr'><strong>dispo·</strong></span> 
     </span>
     <span class='ocr_line' id='line_1_36' title="bbox 87 3987 1202 4076; baseline 0.005 -28"><span class='ocrx_word' id='word_1_264' title='bbox 87 3999 194 4070; x_wconf 81' lang='lat' dir='ltr'><strong>nante,</strong></span> <span class='ocrx_word' id='word_1_265' title='bbox 228 3990 263 4052; x_wconf 93' lang='lat' dir='ltr'><strong>in</strong></span> <span class='ocrx_word' id='word_1_266' title='bbox 288 3989 370 4052; x_wconf 88' lang='lat' dir='ltr'><strong>mari</strong></span> <span class='ocrx_word' id='word_1_267' title='bbox 394 3987 565 4052; x_wconf 88' lang='lat' dir='ltr'><strong>Adriatico</strong></span> <span class='ocrx_word' id='word_1_268' title='bbox 589 3989 799 4075; x_wconf 84' lang='lat' dir='ltr'><strong>naufragium</strong></span> <span class='ocrx_word' id='word_1_269' title='bbox 827 3989 951 4076; x_wconf 83' lang='lat' dir='ltr'><strong>fecit¹).</strong></span> <span class='ocrx_word' id='word_1_270' title='bbox 998 3991 1202 4055; x_wconf 90' lang='lat' dir='ltr'><strong>Patrimonia</strong></span> 
     </span>
    </p>
   </div>
   <div class='ocr_carea' id='block_1_4' title="bbox 91 4189 1201 4340">
    <p class='ocr_par' dir='ltr' id='par_1_4' title="bbox 91 4189 1201 4340">
     <span class='ocr_line' id='line_1_37' title="bbox 160 4189 1201 4264; baseline 0 -18"><span class='ocrx_word' id='word_1_271' title='bbox 160 4196 178 4236; x_wconf 77' lang='lat' dir='ltr'><strong>&#39;t</strong></span> <span class='ocrx_word' id='word_1_272' title='bbox 197 4191 296 4246; x_wconf 85' lang='lat' dir='ltr'><strong>Censet</strong></span> <span class='ocrx_word' id='word_1_273' title='bbox 315 4189 483 4258; x_wconf 84' lang='lat' dir='ltr'><strong>Daruberger</strong></span> <span class='ocrx_word' id='word_1_274' title='bbox 501 4189 656 4260; x_wconf 78' lang='lat' dir='ltr'><strong>(Syuchron.</strong></span> <span class='ocrx_word' id='word_1_275' title='bbox 682 4192 776 4249; x_wconf 86' lang='lat' dir='ltr'><strong>Gesch.</strong></span> <span class='ocrx_word' id='word_1_276' title='bbox 795 4194 826 4248; x_wconf 86' lang='lat' dir='ltr'><strong>B.</strong></span> <span class='ocrx_word' id='word_1_277' title='bbox 845 4193 879 4250; x_wconf 87' lang='lat' dir='ltr'><strong>IL</strong></span> <span class='ocrx_word' id='word_1_278' title='bbox 897 4192 924 4249; x_wconf 83' lang='lat' dir='ltr'><strong>S.</strong></span> <span class='ocrx_word' id='word_1_279' title='bbox 952 4193 1028 4264; x_wconf 74' lang='lat'><strong>25⁷),</strong></span> <span class='ocrx_word' id='word_1_280' title='bbox 1047 4192 1116 4247; x_wconf 87' lang='lat' dir='ltr'><strong>banc</strong></span> <span class='ocrx_word' id='word_1_281' title='bbox 1135 4191 1201 4246; x_wconf 88' lang='lat' dir='ltr'><strong>clas·</strong></span> 
     </span>
     <span class='ocr_line' id='line_1_38' title="bbox 91 4269 1200 4340; baseline 0.001 -16"><span class='ocrx_word' id='word_1_282' title='bbox 91 4285 143 4324; x_wconf 81' lang='lat' dir='ltr'><strong>sem</strong></span> <span class='ocrx_word' id='word_1_283' title='bbox 160 4271 266 4326; x_wconf 80' lang='lat' dir='ltr'><strong>mirsam</strong></span> <span class='ocrx_word' id='word_1_284' title='bbox 285 4285 343 4324; x_wconf 88' lang='lat' dir='ltr'><strong>esse</strong></span> <span class='ocrx_word' id='word_1_285' title='bbox 361 4269 433 4324; x_wconf 85' lang='lat' dir='ltr'><strong>haud</strong></span> <span class='ocrx_word' id='word_1_286' title='bbox 450 4275 545 4326; x_wconf 85' lang='lat' dir='ltr'><strong>contra</strong></span> <span class='ocrx_word' id='word_1_287' title='bbox 562 4271 595 4326; x_wconf 86' lang='lat' dir='ltr'><strong>R.</strong></span> <span class='ocrx_word' id='word_1_288' title='bbox 614 4271 772 4328; x_wconf 77' lang='lat' dir='ltr'><strong>Pontificem</strong></span> <span class='ocrx_word' id='word_1_289' title='bbox 790 4279 819 4328; x_wconf 90' lang='lat' dir='ltr'><strong>ot</strong></span> <span class='ocrx_word' id='word_1_290' title='bbox 836 4271 934 4340; x_wconf 84' lang='lat' dir='ltr'><strong>Italos,</strong></span> <span class='ocrx_word' id='word_1_291' title='bbox 953 4271 1001 4328; x_wconf 87' lang='lat' dir='ltr'><strong>sed</strong></span> <span class='ocrx_word' id='word_1_292' title='bbox 1018 4279 1112 4328; x_wconf 89' lang='lat' dir='ltr'><strong>contre</strong></span> <span class='ocrx_word' id='word_1_293' title='bbox 1130 4269 1200 4326; x_wconf 79' lang='lat' dir='ltr'><strong>Lou-</strong></span> 
     </span>
    </p>
   </div>
   <div class='ocr_carea' id='block_1_5' title="bbox 0 0 1512 4836">
    <p class='ocr_par' dir='ltr' id='par_1_5' title="bbox 0 0 1512 4836">
     <span class='ocr_line' id='line_1_39' title="bbox 0 0 1512 4836; baseline 0 0"><span class='ocrx_word' id='word_1_294' title='bbox 0 0 1512 4836; x_wconf 95' lang='lat' dir='ltr'><strong> </strong></span> 
     </span>
    </p>
   </div>
  </div>
 </body>
</html>
