2952 4832
300 519 341 574 De
359 517 611 572 Praedecessoribus
623 517 648 572 S.
659 518 788 587 Gregorii
806 518 867 572 VII.
1095 519 1149 572 aa?

45 667 109 750 copi
130 665 292 728 simoniae
316 661 369 726 vel
394 663 654 726 incontinentiae
677 663 725 726 rei
742 659 882 746 depositi
907 671 993 726 sunt.
1028 659 1152 726 Severe

47 765 133 827 etiarn
159 759 361 848 prohibitum
387 770 450 842 est,
484 761 661 845 quominus
683 759 771 824 bona
795 759 1008 823 eeclesiarum
1032 760 1153 825 alienu.

47 873 147 924 rentur
170 881 229 923 scu
253 855 522 926 distraherentur.
547 868 585 920 ut
609 856 776 942 colligitur
797 877 839 920 ex
859 857 996 942 epistola
1020 881 1044 923 s.
1064 859 1153 942 Petri

48 960 205 1036 Damiani,
241 957 297 1041 qui
321 977 351 1019 a.
378 955 464 1019 1060
499 955 632 1018 cuidam
657 957 810 1040 episcopo
834 955 897 1018 ista
928 957 1022 1019 inre
1053 943 1154 1021 delin-

45 1057 148 1140 quenti
174 1053 303 1119 scribit:
331 1052 494 1138 Numquid
510 1051 625 1116 oblitas
648 1075 689 1132 es,
714 1053 797 1140 qaod
811 1063 884 1116 aute
895 1053 970 1138 fera
986 1057 1264 1138 quinquen-sanun}
1277 1056 1328 1097 1³¹⁶-

49 1157 121 1217 sium
146 1154 253 1216 Victor
276 1149 468 1238 apostolicos
492 1148 585 1214 Sedis
599 1149 777 1237 Episcopus
800 1152 835 1214 111
852 1151 1002 1236 plesseio
1024 1151 1155 1216 coasilio
1203 1133 1297 1168 ΝΜ

48 1253 219 1315 Iloreutioc
242 1249 407 1326 celebrato,
438 1249 488 1312 oui
511 1247 603 1312 simut
627 1259 657 1312 et
680 1249 856 1335 Imperator
880 1250 1036 1314 Heericus
1062 1252 1157 1313 iuter-

38 1350 111 1434 juit,
124 1351 182 1414 boc
193 1349 249 1414 sab
261 1348 591 1411 recommunicutc'ouis
603 1369 736 1410 censura
744 1346 924 1432 prohibuit?
934 1350 943 1384 ¹
941 1349 960 1432 )
973 1345 1159 1412 Cohaerent

47 1451 101 1510 ista
114 1469 192 1511 cum
208 1449 249 1510 iis
270 1467 354 1531 quae
370 1445 497 1508 Auctor
519 1446 608 1508 vitae
621 1443 765 1508 Victoris
779 1455 925 1524 testatur,
951 1446 1039 1530 quod
1055 1447 1159 1510 multa

48 1547 125 1610 bona
141 1546 311 1610 Romanae
323 1543 492 1606 Ecclesiae
511 1542 632 1628 injuste
656 1541 766 1606 ablata
789 1546 1044 1630 recuperaverit.
1080 1545 1157 1610 Jam

46 1643 207 1729 exaliqua
223 1652 458 1727 temporetam
482 1639 537 1702 illa
561 1639 710 1720 ecclesia,
735 1650 804 1702 tum
820 1639 904 1704 aliae
921 1642 963 1705 ad
981 1645 1154 1727 penuriam

46 1741 277 1826 redigebantur
291 1737 503 1803 distractione
520 1736 692 1818 bonorum,
718 1736 838 1822 quibus
863 1739 1065 1824 occupandis
1089 1763 1159 1825 pro-

45 1861 129 1902 ceres
162 1837 376 1900 vehementer
408 1835 592 1899 inhiabant.
650 1834 820 1916 Incuriae,
858 1836 967 1902 fraudi
1002 1847 1034 1902 et
1066 1837 1161 1902 malis

45 1937 167 2001 artibus
190 1935 354 2000 nobilium
378 1935 440 1996 ista
464 1933 634 2008 distractio
658 1931 870 1997 attribuenda
894 1944 971 2014 erat,
998 1937 1043 1999 uti
1056 1935 1163 2022 liquet

43 2057 83 2097 cx
105 2037 147 2099 iis
176 2056 261 2119 quae
291 2035 326 2096 in
341 2033 482 2096 decretis
496 2031 668 2096 Benedicti
687 2029 770 2094 VIII
785 2033 820 2094 in
835 2031 974 2097 concilio
991 2033 1160 2097 Ticinensi

43 2153 71 2196 a.
89 2132 176 2197 1018
194 2142 309 2196 contra
324 2130 600 2193 incontinentiam
614 2127 811 2192 clericorum
829 2129 925 2194 editis
941 2133 1160 2196 continentur.

44 2229 209 2294 Videntur
239 2230 337 2292 etiam
372 2225 539 2312 praesules
569 2225 730 2290 auxilium
766 2226 957 2290 favoremve
987 2249 1162 2313 procerum

44 2329 257 2392 concessione
271 2325 433 2390 bonorum
446 2325 604 2388 ecclesiae
617 2325 834 2411 quaesivisse3
851 2335 949 2410 atque
962 2326 996 2389 in
1005 2347 1163 2411 magnum

41 2424 258 2488 ecclesiarum
285 2423 528 2509 praejudicium
553 2433 647 2486 erant
670 2423 897 2486 concessiones
921 2423 1081 2488 bonorum
1106 2447 1166 2511 per

45 2525 282 2610 emphyteusim,
316 2521 369 2586 vel
392 2543 452 2606 per
479 2524 600 2606 scripta
623 2543 708 2606 quae
731 2519 983 2606 appellabantur
1008 2524 1094 2587 tertii
1114 2547 1164 2608 pe·

44 2623 130 2685 ruris
144 2643 204 2685 seu
219 2623 435 2704 tertiopeueru.
465 2617 741 2682 Concedebantur
755 2617 877 2682 talibus
892 2619 1012 2685 libellis
1028 2621 1166 2705 praedia

45 2718 97 2783 rel
129 2718 266 2784 castella
290 2717 398 2782 aliave
421 2716 518 2797 bona,
553 2726 589 2780 nt
612 2717 857 2801 possiderentur
884 2727 1042 2803 tanquam
1065 2718 1166 2784 feuda

45 2839 151 2903 usque
174 2817 219 2881 ad
242 2818 372 2880 tertiam
384 2818 640 2900 generationem,
665 2814 858 2901 plerumque
873 2838 948 2879 cum
965 2814 1166 2900 obligatione

42 2913 196 2979 solvendi
222 2914 363 3000 alicujus
387 2914 502 2978 tributi
533 2936 591 2978 seu
622 2915 739 2978 oneris
786 2913 853 2978 Sed
875 2913 1064 3000 frequenter
1087 2913 1167 2978 talia

43 3012 132 3078 bona
166 3013 273 3098 plane·
295 3012 542 3093 emittebantur,
581 3011 660 3075 dum
684 3033 885 3098 possessores
915 3023 1070 3098 urgerent
1094 3025 1168 3098 post

41 3109 271 3194 ‹prradraginta
294 3130 398 3173 annos
422 3111 725 3194 praescriptionem,
751 3120 783 3172 et
798 3107 886 3172 buna
910 3108 963 3173 illa
989 3112 1168 3174 retinerent

41 3211 114 3271 sine
143 3207 210 3272 ulla
235 3210 512 3292 compensatione.
548 3207 622 3271 Hac
637 3217 746 3271 autern
771 3209 855 3270 inre
879 3207 998 3272 abusui
1022 3210 1167 3272 maxime

39 3305 184 3370 favebat
214 3307 358 3370 varietas
385 3305 472 3391 juris
503 3306 537 3368 in
570 3304 666 3369 Italia
697 3307 851 3390 vigentia.
898 3305 1050 3369 Libertas
1079 3307 1167 3369 enim

39 3404 122 3467 data
159 3414 242 3484 erat,
279 3413 315 3465 ut
346 3402 399 3466 vel
428 3403 504 3488 jure
528 3403 675 3468 Romano
700 3402 753 3466 vel
772 3403 848 3488 jure
872 3403 1167 3486 Langobardorum

39 3503 297 3566 Francorumve
321 3499 447 3564 incolae
472 3511 650 3565 uterentur.
696 3501 773 3565 Ι111111
799 3523 875 3564 vero
901 3501 980 3564 dum
1008 3500 1083 3586 jure
1108 3501 1168 3564 Ro-

39 3622 145 3664 mano
172 3599 287 3662 saltem
311 3609 498 3680 caveretur,
532 3607 568 3662 ut
591 3600 804 3684 praescriptio
829 3597 950 3663 debitis
974 3599 1168 3664 conditioni·

40 3697 104 3762 bus
139 3697 345 3776 firmaretur;
376 3698 452 3782 jure
480 3696 774 3781 Longobardcrum
805 3696 873 3762 sola
902 3699 1062 3781 possessio
1096 3707 1170 3780 post

37 3807 176 3859 certum
200 3807 330 3880 tempus
354 3793 501 3879 elapsum
525 3795 723 3880 procurabat
745 3797 988 3880 proprietatem,
1023 3817 1082 3858 nec
1098 3805 1169 3858 erat

37 3892 284 3980 inquirendum
316 3892 421 3977 qualis
451 3893 551 3956 fuerit
581 3891 635 3957 illa
665 3895 836 3980 possessi0,
872 3902 982 3956 utrum
1013 3892 1170 3956 videlicet

37 3989 224 4077 completa,
258 4014 300 4054 an
324 4011 402 4054 vero
427 4013 486 4075 per
510 3991 644 4054 modum
675 3991 766 4055 leudi
798 4013 873 4054 cum
896 4014 994 4056 onore
1018 3989 1169 4055 solvendi

37 4089 222 4154 tributum.
258 4127 290 4134 -
313 4087 366 4152 Ex
389 4087 443 4152 his
467 4087 609 4173 colliges,
639 4101 763 4174 quanta
787 4088 983 4154 detrimenta
1007 4089 1085 4154 inde
1108 4089 1170 4153 Ec·

117 4293 143 4358 ¹)
169 4291 254 4358 Epist.
274 4292 290 4344 l.
310 4291 357 4347 [V.
378 4307 419 4358 ep.
439 4291 498 4347 XII.

944 4375 947 4381 ’
1014 4375 1060 4424 15*
