3054 4834
303 491 356 544 374
609 493 697 546 XXII.
718 459 914 548 Controversia
929 496 961 549 de
981 496 1165 549 Investitnris.

303 634 491 722 praesulum
517 636 688 700 dimanare
712 661 731 700 a
755 647 916 722 potestate
941 639 1053 720 civili3
1086 639 1201 703 saltem
1233 661 1313 704 vera
1344 644 1428 726 prin-

304 736 391 819 cipia
415 755 482 797 nen
506 735 711 799 sufficienter
733 735 976 800 asserebantur.

393 871 446 932 23.
494 869 545 932 De
577 869 638 933 boc
672 869 845 954 privilegio
871 892 1026 934 concesse
1051 893 1070 933 a
1094 869 1248 935 Paschaii
1275 871 1308 936 il
1343 871 1426 936 Hen-

234 964 240 973 ’
303 970 369 1030 rico
395 967 425 1030 V
450 989 526 1029 mox
553 988 683 1046 inagna,
717 980 786 1030 tum
812 967 945 1050 Romae,
975 979 1045 1031 turn
1071 971 1103 1032 in
1129 967 1203 1032 aliis
1227 969 1427 1048 regionibns.

303 1065 463 1129 dissensio
488 1074 558 1128 orta
582 1075 640 1128 est.
687 1063 802 1129 Plures
828 1065 1033 1146 Cardinaies,
1059 1068 1145 1129 inter
1169 1090 1251 1154 ques
1266 1067 1429 1133 Ostiensis

303 1173 335 1226 et
365 1161 583 1244 Tusculanus,
620 1172 651 1225 et
683 1162 777 1225 multi
809 1165 956 1249 episcopi
997 1165 1182 1249 praeiatum
1216 1163 1427 1252 privilegium

303 1285 362 1324 ceu
396 1259 609 1324 conciliorum
640 1259 823 1326 canonibus
856 1271 888 1325 et
925 1261 1196 1348 praecedentium
1229 1263 1427 1328 Pontificum

303 1361 443 1422 decretis
467 1359 664 1443 oppositum,
690 1367 721 1420 et
745 1381 927 1443 paucorum
952 1370 1080 1423 tantum
1098 1357 1330 1426 Cardinaiium
1358 1386 1428 1426 con-

303 1457 382 1522 silio‘
393 1457 517 1533 datum,
532 1455 762 1541 improbarunt
777 1467 810 1519 ct
825 1457 953 1520 irritum
971 1457 1145 1538 dixerunt3
1165 1459 1221 1524 aiii
1240 1459 1427 1524 invalidum

302 1555 384 1620 illud
409 1567 617 1623 censuerunt.
651 1554 739 1638 quod
764 1556 797 1616 vi
823 1563 986 1618 extortum
1019 1565 1121 1638 esset3
1155 1557 1210 1620 alii
1238 1579 1317 1620 vero
1344 1573 1431 1622 reete

303 1675 494 1717 cencessum
532 1653 782 1715 contenderunt.
837 1653 875 1716 In
913 1652 1008 1716 italia
1052 1653 1143 1740 justo
1198 1655 1435 1720 vehementius

303 1761 416 1816 eontra
452 1750 533 1814 illud
562 1761 694 1834 pactum
726 1751 920 1816 reclamavit
944 1751 1056 1815 Bruno
1082 1751 1273 1836 Segniensis
1307 1755 1430 1838 episce-

302 1873 364 1934 pus
395 1859 428 1911 et
455 1847 558 1912 abbas
584 1847 799 1930 Cassinensis,
834 1852 890 1935 qui
917 1872 983 1913 non
1008 1849 1111 1914 solum
1139 1853 1252 1936 pietati
1287 1875 1327 1915 ac.
1361 1851 1430 1914 reii-

302 1949 402 2034 gioni,
429 1948 485 2010 sed
510 1949 608 2010 etiem
634 1945 721 2026 fidei,
746 1945 828 2011 iilud
853 1951 1041 2036 oppositum
1066 1971 1135 2012 esse
1161 1950 1303 2034 scripsit.
1356 1954 1428 2029 Qua

304 2050 335 2109 in
371 2069 406 2109 re
437 2055 505 2108 tum
541 2047 610 2130 ipse
639 2055 707 2108 tum
738 2043 792 2108 alii
829 2047 883 2130 qui
917 2046 1037 2110 similia
1063 2047 1221 2110 dixerunt
1254 2047 1431 2111 nrunifcste

303 2156 463 2208 eruerunt.
514 2145 587 2206 Non
613 2155 658 2206 {est
682 2145 763 2206 enim
786 2145 934 2222 haeresis,
970 2143 1084 2208 scribit
1109 2143 1255 2208 breviter
1279 2159 1311 2208 ct
1336 2169 1430 2208 acetr-

302 2255 372 2306 reto
396 2242 569 2312 lioronius,
596 2241 682 2327 ipsos
704 2243 908 2304 tricesimam
932 2242 1147 2328 dispensando
1172 2243 1353 2320 cen-cedere,
1377 2243 1434 2304 sed

304 2363 443 2403 (reserere
474 2351 564 2424 atqcue
594 2337 772 2424 defendere,
808 2339 845 2401 do
871 2345 946 2426 jore
979 2363 1043 2403 esse
1071 2351 1101 2401 ei
1131 2339 1241 2404 debere
1265 2342 1348 2424 fiem'
1370 2365 1433 2428 per

304 2440 404 2502 laicos
428 2439 640 2513 disceditur-os,
667 2439 700 2498 id
724 2439 863 2501 inermis
878 2448 932 2504 esi.
957 2462 1049 2522 purim
1065 2437 1101 2500 id
1113 2439 1288 2522 sitfulsum
1306 2440 1431 2526 deputo.

303 2539 394 2600 donis
420 2537 555 2599 moribus
580 2545 608 2595 et
632 2537 732 2597 siseris
749 2535 875 2598 Putrem
901 2537 1153 2600 iristittstiont'bus
1177 2561 1374 2623 repuq‘nuns,
1399 2537 1431 2598 in

304 2634 478 2698 Ecclesiam
494 2629 732 2718 meamea-2¹).
764 2633 1172 2718 i'ehcmcniieBrunouis,
1199 2635 1262 2696 viri
1289 2647 1435 2697 caetero·

304 2735 385 2818 quin
410 2731 583 2795 sanctitate
609 2730 757 2816 insignia,
783 2753 858 2793 oum
883 2742 1072 2816 suspectum
1098 2731 1244 2796 reddidit
1263 2731 1437 2796 Paschati.

304 2829 474 2894 Metuebat
488 2828 651 2906 Pontifex,
678 2851 718 2891 ne
737 2829 915 2892 monachos
931 2829 1145 2893 Cassinenses
1170 2831 1203 2893 in
1222 2854 1299 2894 snas
1322 2844 1437 2914 partes

304 2929 447 2992 traheret
477 2941 508 2989 et
540 2926 709 2990 turbarum
741 2936 856 2990 attetor
879 2927 981 2990 fieret.
1029 2927 1241 3013 Quapropter
1276 2950 1355 2991 eum
1389 2951 1439 2990 re-

305 3029 410 3092 movit
433 3049 451 3090 a
476 3027 663 3089 monasterii
681 3027 851 3109 regimine,
877 3027 1056 3112 quodcum
1075 3028 1267 3112 episcopatu
1285 3029 1439 3090 retinere

304 3125 430 3210 absque
454 3123 549 3187 Sedis
573 3123 782 3208 Apostolieae
808 3123 1053 3208 dispensatione
1079 3147 1142 3188 non
1169 3133 1308 3210 poterat.

395 3269 448 3333 24.
489 3266 663 3330 (aeterum
689 3265 859 3330 Pascheiis
884 3269 953 3352 ipse
978 3290 1080 3352 quum
1106 3267 1244 3347 videret,
1274 3281 1350 3332 tum
1376 3269 1439 3331 Ro-

306 3391 378 3431 mae
412 3379 482 3428 tum
507 3363 586 3428 alibi
617 3388 657 3427 ac
681 3366 873 3449 praesertim
905 3367 937 3434 in
963 3363 1072 3428 Gallia¹
1104 3364 1319 3450 privilegium
1346 3365 1437 3430 Hen-

306 3468 373 3528 rico
399 3485 590 3528 concessum
617 3464 751 3525 omnino
778 3461 969 3546 improbari,
995 3477 1027 3526 et
1046 3463 1268 3526 dissensiones
1293 3463 1437 3528 invales-

306 3587 389 3638 cere,
422 3571 582 3647 quantum
620 3562 727 3644 potuit
756 3559 851 3624 malis
876 3562 1023 3625 remedia
1046 3572 1123 3645 apta
1147 3563 1266 3624 afferre
1296 3561 1440 3625 studuit.
1517 3559 1518 3584 ¹

306 3661 417 3725 Variis
447 3659 565 3722 litteris
599 3658 794 3722 Cardinales
829 3657 977 3745 aliosque
1015 3657 1180 3744 praesules
1221 3681 1437 3745 compescere

306 3769 444 3824 coriatus
468 3765 525 3836 est,
559 3765 728 3833 attestans,
761 3779 795 3820 se
820 3779 878 3841 pro
903 3755 990 3821 bono
1017 3756 1185 3820 Ecclesiae
1210 3767 1369 3822 eoactum
1395 3759 1436 3820 ie-

307 3861 389 3920 cisse
422 3855 510 3941 qnod
541 3853 680 3930 iecerat,
715 3865 747 3917 et
771 3855 843 3940 jam
875 3878 1005 3919 cassare
1034 3867 1067 3918 et
1099 3857 1229 3919 irritare
1261 3867 1388 3920 statuta
1400 3857 1436 3916 ²³.

304 4026 330 4032 .-
366 4023 520 4030 ----—.----

381 4121 400 4186 ¹)
421 4120 463 4172 Ad
483 4137 506 4174 a.
532 4123 605 4174 1112.
626 4137 651 4176 n.
675 4123 715 4174 14.

379 4201 400 4269 s)
422 4203 465 4254 ita
489 4201 517 4254 in
543 4201 621 4269 epist.
649 4201 681 4254 ad
702 4201 851 4255 [inidonem
873 4201 1059 4266 Viennensem,
1083 4213 1110 4256 et
1136 4201 1169 4254 ad
1197 4199 1306 4254 irenem
1330 4201 1434 4253 Carrin-

306 4289 417 4334 tensem.
438 4279 471 4335 V.
492 4281 653 4335 ii'atterich.
675 4281 708 4336 [1.
729 4282 770 4338 71.
790 4283 832 4336 72.
