2922 4832
380 493 421 547 De
438 493 500 562 lege
519 491 665 547 coelibatus
682 493 794 548 violata.
1118 491 1170 546 163

69 638 170 722 scripta
191 636 328 722 epistola
352 635 536 718 decretalis,
568 658 634 722 qua
658 635 812 722 praesuli,
852 639 908 723 qui
934 635 975 701 de
1000 637 1168 701 continen-

68 735 104 797 tia
124 734 308 799 clericorum
333 733 497 820 quaedam
521 735 718 820 quaesierat,
744 737 815 798 sine
835 733 903 799 ulla
925 755 1059 821 prorsus
1074 733 1190 798 dubi.

66 833 169 896 tatione
191 832 378 918 respondet,
404 833 438 896 in
456 831 639 918 majoribus
663 832 837 896 ordinibus
864 833 1057 896 constitutos
1073 831 1168 896 coeli·

68 929 146 994 batus
166 931 236 1017 lege
259 933 375 996 teneri.
422 929 535 1017 Atque
567 932 599 994 in
625 953 665 995 ea
695 930 835 1016 epistola
859 929 998 995 Siricius
1029 953 1096 995 non
1120 952 1168 994 ao-

65 1029 120 1092 lum
149 1029 438 1110 consuetudinem,
471 1029 529 1094 sed
564 1028 671 1113 legem
708 1027 889 1093 coelibatus
919 1029 991 1114 jam
1027 1031 1169 1093 existere

65 1131 216 1213 supponit,
249 1127 297 1192 uti
328 1128 459 1212 egregie
485 1125 698 1191 Constantius
729 1127 764 1190 in
793 1144 852 1190 sua
878 1125 1078 1191 Collectione
1102 1127 1169 1212 epi-

65 1225 201 1290 stolarum
225 1225 293 1290 1111.
308 1225 508 1289 Pontificum
525 1233 639 1289 contra
663 1226 854 1310 opinionem
878 1227 1062 1310 oppositam
1078 1225 1168 1288 Petri

64 1323 96 1386 de
117 1325 221 1388 llarca
250 1322 403 1389 ostendit.
449 1323 612 1408 Eamdem
645 1321 825 1386 coelibatus
848 1320 954 1407 legem
983 1343 1069 1386 anno
1101 1323 1168 1386 405

63 1421 226 1486 inculcavit
248 1421 464 1485 Innocentius
487 1419 504 1483 I
527 1421 562 1484 in
587 1443 646 1484 sua
670 1419 808 1505 epistola
833 1420 988 1485 decretali
1012 1420 1055 1484 ad
1078 1421 1167 1484 Exu-

61 1522 172 1604 pcrium
197 1521 390 1606 episcopum
415 1517 628 1582 Tolosanum.
660 1517 729 1582 Leo
754 1519 799 1582 M.
824 1519 949 1604 pariter
970 1520 1006 1582 in
1030 1518 1169 1604 epistola

60 1616 94 1680 ad
115 1617 282 1682 Rusticum
308 1618 499 1702 episcopum
524 1615 817 1698 Narbonnensem,
849 1638 888 1680 ac
919 1615 1098 1701 Gregorius
1122 1617 1167 1681 M.

61 1717 88 1778 in
109 1715 240 1801 epistola
264 1715 306 1779 ad
331 1714 479 1779 Leonem
505 1711 664 1778 (letaniae
689 1716 893 1800 episcopum,
917 1713 982 1778 hac
1004 1713 1077 1798 lege
1101 1735 1168 1778 om·

61 1833 107 1876 ncs
128 1814 262 1878 clericos
286 1813 321 1876 in
346 1811 519 1877 ordinibus
543 1811 725 1898 majoribus
747 1812 941 1876 constitutos
965 1812 1085 1876 vinciri
1103 1834 1168 1876 mo·

59 1920 139 1992 nent,
171 1921 204 1975 et
228 1913 401 1997 speciatim
426 1921 562 1996 urgent,
596 1912 697 1974 ctiam
722 1909 936 1974 subdiaconis
959 1909 1046 1974 hanc
1071 1909 1167 1975 disci·

58 2007 166 2091 plinam
191 2009 435 2074 observandam
464 2010 575 2094 esse.¹)
624 2007 721 2073 Unde
750 2006 889 2071 indubie
919 2007 1016 2093 plane
1045 2009 1122 2072 inde
1146 2033 1166 2074 a

58 2108 172 2171 saeculo
198 2109 313 2194 quinto
345 2109 459 2171 stricta
482 2105 554 2191 lege
587 2105 697 2170 clerici
722 2106 864 2191 majores
888 2107 923 2170 in
946 2107 1098 2172 Ecclesia
1121 2107 1164 2173 la·

56 2205 114 2268 tina
135 2207 177 2271 ad
203 2205 401 2270 coelibatum
426 2215 458 2268 et
482 2205 721 2269 continentiam
745 2203 989 2288 obligabantur.

133 2323 182 2387 12.
208 2321 374 2403 Vidimus,
398 2320 585 2385 Ecclesiam
608 2341 762 2404 graecam
786 2321 821 2383 in
846 2320 972 2404 synodo
995 2319 1162 2404 Trullana,
1212 2329 1300 2373 ⁰¹¹0*

55 2429 154 2484 contra
178 2407 452 2484 consuetudinem
478 2441 563 2504 quae
587 2429 675 2482 certe
701 2418 840 2482 saeculis
862 2429 978 2504 quarto
1002 2430 1035 2483 et
1049 2421 1163 2506 quinto
1184 2401 1323 2523 ⁰233&

57 2519 143 2584 ctiam
168 2522 203 2584 in
228 2519 363 2584 Oriente
388 2517 532 2602 vigebat,
557 2517 718 2581 laxiorem
743 2517 953 2601 disciplinam
979 2517 1163 2602 adoptasse,

57 2617 94 2678 ita
116 2627 150 2680 ut
172 2619 387 2704 permitteret,
413 2615 567 2698 clericos,
597 2626 776 2700 antequam
801 2615 933 2678 ordines
957 2615 1097 2700 majores
1122 2639 1169 2682 re·

56 2715 202 2800 ciperent,
228 2715 476 2778 matrimonium
501 2735 577 2777 cum
610 2715 739 2798 virgine
763 2735 858 2800 posse
882 2715 967 2777 inire
991 2735 1030 2777 ac
1054 2723 1169 2798 postea

56 2831 180 2877 uxorem
205 2815 356 2876 retinere.
389 2811 611 2897 Disciplinam
630 2833 707 2875 vero
732 2811 820 2874 hanc
843 2833 961 2897 parum
985 2813 1168 2897 proficuam

52 2905 145 2975 latina
168 2912 322 2978 Ecclesia
347 2909 435 2974 nullo
461 2911 558 2974 modo
582 2910 769 2995 adoptavit,
796 2911 853 2975 scd
878 2911 1016 2974 tirmiter
1039 2919 1071 2972 ct
1095 2932 1168 2976 con·

54 3017 168 3072 stanter
192 3007 373 3072 coelibatus
402 3008 508 3092 legem
541 3009 697 3072 continuo
722 3007 918 3075 vindicavit.
951 3008 1100 3093 Agnovit
1122 3020 1169 3074 ta·

54 3125 120 3170 men
149 3105 361 3191 disciplinam
385 3104 605 3172 Orientalium
634 3107 682 3168 uti
707 3105 742 3168 in
771 3104 836 3169 illis
860 3106 1007 3171 ecclesiis
1031 3107 1167 3190 licitam,

53 3204 325 3288 quemadmodum
356 3213 447 3289 patet
471 3226 513 3267 ex
536 3203 618 3268 lure
649 3205 810 3268 canonico
835 3226 861 3267 c.
890 3205 941 3270 14.
967 3205 1010 3270 D.
1035 3205 1167 3288 XXXI,

52 3301 102 3366 ubi
114 3301 197 3366 baec
214 3304 359 3366 citantur
375 3312 410 3365 ut
423 3301 527 3366 verba
538 3301 699 3386 Stephani
708 3301 761 3366 III
774 3303 806 3364 in
820 3302 960 3368 concilio
971 3303 1120 3368 Romano
1137 3327 1167 3370 a.

53 3401 109 3464 769
141 3399 287 3486 prolata:
324 3400 429 3464 Aliter
463 3423 495 3464 00
525 3399 727 3463 orientalium
753 3399 886 3463 traditio
910 3399 1002 3464 babet
1025 3400 1168 3466 ccclesia·

51 3521 126 3579 tam,
160 3497 257 3563 aliter
278 3500 370 3588 liupila
394 3509 522 3562 0000100
546 3499 715 3562 Romanae
744 3498 902 3562 ecclcsiae.
951 3499 1171 3564 Nemeorum

51 3597 237 3675 sacerdotes,
272 3597 416 3675 diaconi,
449 3607 541 3682 atquc
565 3595 762 3675 subdiaconi,
794 3598 994 3660 matrimonio
1019 3598 1168 3683 copulan-

51 3705 110 3760 tur:
134 3697 228 3761 iatc'ua
252 3706 356 3759 autem
380 3695 527 3759 acclesiae
551 3694 601 3758 ccl
624 3694 865 3758 occidentalium
892 3695 1000 3759 naillac
1023 3696 1168 3758 cacerdo-

51 3803 108 3857 tam
131 3819 151 3859 0
175 3794 366 3859 subdiacono
395 3787 491 3880 usqae
523 3792 567 3856 ad
591 3793 770 3878 episcopam
800 3793 960 3858 licentiam
982 3791 1074 3856 babet
1097 3815 1167 3857 coa·

43 3895 161 3980 japiam
191 3893 355 3957 sortiendi.
404 3891 496 3956 Haec
527 3890 630 3954 verba
659 3900 771 3953 tamen
796 3893 904 3978 potius
929 3891 1091 3978 Stephani
1114 3890 1167 3956 IX

50 3987 88 4074 (a.
113 3989 348 4076 1057-1058)
372 4013 453 4070 esse,
479 3987 599 4053 eruditi
624 3987 844 4074 advertunt.2)

117 4133 136 4202 ¹)
156 4133 254 4187 Fusius
278 4131 345 4186 haec
368 4131 492 4186 invenies
517 4127 641 4197 exposita
666 4143 709 4197 ap.
729 4129 844 4196 101110,
873 4131 890 4184 l.
911 4146 931 4184 c.
953 4131 977 4202 ξ.
997 4131 1026 4199 8;
1057 4127 1166 4184 Natalis

49 4209 196 4266 Alexander
215 4212 250 4269 H.
269 4213 300 4266 E.
321 4212 433 4266 Dissert.
453 4211 519 4266 XIX
539 4210 567 4264 ia
586 4208 688 4266 Saecul.
708 4209 755 4267 IV.

115 4293 136 4362 ²)
157 4293 188 4349 V.
208 4291 320 4357 Loutia,
339 4292 356 4347 l.
376 4307 398 4345 c.
417 4308 442 4360 p.
463 4291 522 4346 113.

955 4379 1004 4435 11*
