<?xml version="1.0" encoding="UTF-8"?>
<!DOCTYPE html PUBLIC "-//W3C//DTD XHTML 1.0 Transitional//EN"
    "http://www.w3.org/TR/xhtml1/DTD/xhtml1-transitional.dtd">
<html xmlns="http://www.w3.org/1999/xhtml" xml:lang="en" lang="en">
 <head>
  <title>
</title>
<meta http-equiv="Content-Type" content="text/html;charset=utf-8" />
  <meta name='ocr-system' content='tesseract 3.04.00' />
  <meta name='ocr-capabilities' content='ocr_page ocr_carea ocr_par ocr_line ocrx_word'/>
</head>
<body>
  <div class='ocr_page' id='page_1' title='image "./dissertationess01junggoog_0367.png"; bbox 0 0 2932 4836; ppageno 0'>
   <div class='ocr_carea' id='block_1_1' title="bbox 319 483 1123 541">
    <p class='ocr_par' dir='ltr' id='par_1_1' title="bbox 319 483 1123 541">
     <span class='ocr_line' id='line_1_1' title="bbox 319 483 1123 541; baseline -0.002 0"><span class='ocrx_word' id='word_1_1' title='bbox 319 488 371 541; x_wconf 77' lang='grc'><strong>356</strong></span> <span class='ocrx_word' id='word_1_2' title='bbox 634 483 723 539; x_wconf 84' lang='lat' dir='ltr'><strong>XVII.</strong></span> <span class='ocrx_word' id='word_1_3' title='bbox 761 484 801 538; x_wconf 87' lang='lat' dir='ltr'><strong>De</strong></span> <span class='ocrx_word' id='word_1_4' title='bbox 818 483 962 538; x_wconf 76' lang='lat' dir='ltr'>schismate</span> <span class='ocrx_word' id='word_1_5' title='bbox 981 483 1123 540; x_wconf 87' lang='lat' dir='ltr'><strong>Photiano.</strong></span> 
     </span>
    </p>
   </div>
   <div class='ocr_carea' id='block_1_2' title="bbox 319 627 1419 716">
    <p class='ocr_par' dir='ltr' id='par_1_2' title="bbox 319 569 1448 716">
     <span class='ocr_line' id='line_1_2' title="bbox 319 627 1419 716; baseline -0.003 -23"><span class='ocrx_word' id='word_1_6' title='bbox 319 627 481 716; x_wconf 90' lang='lat' dir='ltr'><strong>ejusmodi</strong></span> <span class='ocrx_word' id='word_1_7' title='bbox 501 629 573 714; x_wconf 91' lang='lat' dir='ltr'><strong>jam</strong></span> <span class='ocrx_word' id='word_1_8' title='bbox 598 628 740 691; x_wconf 80' lang='lat' dir='ltr'><strong>immitti.</strong></span> <span class='ocrx_word' id='word_1_9' title='bbox 772 627 856 690; x_wconf 90' lang='lat' dir='ltr'><strong>Inde</strong></span> <span class='ocrx_word' id='word_1_10' title='bbox 873 629 994 708; x_wconf 87' lang='lat' dir='ltr'><strong>evenit,</strong></span> <span class='ocrx_word' id='word_1_11' title='bbox 1019 637 1056 691; x_wconf 90' lang='lat' dir='ltr'><strong>ut</strong></span> <span class='ocrx_word' id='word_1_12' title='bbox 1069 628 1255 714; x_wconf 87' lang='lat' dir='ltr'><strong>Imperator</strong></span> <span class='ocrx_word' id='word_1_13' title='bbox 1270 637 1302 691; x_wconf 92' lang='lat' dir='ltr'><strong>et</strong></span> <span class='ocrx_word' id='word_1_14' title='bbox 1314 627 1419 692; x_wconf 85' lang='lat' dir='ltr'><strong>Bardas</strong></span> 
     </span>
    </p>
   </div>
   <div class='ocr_carea' id='block_1_3' title="bbox 318 724 1448 1204">
    <p class='ocr_par' dir='ltr' id='par_1_3' title="bbox 318 724 1448 1204">
     <span class='ocr_line' id='line_1_3' title="bbox 319 724 1448 811; baseline -0.001 -20"><span class='ocrx_word' id='word_1_15' title='bbox 319 748 471 791; x_wconf 86' lang='lat' dir='ltr'><strong>securum</strong></span> <span class='ocrx_word' id='word_1_16' title='bbox 505 726 647 790; x_wconf 86' lang='lat' dir='ltr'><strong>reditum</strong></span> <span class='ocrx_word' id='word_1_17' title='bbox 680 725 810 810; x_wconf 84' lang='lat' dir='ltr'><strong>Ignatio</strong></span> <span class='ocrx_word' id='word_1_18' title='bbox 843 724 977 810; x_wconf 91' lang='lat' dir='ltr'><strong>publice</strong></span> <span class='ocrx_word' id='word_1_19' title='bbox 1009 727 1254 811; x_wconf 82' lang='lat' dir='ltr'><strong>promitterent3</strong></span> <span class='ocrx_word' id='word_1_20' title='bbox 1290 747 1419 790; x_wconf 81' lang='lat' dir='ltr'><strong>reversus</strong></span> <span class='ocrx_word' id='word_1_21' title='bbox 1447 739 1448 800; x_wconf 66' lang='lat' dir='ltr'><strong>i</strong></span> 
     </span>
     <span class='ocr_line' id='line_1_4' title="bbox 320 822 1419 910; baseline -0.002 -22"><span class='ocrx_word' id='word_1_22' title='bbox 320 827 420 910; x_wconf 87' lang='lat' dir='ltr'><strong>igitur</strong></span> <span class='ocrx_word' id='word_1_23' title='bbox 443 826 513 910; x_wconf 89' lang='lat' dir='ltr'><strong>ipse</strong></span> <span class='ocrx_word' id='word_1_24' title='bbox 537 826 571 887; x_wconf 91' lang='lat' dir='ltr'><strong>in</strong></span> <span class='ocrx_word' id='word_1_25' title='bbox 596 825 831 888; x_wconf 88' lang='lat' dir='ltr'><strong>monasterium</strong></span> <span class='ocrx_word' id='word_1_26' title='bbox 855 845 925 886; x_wconf 88' lang='lat' dir='ltr'><strong>sese</strong></span> <span class='ocrx_word' id='word_1_27' title='bbox 944 825 1079 908; x_wconf 89' lang='lat' dir='ltr'><strong>recepit.</strong></span> <span class='ocrx_word' id='word_1_28' title='bbox 1096 863 1140 872; x_wconf 91' lang='lat'><em>-</em></span> <span class='ocrx_word' id='word_1_29' title='bbox 1156 822 1295 888; x_wconf 90' lang='lat' dir='ltr'><strong>Photius</strong></span> <span class='ocrx_word' id='word_1_30' title='bbox 1309 825 1419 887; x_wconf 77' lang='lat' dir='ltr'><strong>interim</strong></span> 
     </span>
     <span class='ocr_line' id='line_1_5' title="bbox 319 913 1448 1007; baseline -0.004 -19"><span class='ocrx_word' id='word_1_31' title='bbox 319 923 446 988; x_wconf 83' lang='lat' dir='ltr'>studuit</span> <span class='ocrx_word' id='word_1_32' title='bbox 474 923 606 987; x_wconf 90' lang='lat' dir='ltr'><strong>firmare</strong></span> <span class='ocrx_word' id='word_1_33' title='bbox 637 922 832 1006; x_wconf 85' lang='lat' dir='ltr'><strong>dignitatem</strong></span> <span class='ocrx_word' id='word_1_34' title='bbox 864 943 968 986; x_wconf 88' lang='lat' dir='ltr'><strong>suam.</strong></span> <span class='ocrx_word' id='word_1_35' title='bbox 1016 921 1233 1007; x_wconf 86' lang='lat' dir='ltr'><strong>Splendorem</strong></span> <span class='ocrx_word' id='word_1_36' title='bbox 1263 921 1419 1007; x_wconf 79' lang='lat' dir='ltr'><strong>quemdam</strong></span> <span class='ocrx_word' id='word_1_37' title='bbox 1447 913 1448 992; x_wconf 79' lang='lat' dir='ltr'><strong>l</strong></span> 
     </span>
     <span class='ocr_line' id='line_1_6' title="bbox 318 1009 1448 1107; baseline -0.004 -22"><span class='ocrx_word' id='word_1_38' title='bbox 318 1020 556 1107; x_wconf 90' lang='lat' dir='ltr'><strong>patriarchatui</strong></span> <span class='ocrx_word' id='word_1_39' title='bbox 590 1041 647 1084; x_wconf 90' lang='lat' dir='ltr'><strong>suo</strong></span> <span class='ocrx_word' id='word_1_40' title='bbox 681 1018 858 1083; x_wconf 86' lang='lat' dir='ltr'><strong>conciliare</strong></span> <span class='ocrx_word' id='word_1_41' title='bbox 892 1031 1030 1084; x_wconf 89' lang='lat' dir='ltr'><strong>conatus</strong></span> <span class='ocrx_word' id='word_1_42' title='bbox 1062 1030 1111 1084; x_wconf 88' lang='lat' dir='ltr'><strong>est</strong></span> <span class='ocrx_word' id='word_1_43' title='bbox 1150 1021 1253 1084; x_wconf 74' lang='lat' dir='ltr'><strong>variis</strong></span> <span class='ocrx_word' id='word_1_44' title='bbox 1286 1017 1420 1104; x_wconf 85' lang='lat' dir='ltr'><strong>epistolis.</strong></span> <span class='ocrx_word' id='word_1_45' title='bbox 1447 1009 1448 1100; x_wconf 74' lang='lat' dir='ltr'><strong>l</strong></span> 
     </span>
     <span class='ocr_line' id='line_1_7' title="bbox 319 1108 1420 1204; baseline -0.004 -22"><span class='ocrx_word' id='word_1_46' title='bbox 319 1119 459 1204; x_wconf 89' lang='lat' dir='ltr'><strong>scriptis,</strong></span> <span class='ocrx_word' id='word_1_47' title='bbox 490 1115 669 1198; x_wconf 84' lang='lat' dir='ltr'>laboribus,</span> <span class='ocrx_word' id='word_1_48' title='bbox 694 1126 731 1181; x_wconf 88' lang='lat' dir='ltr'><strong>ut</strong></span> <span class='ocrx_word' id='word_1_49' title='bbox 754 1116 854 1180; x_wconf 85' lang='lat' dir='ltr'><strong>iidem</strong></span> <span class='ocrx_word' id='word_1_50' title='bbox 878 1108 1097 1181; x_wconf 82' lang='lat' dir='ltr'><strong>orthodoxam</strong></span> <span class='ocrx_word' id='word_1_51' title='bbox 1122 1127 1236 1181; x_wconf 91' lang='lat' dir='ltr'><strong>contra</strong></span> <span class='ocrx_word' id='word_1_52' title='bbox 1259 1116 1420 1180; x_wconf 77' lang='lat' dir='ltr'><strong>haereticos</strong></span> 
     </span>
    </p>
   </div>
   <div class='ocr_carea' id='block_1_4' title="bbox 149 1213 1448 4334">
    <p class='ocr_par' dir='ltr' id='par_1_4' title="bbox 149 1213 1448 4346">
     <span class='ocr_line' id='line_1_8' title="bbox 319 1213 1420 1300; baseline -0.005 -19"><span class='ocrx_word' id='word_1_53' title='bbox 319 1217 520 1297; x_wconf 89' lang='lat' dir='ltr'><strong>defenderet,</strong></span> <span class='ocrx_word' id='word_1_54' title='bbox 545 1225 577 1280; x_wconf 88' lang='lat' dir='ltr'><strong>et</strong></span> <span class='ocrx_word' id='word_1_55' title='bbox 592 1227 662 1279; x_wconf 90' lang='lat' dir='ltr'><strong>tum</strong></span> <span class='ocrx_word' id='word_1_56' title='bbox 678 1213 834 1299; x_wconf 86' lang='lat' dir='ltr'><strong>singulos,</strong></span> <span class='ocrx_word' id='word_1_57' title='bbox 856 1225 926 1278; x_wconf 92' lang='lat' dir='ltr'><strong>tum</strong></span> <span class='ocrx_word' id='word_1_58' title='bbox 943 1217 1088 1300; x_wconf 87' lang='lat' dir='ltr'><strong>integras</strong></span> <span class='ocrx_word' id='word_1_59' title='bbox 1103 1225 1210 1280; x_wconf 89' lang='lat' dir='ltr'><strong>sectas</strong></span> <span class='ocrx_word' id='word_1_60' title='bbox 1231 1225 1263 1278; x_wconf 89' lang='lat' dir='ltr'><strong>et</strong></span> <span class='ocrx_word' id='word_1_61' title='bbox 1279 1217 1420 1290; x_wconf 80' lang='lat' dir='ltr'><strong>nationes,</strong></span> 
     </span>
     <span class='ocr_line' id='line_1_9' title="bbox 318 1312 1421 1398; baseline -0.004 -20"><span class='ocrx_word' id='word_1_62' title='bbox 318 1316 366 1378; x_wconf 91' lang='lat' dir='ltr'><strong>uti</strong></span> <span class='ocrx_word' id='word_1_63' title='bbox 380 1313 592 1378; x_wconf 89' lang='lat' dir='ltr'><strong>Paulicianes</strong></span> <span class='ocrx_word' id='word_1_64' title='bbox 616 1313 825 1376; x_wconf 85' lang='lat' dir='ltr'><strong>etArmenos</strong></span> <span class='ocrx_word' id='word_1_65' title='bbox 850 1312 1112 1398; x_wconf 73' lang='lat' dir='ltr'><strong>monophysitas,</strong></span> <span class='ocrx_word' id='word_1_66' title='bbox 1136 1312 1307 1378; x_wconf 80' lang='lat' dir='ltr'><strong>Ecclesiae</strong></span> <span class='ocrx_word' id='word_1_67' title='bbox 1330 1334 1421 1376; x_wconf 86' lang='lat' dir='ltr'><strong>recon-</strong></span> 
     </span>
     <span class='ocr_line' id='line_1_10' title="bbox 319 1409 1420 1494; baseline -0.004 -18"><span class='ocrx_word' id='word_1_68' title='bbox 319 1411 455 1476; x_wconf 88' lang='lat' dir='ltr'><strong>ciliaret.</strong></span> <span class='ocrx_word' id='word_1_69' title='bbox 503 1411 569 1476; x_wconf 86' lang='lat' dir='ltr'><strong>Sed</strong></span> <span class='ocrx_word' id='word_1_70' title='bbox 600 1413 700 1474; x_wconf 89' lang='lat' dir='ltr'><strong>etiam</strong></span> <span class='ocrx_word' id='word_1_71' title='bbox 731 1421 768 1472; x_wconf 93' lang='lat' dir='ltr'><strong>ut</strong></span> <span class='ocrx_word' id='word_1_72' title='bbox 798 1411 907 1474; x_wconf 87' lang='lat' dir='ltr'><strong>varias</strong></span> <span class='ocrx_word' id='word_1_73' title='bbox 938 1421 1051 1494; x_wconf 86' lang='lat' dir='ltr'><strong>gentes</strong></span> <span class='ocrx_word' id='word_1_74' title='bbox 1079 1409 1231 1476; x_wconf 87' lang='lat' dir='ltr'><strong>infideles</strong></span> <span class='ocrx_word' id='word_1_75' title='bbox 1255 1410 1420 1476; x_wconf 82' lang='lat' dir='ltr'><strong>Slavomm.</strong></span> 
     </span>
     <span class='ocr_line' id='line_1_11' title="bbox 320 1507 1421 1594; baseline -0.005 -20"><span class='ocrx_word' id='word_1_76' title='bbox 320 1509 495 1588; x_wconf 83' lang='lat' dir='ltr'><strong>Chanaros,</strong></span> <span class='ocrx_word' id='word_1_77' title='bbox 527 1507 698 1594; x_wconf 86' lang='lat' dir='ltr'><strong>Balgaros,</strong></span> <span class='ocrx_word' id='word_1_78' title='bbox 730 1509 860 1588; x_wconf 87' lang='lat' dir='ltr'><strong>Russus,</strong></span> <span class='ocrx_word' id='word_1_79' title='bbox 893 1507 936 1572; x_wconf 93' lang='lat' dir='ltr'><strong>ad</strong></span> <span class='ocrx_word' id='word_1_80' title='bbox 960 1508 1060 1572; x_wconf 87' lang='lat' dir='ltr'><strong>iidem</strong></span> <span class='ocrx_word' id='word_1_81' title='bbox 1084 1509 1275 1589; x_wconf 87' lang='lat' dir='ltr'><strong>adduceret,</strong></span> <span class='ocrx_word' id='word_1_82' title='bbox 1304 1507 1421 1572; x_wconf 80' lang='lat' dir='ltr'><strong>Photius</strong></span> 
     </span>
     <span class='ocr_line' id='line_1_12' title="bbox 319 1605 1421 1691; baseline -0.005 -19"><span class='ocrx_word' id='word_1_83' title='bbox 319 1609 535 1673; x_wconf 89' lang='lat' dir='ltr'><strong>missionariis</strong></span> <span class='ocrx_word' id='word_1_84' title='bbox 559 1629 596 1671; x_wconf 89' lang='lat' dir='ltr'><strong>eo</strong></span> <span class='ocrx_word' id='word_1_85' title='bbox 622 1607 755 1670; x_wconf 91' lang='lat' dir='ltr'><strong>directis</strong></span> <span class='ocrx_word' id='word_1_86' title='bbox 779 1627 912 1691; x_wconf 88' lang='lat' dir='ltr'><strong>operam</strong></span> <span class='ocrx_word' id='word_1_87' title='bbox 937 1605 1040 1672; x_wconf 82' lang='lat' dir='ltr'><strong>dedit.</strong></span> <span class='ocrx_word' id='word_1_88' title='bbox 1087 1607 1133 1670; x_wconf 78' lang='lat' dir='ltr'><strong>At</strong></span> <span class='ocrx_word' id='word_1_89' title='bbox 1156 1629 1198 1670; x_wconf 85' lang='lat' dir='ltr'><strong>ex</strong></span> <span class='ocrx_word' id='word_1_90' title='bbox 1222 1605 1324 1670; x_wconf 86' lang='lat' dir='ltr'><strong>altera</strong></span> <span class='ocrx_word' id='word_1_91' title='bbox 1347 1615 1421 1690; x_wconf 87' lang='lat' dir='ltr'><strong>parte</strong></span> 
     </span>
     <span class='ocr_line' id='line_1_13' title="bbox 319 1703 1421 1790; baseline -0.005 -22"><span class='ocrx_word' id='word_1_92' title='bbox 319 1707 353 1770; x_wconf 89' lang='lat' dir='ltr'><strong>iu</strong></span> <span class='ocrx_word' id='word_1_93' title='bbox 378 1707 480 1790; x_wconf 90' lang='lat' dir='ltr'><strong>impia</strong></span> <span class='ocrx_word' id='word_1_94' title='bbox 505 1704 659 1789; x_wconf 87' lang='lat' dir='ltr'><strong>superbia</strong></span> <span class='ocrx_word' id='word_1_95' title='bbox 685 1713 716 1768; x_wconf 90' lang='lat' dir='ltr'><strong>et</strong></span> <span class='ocrx_word' id='word_1_96' title='bbox 738 1703 920 1767; x_wconf 79' lang='lat' dir='ltr'><strong>ambitione</strong></span> <span class='ocrx_word' id='word_1_97' title='bbox 943 1725 1168 1788; x_wconf 87' lang='lat' dir='ltr'><strong>perseverans,</strong></span> <span class='ocrx_word' id='word_1_98' title='bbox 1192 1705 1342 1789; x_wconf 81' lang='lat' dir='ltr'><strong>pessimis</strong></span> <span class='ocrx_word' id='word_1_99' title='bbox 1363 1705 1421 1767; x_wconf 86' lang='lat' dir='ltr'><strong>arti-</strong></span> 
     </span>
     <span class='ocr_line' id='line_1_14' title="bbox 317 1801 1381 1888; baseline -0.004 -20"><span class='ocrx_word' id='word_1_100' title='bbox 317 1803 380 1868; x_wconf 89' lang='lat' dir='ltr'><strong>bus</strong></span> <span class='ocrx_word' id='word_1_101' title='bbox 403 1805 651 1888; x_wconf 83' lang='lat' dir='ltr'><strong>usurpationem</strong></span> <span class='ocrx_word' id='word_1_102' title='bbox 676 1823 769 1865; x_wconf 90' lang='lat' dir='ltr'><strong>suam</strong></span> <span class='ocrx_word' id='word_1_103' title='bbox 795 1801 967 1866; x_wconf 88' lang='lat' dir='ltr'><strong>vindicare</strong></span> <span class='ocrx_word' id='word_1_104' title='bbox 990 1823 1030 1865; x_wconf 91' lang='lat' dir='ltr'><strong>ac</strong></span> <span class='ocrx_word' id='word_1_105' title='bbox 1054 1803 1137 1866; x_wconf 87' lang='lat' dir='ltr'><strong>tueri</strong></span> <span class='ocrx_word' id='word_1_106' title='bbox 1161 1823 1228 1867; x_wconf 91' lang='lat' dir='ltr'><strong>non</strong></span> <span class='ocrx_word' id='word_1_107' title='bbox 1253 1802 1381 1866; x_wconf 83' lang='lat' dir='ltr'><strong>destitit.</strong></span> 
     </span>
     <span class='ocr_line' id='line_1_15' title="bbox 149 1898 1422 1985; baseline -0.004 -21"><span class='ocrx_word' id='word_1_108' title='bbox 149 1914 221 1957; x_wconf 74' lang='lat' dir='ltr'><strong>Photss</strong></span> <span class='ocrx_word' id='word_1_109' title='bbox 235 1916 303 1964; x_wconf 72' lang='lat' dir='ltr'><strong>sut·-</strong></span> <span class='ocrx_word' id='word_1_110' title='bbox 407 1901 460 1965; x_wconf 75' lang='lat'><strong>45.</strong></span> <span class='ocrx_word' id='word_1_111' title='bbox 487 1899 605 1964; x_wconf 81' lang='lat' dir='ltr'><strong>Servili</strong></span> <span class='ocrx_word' id='word_1_112' title='bbox 626 1898 723 1985; x_wconf 90' lang='lat' dir='ltr'><strong>plane</strong></span> <span class='ocrx_word' id='word_1_113' title='bbox 740 1899 897 1984; x_wconf 89' lang='lat' dir='ltr'><strong>obsequio</strong></span> <span class='ocrx_word' id='word_1_114' title='bbox 912 1899 1107 1985; x_wconf 83' lang='lat' dir='ltr'><strong>imperatori</strong></span> <span class='ocrx_word' id='word_1_115' title='bbox 1129 1909 1162 1963; x_wconf 90' lang='lat' dir='ltr'><strong>et</strong></span> <span class='ocrx_word' id='word_1_116' title='bbox 1176 1898 1294 1963; x_wconf 83' lang='lat' dir='ltr'><strong>aulicis</strong></span> <span class='ocrx_word' id='word_1_117' title='bbox 1304 1901 1422 1985; x_wconf 80' lang='lat' dir='ltr'><strong>junctus</strong></span> 
     </span>
     <span class='ocr_line' id='line_1_16' title="bbox 318 1995 1421 2084; baseline -0.005 -22"><span class='ocrx_word' id='word_1_118' title='bbox 318 2009 381 2078; x_wconf 89' lang='lat' dir='ltr'><strong>est,</strong></span> <span class='ocrx_word' id='word_1_119' title='bbox 406 2009 438 2063; x_wconf 88' lang='lat' dir='ltr'><strong>et</strong></span> <span class='ocrx_word' id='word_1_120' title='bbox 461 2021 526 2064; x_wconf 90' lang='lat' dir='ltr'><strong>non</strong></span> <span class='ocrx_word' id='word_1_121' title='bbox 552 1998 656 2062; x_wconf 91' lang='lat' dir='ltr'><strong>solum</strong></span> <span class='ocrx_word' id='word_1_122' title='bbox 681 1996 823 2082; x_wconf 90' lang='lat' dir='ltr'><strong>publicis</strong></span> <span class='ocrx_word' id='word_1_123' title='bbox 847 2019 961 2061; x_wconf 93' lang='lat' dir='ltr'><strong>eorum</strong></span> <span class='ocrx_word' id='word_1_124' title='bbox 984 1998 1076 2061; x_wconf 89' lang='lat' dir='ltr'><strong>vitiis</strong></span> <span class='ocrx_word' id='word_1_125' title='bbox 1100 1995 1313 2084; x_wconf 90' lang='lat' dir='ltr'><strong>moribusque</strong></span> <span class='ocrx_word' id='word_1_126' title='bbox 1339 1997 1421 2060; x_wconf 89' lang='lat' dir='ltr'><strong>disso-</strong></span> 
     </span>
     <span class='ocr_line' id='line_1_17' title="bbox 317 2094 1420 2180; baseline -0.005 -20"><span class='ocrx_word' id='word_1_127' title='bbox 317 2096 394 2161; x_wconf 88' lang='lat' dir='ltr'><strong>lutis</strong></span> <span class='ocrx_word' id='word_1_128' title='bbox 410 2097 558 2177; x_wconf 82' lang='lat' dir='ltr'><strong>indulsit,</strong></span> <span class='ocrx_word' id='word_1_129' title='bbox 583 2094 690 2160; x_wconf 88' lang='lat' dir='ltr'><strong>sedin</strong></span> <span class='ocrx_word' id='word_1_130' title='bbox 707 2095 813 2180; x_wconf 88' lang='lat' dir='ltr'><strong>epulis</strong></span> <span class='ocrx_word' id='word_1_131' title='bbox 828 2105 860 2157; x_wconf 90' lang='lat' dir='ltr'><strong>et</strong></span> <span class='ocrx_word' id='word_1_132' title='bbox 874 2094 1169 2158; x_wconf 86' lang='lat' dir='ltr'><strong>comessationibus</strong></span> <span class='ocrx_word' id='word_1_133' title='bbox 1185 2094 1323 2160; x_wconf 85' lang='lat' dir='ltr'><strong>ludicris</strong></span> <span class='ocrx_word' id='word_1_134' title='bbox 1336 2096 1420 2157; x_wconf 88' lang='lat' dir='ltr'><strong>etiam</strong></span> 
     </span>
     <span class='ocr_line' id='line_1_18' title="bbox 317 2192 1422 2279; baseline -0.004 -21"><span class='ocrx_word' id='word_1_135' title='bbox 317 2197 443 2260; x_wconf 88' lang='lat' dir='ltr'><strong>socium</strong></span> <span class='ocrx_word' id='word_1_136' title='bbox 475 2195 555 2279; x_wconf 90' lang='lat' dir='ltr'><strong>ipsis</strong></span> <span class='ocrx_word' id='word_1_137' title='bbox 578 2215 612 2256; x_wconf 89' lang='lat' dir='ltr'><strong>se</strong></span> <span class='ocrx_word' id='word_1_138' title='bbox 636 2195 808 2278; x_wconf 88' lang='lat' dir='ltr'><strong>praestitit.</strong></span> <span class='ocrx_word' id='word_1_139' title='bbox 856 2193 1014 2278; x_wconf 87' lang='lat' dir='ltr'><strong>Epistolis</strong></span> <span class='ocrx_word' id='word_1_140' title='bbox 1038 2192 1238 2278; x_wconf 91' lang='lat' dir='ltr'><strong>quibusdam</strong></span> <span class='ocrx_word' id='word_1_141' title='bbox 1262 2192 1422 2279; x_wconf 65' lang='lat' dir='ltr'><strong>suppositis</strong></span> 
     </span>
     <span class='ocr_line' id='line_1_19' title="bbox 312 2289 1421 2378; baseline -0.006 -22"><span class='ocrx_word' id='word_1_142' title='bbox 312 2293 384 2378; x_wconf 91' lang='lat' dir='ltr'><strong>jam</strong></span> <span class='ocrx_word' id='word_1_143' title='bbox 415 2301 594 2377; x_wconf 87' lang='lat' dir='ltr'><strong>antequam</strong></span> <span class='ocrx_word' id='word_1_144' title='bbox 623 2289 750 2375; x_wconf 88' lang='lat' dir='ltr'><strong>legatus</strong></span> <span class='ocrx_word' id='word_1_145' title='bbox 780 2291 992 2376; x_wconf 88' lang='lat' dir='ltr'><strong>Imperatoris</strong></span> <span class='ocrx_word' id='word_1_146' title='bbox 1022 2291 1127 2354; x_wconf 86' lang='lat' dir='ltr'><strong>Roma</strong></span> <span class='ocrx_word' id='word_1_147' title='bbox 1158 2290 1282 2355; x_wconf 91' lang='lat' dir='ltr'><strong>rediret</strong></span> <span class='ocrx_word' id='word_1_148' title='bbox 1313 2289 1421 2354; x_wconf 89' lang='lat' dir='ltr'><strong>studuit</strong></span> 
     </span>
     <span class='ocr_line' id='line_1_20' title="bbox 318 2387 1420 2476; baseline -0.004 -22"><span class='ocrx_word' id='word_1_149' title='bbox 318 2387 542 2476; x_wconf 89' lang='lat' dir='ltr'><strong>comprobare,</strong></span> <span class='ocrx_word' id='word_1_150' title='bbox 567 2411 601 2452; x_wconf 89' lang='lat' dir='ltr'><strong>se</strong></span> <span class='ocrx_word' id='word_1_151' title='bbox 617 2399 654 2452; x_wconf 93' lang='lat' dir='ltr'><strong>ut</strong></span> <span class='ocrx_word' id='word_1_152' title='bbox 668 2388 852 2472; x_wconf 88' lang='lat' dir='ltr'><strong>legitimum</strong></span> <span class='ocrx_word' id='word_1_153' title='bbox 869 2388 1091 2474; x_wconf 84' lang='lat' dir='ltr'><strong>patriarcham</strong></span> <span class='ocrx_word' id='word_1_154' title='bbox 1108 2411 1127 2452; x_wconf 90' lang='lat' dir='ltr'><strong>a</strong></span> <span class='ocrx_word' id='word_1_155' title='bbox 1141 2388 1279 2452; x_wconf 89' lang='lat' dir='ltr'><strong>Nicolao</strong></span> <span class='ocrx_word' id='word_1_156' title='bbox 1294 2389 1420 2472; x_wconf 84' lang='lat' dir='ltr'><strong>agnosci.</strong></span> 
     </span>
     <span class='ocr_line' id='line_1_21' title="bbox 316 2485 1420 2574; baseline -0.005 -22"><span class='ocrx_word' id='word_1_157' title='bbox 316 2487 410 2574; x_wconf 91' lang='lat' dir='ltr'><strong>rejici</strong></span> <span class='ocrx_word' id='word_1_158' title='bbox 433 2488 612 2572; x_wconf 83' lang='lat' dir='ltr'><strong>ignatium.</strong></span> <span class='ocrx_word' id='word_1_159' title='bbox 650 2485 762 2566; x_wconf 80' lang='lat' dir='ltr'><strong>Quum</strong></span> <span class='ocrx_word' id='word_1_160' title='bbox 786 2507 864 2549; x_wconf 88' lang='lat' dir='ltr'><strong>vero</strong></span> <span class='ocrx_word' id='word_1_161' title='bbox 888 2486 957 2549; x_wconf 90' lang='lat' dir='ltr'><strong>Leo</strong></span> <span class='ocrx_word' id='word_1_162' title='bbox 981 2486 1108 2571; x_wconf 86' lang='lat' dir='ltr'><strong>legatus</strong></span> <span class='ocrx_word' id='word_1_163' title='bbox 1131 2486 1293 2566; x_wconf 85' lang='lat' dir='ltr'><strong>rediisset,</strong></span> <span class='ocrx_word' id='word_1_164' title='bbox 1316 2496 1347 2549; x_wconf 90' lang='lat' dir='ltr'><strong>et</strong></span> <span class='ocrx_word' id='word_1_165' title='bbox 1368 2485 1420 2568; x_wconf 87' lang='lat' dir='ltr'><strong>epi·</strong></span> 
     </span>
     <span class='ocr_line' id='line_1_22' title="bbox 317 2581 1420 2670; baseline -0.005 -20"><span class='ocrx_word' id='word_1_166' title='bbox 317 2584 419 2650; x_wconf 90' lang='lat' dir='ltr'><strong>stolae</strong></span> <span class='ocrx_word' id='word_1_167' title='bbox 442 2584 570 2650; x_wconf 89' lang='lat' dir='ltr'><strong>Nicolai</strong></span> <span class='ocrx_word' id='word_1_168' title='bbox 596 2584 716 2670; x_wconf 90' lang='lat' dir='ltr'><strong>quibus</strong></span> <span class='ocrx_word' id='word_1_169' title='bbox 739 2585 908 2668; x_wconf 79' lang='lat' dir='ltr'><strong>usurpatio</strong></span> <span class='ocrx_word' id='word_1_170' title='bbox 926 2585 996 2670; x_wconf 89' lang='lat' dir='ltr'><strong>ejus</strong></span> <span class='ocrx_word' id='word_1_171' title='bbox 1018 2581 1240 2648; x_wconf 81' lang='lat' dir='ltr'><strong>damnabatur</strong></span> <span class='ocrx_word' id='word_1_172' title='bbox 1255 2582 1420 2648; x_wconf 83' lang='lat' dir='ltr'><strong>Constanti·</strong></span> 
     </span>
     <span class='ocr_line' id='line_1_23' title="bbox 317 2679 1421 2769; baseline -0.004 -23"><span class='ocrx_word' id='word_1_173' title='bbox 317 2682 463 2769; x_wconf 92' lang='lat' dir='ltr'><strong>nopolim</strong></span> <span class='ocrx_word' id='word_1_174' title='bbox 496 2683 738 2768; x_wconf 87' lang='lat' dir='ltr'><strong>pervenissent,</strong></span> <span class='ocrx_word' id='word_1_175' title='bbox 770 2692 914 2766; x_wconf 89' lang='lat' dir='ltr'><strong>quantae</strong></span> <span class='ocrx_word' id='word_1_176' title='bbox 938 2691 1023 2744; x_wconf 88' lang='lat' dir='ltr'><strong>esset</strong></span> <span class='ocrx_word' id='word_1_177' title='bbox 1046 2683 1271 2767; x_wconf 88' lang='lat' dir='ltr'><strong>perversitatis</strong></span> <span class='ocrx_word' id='word_1_178' title='bbox 1293 2679 1421 2746; x_wconf 83' lang='lat' dir='ltr'><strong>luculen-</strong></span> 
     </span>
     <span class='ocr_line' id='line_1_24' title="bbox 316 2777 1420 2865; baseline -0.004 -21"><span class='ocrx_word' id='word_1_179' title='bbox 316 2783 383 2846; x_wconf 88' lang='lat' dir='ltr'><strong>tius</strong></span> <span class='ocrx_word' id='word_1_180' title='bbox 414 2781 648 2845; x_wconf 88' lang='lat' dir='ltr'><strong>manifestavit.</strong></span> <span class='ocrx_word' id='word_1_181' title='bbox 697 2777 860 2858; x_wconf 79' lang='lat' dir='ltr'><strong>Quamvis</strong></span> <span class='ocrx_word' id='word_1_182' title='bbox 884 2781 972 2843; x_wconf 91' lang='lat' dir='ltr'><strong>enim</strong></span> <span class='ocrx_word' id='word_1_183' title='bbox 997 2779 1186 2865; x_wconf 88' lang='lat' dir='ltr'><strong>frequenter</strong></span> <span class='ocrx_word' id='word_1_184' title='bbox 1207 2789 1420 2844; x_wconf 82' lang='lat' dir='ltr'><strong>asseverasset.</strong></span> 
     </span>
     <span class='ocr_line' id='line_1_25' title="bbox 315 2875 1420 2963; baseline -0.01 -18"><span class='ocrx_word' id='word_1_185' title='bbox 315 2879 449 2945; x_wconf 91' lang='lat' dir='ltr'><strong>nonnisi</strong></span> <span class='ocrx_word' id='word_1_186' title='bbox 480 2880 622 2943; x_wconf 88' lang='lat' dir='ltr'><strong>invitum</strong></span> <span class='ocrx_word' id='word_1_187' title='bbox 653 2888 685 2941; x_wconf 93' lang='lat' dir='ltr'><strong>et</strong></span> <span class='ocrx_word' id='word_1_188' title='bbox 717 2886 867 2942; x_wconf 89' lang='lat' dir='ltr'><strong>coactum</strong></span> <span class='ocrx_word' id='word_1_189' title='bbox 899 2900 933 2942; x_wconf 91' lang='lat' dir='ltr'><strong>se</strong></span> <span class='ocrx_word' id='word_1_190' title='bbox 957 2875 1204 2942; x_wconf 87' lang='lat' dir='ltr'><strong>formidandum</strong></span> <span class='ocrx_word' id='word_1_191' title='bbox 1229 2881 1420 2963; x_wconf 78' lang='lat' dir='ltr'><strong>episcopatus</strong></span> 
     </span>
     <span class='ocr_line' id='line_1_26' title="bbox 316 2976 1420 3062; baseline -0.005 -22"><span class='ocrx_word' id='word_1_192' title='bbox 316 2997 399 3040; x_wconf 90' lang='lat' dir='ltr'><strong>onus</strong></span> <span class='ocrx_word' id='word_1_193' title='bbox 423 2977 604 3060; x_wconf 85' lang='lat' dir='ltr'><strong>suscepisse</strong></span> <span class='ocrx_word' id='word_1_194' title='bbox 628 2985 726 3061; x_wconf 90' lang='lat' dir='ltr'><strong>atque</strong></span> <span class='ocrx_word' id='word_1_195' title='bbox 749 2985 890 3061; x_wconf 83' lang='lat' dir='ltr'><strong>portare,</strong></span> <span class='ocrx_word' id='word_1_196' title='bbox 915 2977 1108 3061; x_wconf 88' lang='lat' dir='ltr'><strong>neutiquam</strong></span> <span class='ocrx_word' id='word_1_197' title='bbox 1131 2976 1244 3040; x_wconf 90' lang='lat' dir='ltr'><strong>sedem</strong></span> <span class='ocrx_word' id='word_1_198' title='bbox 1269 2998 1365 3062; x_wconf 90' lang='lat' dir='ltr'><strong>quam</strong></span> <span class='ocrx_word' id='word_1_199' title='bbox 1384 2976 1420 3035; x_wconf 91' lang='lat' dir='ltr'><strong>in·</strong></span> 
     </span>
     <span class='ocr_line' id='line_1_27' title="bbox 317 3069 1420 3160; baseline -0.005 -24"><span class='ocrx_word' id='word_1_200' title='bbox 317 3083 449 3140; x_wconf 86' lang='lat' dir='ltr'><strong>vaserat</strong></span> <span class='ocrx_word' id='word_1_201' title='bbox 463 3072 605 3160; x_wconf 87' lang='lat' dir='ltr'><strong>reliquit,</strong></span> <span class='ocrx_word' id='word_1_202' title='bbox 632 3073 690 3136; x_wconf 91' lang='lat' dir='ltr'><strong>sed</strong></span> <span class='ocrx_word' id='word_1_203' title='bbox 706 3075 825 3157; x_wconf 85' lang='lat' dir='ltr'><strong>effecit,</strong></span> <span class='ocrx_word' id='word_1_204' title='bbox 852 3085 888 3136; x_wconf 95' lang='lat' dir='ltr'><strong>ut</strong></span> <span class='ocrx_word' id='word_1_205' title='bbox 903 3075 1062 3158; x_wconf 88' lang='lat' dir='ltr'><strong>rescripta</strong></span> <span class='ocrx_word' id='word_1_206' title='bbox 1075 3073 1246 3138; x_wconf 87' lang='lat' dir='ltr'><strong>Pontificis</strong></span> <span class='ocrx_word' id='word_1_207' title='bbox 1262 3075 1357 3138; x_wconf 88' lang='lat' dir='ltr'><strong>aunis</strong></span> <span class='ocrx_word' id='word_1_208' title='bbox 1370 3069 1420 3136; x_wconf 69' lang='lat' dir='ltr'><strong>aaa</strong></span> 
     </span>
     <span class='ocr_line' id='line_1_28' title="bbox 317 3169 1420 3258; baseline -0.005 -22"><span class='ocrx_word' id='word_1_209' title='bbox 317 3182 351 3236; x_wconf 91' lang='lat' dir='ltr'><strong>et</strong></span> <span class='ocrx_word' id='word_1_210' title='bbox 363 3172 427 3235; x_wconf 74' lang='lat'><strong>1363</strong></span> <span class='ocrx_word' id='word_1_211' title='bbox 442 3173 634 3236; x_wconf 88' lang='lat' dir='ltr'><strong>transmissa</strong></span> <span class='ocrx_word' id='word_1_212' title='bbox 649 3170 902 3250; x_wconf 85' lang='lat' dir='ltr'><strong>occultarentur,</strong></span> <span class='ocrx_word' id='word_1_213' title='bbox 927 3181 1025 3257; x_wconf 86' lang='lat' dir='ltr'><strong>atque</strong></span> <span class='ocrx_word' id='word_1_214' title='bbox 1039 3171 1233 3258; x_wconf 89' lang='lat' dir='ltr'><strong>Imperatori</strong></span> <span class='ocrx_word' id='word_1_215' title='bbox 1254 3193 1294 3235; x_wconf 90' lang='lat' dir='ltr'><strong>ac</strong></span> <span class='ocrx_word' id='word_1_216' title='bbox 1308 3169 1420 3235; x_wconf 83' lang='lat' dir='ltr'><strong>Bardaa</strong></span> 
     </span>
     <span class='ocr_line' id='line_1_29' title="bbox 317 3269 1419 3355; baseline -0.007 -20"><span class='ocrx_word' id='word_1_217' title='bbox 317 3270 400 3335; x_wconf 90' lang='lat' dir='ltr'><strong>illud</strong></span> <span class='ocrx_word' id='word_1_218' title='bbox 424 3271 586 3354; x_wconf 87' lang='lat' dir='ltr'><strong>persuasit</strong></span> <span class='ocrx_word' id='word_1_219' title='bbox 609 3271 821 3355; x_wconf 89' lang='lat' dir='ltr'><strong>principium,</strong></span> <span class='ocrx_word' id='word_1_220' title='bbox 846 3270 994 3332; x_wconf 89' lang='lat' dir='ltr'><strong>Romano</strong></span> <span class='ocrx_word' id='word_1_221' title='bbox 1011 3269 1166 3334; x_wconf 87' lang='lat' dir='ltr'><strong>Pontifici</strong></span> <span class='ocrx_word' id='word_1_222' title='bbox 1185 3270 1242 3355; x_wconf 91' lang='lat' dir='ltr'><strong>jus</strong></span> <span class='ocrx_word' id='word_1_223' title='bbox 1265 3291 1331 3333; x_wconf 92' lang='lat' dir='ltr'><strong>non</strong></span> <span class='ocrx_word' id='word_1_224' title='bbox 1354 3287 1419 3332; x_wconf 78' lang='lat' dir='ltr'><strong>esse.</strong></span> 
     </span>
     <span class='ocr_line' id='line_1_30' title="bbox 317 3365 1448 3454; baseline -0.005 -23"><span class='ocrx_word' id='word_1_225' title='bbox 317 3377 353 3431; x_wconf 92' lang='lat' dir='ltr'><strong>ut</strong></span> <span class='ocrx_word' id='word_1_226' title='bbox 385 3389 418 3430; x_wconf 89' lang='lat' dir='ltr'><strong>se</strong></span> <span class='ocrx_word' id='word_1_227' title='bbox 449 3367 603 3430; x_wconf 87' lang='lat' dir='ltr'><strong>misceret</strong></span> <span class='ocrx_word' id='word_1_228' title='bbox 632 3367 772 3450; x_wconf 83' lang='lat' dir='ltr'><strong>negotiis</strong></span> <span class='ocrx_word' id='word_1_229' title='bbox 796 3365 949 3452; x_wconf 86' lang='lat' dir='ltr'><strong>imperii,</strong></span> <span class='ocrx_word' id='word_1_230' title='bbox 980 3367 1129 3454; x_wconf 88' lang='lat' dir='ltr'><strong>adeoque</strong></span> <span class='ocrx_word' id='word_1_231' title='bbox 1157 3368 1249 3431; x_wconf 88' lang='lat' dir='ltr'><strong>irrita</strong></span> <span class='ocrx_word' id='word_1_232' title='bbox 1273 3389 1342 3431; x_wconf 89' lang='lat' dir='ltr'><strong>esse</strong></span> <span class='ocrx_word' id='word_1_233' title='bbox 1364 3365 1420 3450; x_wconf 81' lang='lat' dir='ltr'><strong>ejus</strong></span> <span class='ocrx_word' id='word_1_234' title='bbox 1447 3383 1448 3396; x_wconf 60' lang='lat'>¹</span> 
     </span>
     <span class='ocr_line' id='line_1_31' title="bbox 317 3463 1448 3550; baseline -0.004 -20"><span class='ocrx_word' id='word_1_235' title='bbox 317 3466 450 3530; x_wconf 89' lang='lat' dir='ltr'><strong>decreta</strong></span> <span class='ocrx_word' id='word_1_236' title='bbox 481 3467 515 3528; x_wconf 93' lang='lat' dir='ltr'><strong>in</strong></span> <span class='ocrx_word' id='word_1_237' title='bbox 541 3487 641 3529; x_wconf 87' lang='lat' dir='ltr'><strong>causa</strong></span> <span class='ocrx_word' id='word_1_238' title='bbox 665 3464 797 3549; x_wconf 85' lang='lat' dir='ltr'><strong>ignatii.</strong></span> <span class='ocrx_word' id='word_1_239' title='bbox 843 3465 910 3528; x_wconf 84' lang='lat' dir='ltr'><strong>Eos</strong></span> <span class='ocrx_word' id='word_1_240' title='bbox 933 3485 1022 3546; x_wconf 85' lang='lat' dir='ltr'><strong>vero,</strong></span> <span class='ocrx_word' id='word_1_241' title='bbox 1048 3467 1104 3550; x_wconf 92' lang='lat' dir='ltr'><strong>qui</strong></span> <span class='ocrx_word' id='word_1_242' title='bbox 1128 3465 1258 3550; x_wconf 84' lang='lat' dir='ltr'><strong>Ignatio</strong></span> <span class='ocrx_word' id='word_1_243' title='bbox 1283 3463 1420 3530; x_wconf 87' lang='lat' dir='ltr'><strong>adhaere·</strong></span> <span class='ocrx_word' id='word_1_244' title='bbox 1447 3497 1448 3526; x_wconf 56' lang='lat' dir='ltr'><strong>t</strong></span> 
     </span>
     <span class='ocr_line' id='line_1_32' title="bbox 317 3527 1448 3647; baseline -0.008 -20"><span class='ocrx_word' id='word_1_245' title='bbox 317 3563 408 3646; x_wconf 90' lang='lat' dir='ltr'><strong>bant,</strong></span> <span class='ocrx_word' id='word_1_246' title='bbox 433 3560 488 3625; x_wconf 83' lang='lat' dir='ltr'><strong>vel</strong></span> <span class='ocrx_word' id='word_1_247' title='bbox 512 3561 681 3626; x_wconf 87' lang='lat' dir='ltr'><strong>blanditiis</strong></span> <span class='ocrx_word' id='word_1_248' title='bbox 706 3562 740 3625; x_wconf 92' lang='lat' dir='ltr'><strong>in</strong></span> <span class='ocrx_word' id='word_1_249' title='bbox 765 3585 840 3626; x_wconf 90' lang='lat' dir='ltr'><strong>suas</strong></span> <span class='ocrx_word' id='word_1_250' title='bbox 863 3571 973 3647; x_wconf 87' lang='lat' dir='ltr'><strong>partes</strong></span> <span class='ocrx_word' id='word_1_251' title='bbox 996 3561 1126 3626; x_wconf 89' lang='lat' dir='ltr'><strong>trahere</strong></span> <span class='ocrx_word' id='word_1_252' title='bbox 1151 3573 1288 3627; x_wconf 86' lang='lat' dir='ltr'><strong>conatus</strong></span> <span class='ocrx_word' id='word_1_253' title='bbox 1302 3573 1357 3642; x_wconf 89' lang='lat' dir='ltr'><strong>est,</strong></span> <span class='ocrx_word' id='word_1_254' title='bbox 1378 3555 1419 3620; x_wconf 76' lang='lat' dir='ltr'><strong>vel</strong></span> <span class='ocrx_word' id='word_1_255' title='bbox 1447 3527 1448 3576; x_wconf 77' lang='lat' dir='ltr'><strong>l</strong></span> 
     </span>
     <span class='ocr_line' id='line_1_33' title="bbox 317 3657 1419 3746; baseline -0.005 -22"><span class='ocrx_word' id='word_1_256' title='bbox 317 3663 415 3746; x_wconf 86' lang='lat' dir='ltr'><strong>ipsos,</strong></span> <span class='ocrx_word' id='word_1_257' title='bbox 436 3661 483 3725; x_wconf 92' lang='lat' dir='ltr'><strong>uti</strong></span> <span class='ocrx_word' id='word_1_258' title='bbox 501 3670 533 3723; x_wconf 91' lang='lat' dir='ltr'><strong>et</strong></span> <span class='ocrx_word' id='word_1_259' title='bbox 549 3661 725 3743; x_wconf 83' lang='lat' dir='ltr'><strong>ignatium,</strong></span> <span class='ocrx_word' id='word_1_260' title='bbox 747 3659 827 3724; x_wconf 89' lang='lat' dir='ltr'><strong>diris</strong></span> <span class='ocrx_word' id='word_1_261' title='bbox 843 3657 1129 3745; x_wconf 88' lang='lat' dir='ltr'><strong>persecutionibus</strong></span> <span class='ocrx_word' id='word_1_262' title='bbox 1149 3661 1297 3726; x_wconf 83' lang='lat' dir='ltr'><strong>vexavit.</strong></span> <span class='ocrx_word' id='word_1_263' title='bbox 1335 3660 1419 3743; x_wconf 70' lang='lat' dir='ltr'><strong>Usque</strong></span> 
     </span>
     <span class='ocr_line' id='line_1_34' title="bbox 317 3757 1418 3845; baseline -0.004 -23"><span class='ocrx_word' id='word_1_264' title='bbox 317 3761 352 3822; x_wconf 83' lang='lat' dir='ltr'><strong>iu</strong></span> <span class='ocrx_word' id='word_1_265' title='bbox 368 3781 538 3845; x_wconf 80' lang='lat' dir='ltr'><strong>praescus,</strong></span> <span class='ocrx_word' id='word_1_266' title='bbox 567 3759 700 3843; x_wconf 87' lang='lat' dir='ltr'><strong>scripsit</strong></span> <span class='ocrx_word' id='word_1_267' title='bbox 721 3757 840 3822; x_wconf 90' lang='lat' dir='ltr'><strong>Photio</strong></span> <span class='ocrx_word' id='word_1_268' title='bbox 864 3757 1020 3822; x_wconf 88' lang='lat' dir='ltr'><strong>Nicolaus</strong></span> <span class='ocrx_word' id='word_1_269' title='bbox 1043 3780 1130 3822; x_wconf 91' lang='lat' dir='ltr'><strong>anno</strong></span> <span class='ocrx_word' id='word_1_270' title='bbox 1155 3759 1219 3823; x_wconf 86' lang='grc'><strong>866</strong></span> <span class='ocrx_word' id='word_1_271' title='bbox 1227 3807 1235 3840; x_wconf 94' lang='lat'><strong>,</strong></span> <span class='ocrx_word' id='word_1_272' title='bbox 1264 3759 1418 3822; x_wconf 71' lang='lat' dir='ltr'><strong>Ecclemm</strong></span> 
     </span>
     <span class='ocr_line' id='line_1_35' title="bbox 317 3855 1419 3943; baseline -0.005 -23"><span class='ocrx_word' id='word_1_273' title='bbox 317 3857 381 3920; x_wconf 81' lang='lat' dir='ltr'><strong>Dei</strong></span> <span class='ocrx_word' id='word_1_274' title='bbox 410 3855 543 3920; x_wconf 83' lang='lat' dir='ltr'><strong>diversis</strong></span> <span class='ocrx_word' id='word_1_275' title='bbox 567 3855 837 3943; x_wconf 77' lang='lat' dir='ltr'><strong>persecutionibus</strong></span> <span class='ocrx_word' id='word_1_276' title='bbox 860 3855 1044 3942; x_wconf 72' lang='lat' dir='ltr'><strong>impupuure</strong></span> <span class='ocrx_word' id='word_1_277' title='bbox 1071 3878 1136 3920; x_wconf 89' lang='lat' dir='ltr'><strong>uou</strong></span> <span class='ocrx_word' id='word_1_278' title='bbox 1158 3857 1287 3920; x_wconf 74' lang='lat' dir='ltr'><strong>decima.</strong></span> <span class='ocrx_word' id='word_1_279' title='bbox 1332 3857 1375 3918; x_wconf 81' lang='lat' dir='ltr'><strong>lta</strong></span> <span class='ocrx_word' id='word_1_280' title='bbox 1394 3863 1419 3914; x_wconf 76' lang='lat' dir='ltr'><strong>et</strong></span> 
     </span>
     <span class='ocr_line' id='line_1_36' title="bbox 309 3955 1416 4040; baseline -0.005 -22"><span class='ocrx_word' id='word_1_281' title='bbox 309 3955 450 4040; x_wconf 84' lang='lat' dir='ltr'><strong>fratrem</strong></span> <span class='ocrx_word' id='word_1_282' title='bbox 473 3965 503 4017; x_wconf 87' lang='lat' dir='ltr'><strong>at</strong></span> <span class='ocrx_word' id='word_1_283' title='bbox 525 3956 739 4040; x_wconf 75' lang='lat' dir='ltr'><strong>coepiscopum</strong></span> <span class='ocrx_word' id='word_1_284' title='bbox 762 3965 903 4018; x_wconf 72' lang='lat' dir='ltr'><strong>ausuum</strong></span> <span class='ocrx_word' id='word_1_285' title='bbox 927 3955 1104 4038; x_wconf 79' lang='lat' dir='ltr'><strong>lquatium,</strong></span> <span class='ocrx_word' id='word_1_286' title='bbox 1127 3955 1352 4018; x_wconf 71' lang='lat' dir='ltr'><strong>astutissimam</strong></span> <span class='ocrx_word' id='word_1_287' title='bbox 1366 3973 1416 4036; x_wconf 83' lang='lat' dir='ltr'><strong>pu·</strong></span> 
     </span>
     <span class='ocr_line' id='line_1_37' title="bbox 318 4049 1417 4138; baseline -0.003 -22"><span class='ocrx_word' id='word_1_288' title='bbox 318 4054 505 4131; x_wconf 78' lang='lat' dir='ltr'><strong>triorchem,</strong></span> <span class='ocrx_word' id='word_1_289' title='bbox 538 4053 695 4116; x_wconf 78' lang='lat' dir='ltr'><strong>iraauditis</strong></span> <span class='ocrx_word' id='word_1_290' title='bbox 712 4054 827 4138; x_wconf 81' lang='lat' dir='ltr'><strong>poem-ia</strong></span> <span class='ocrx_word' id='word_1_291' title='bbox 852 4063 881 4115; x_wconf 84' lang='lat' dir='ltr'><strong>et</strong></span> <span class='ocrx_word' id='word_1_292' title='bbox 903 4051 1107 4117; x_wconf 76' lang='lat' dir='ltr'><strong>lterua&#39;bila&#39;bua</strong></span> <span class='ocrx_word' id='word_1_293' title='bbox 1131 4053 1290 4116; x_wconf 80' lang='lat' dir='ltr'><strong>tormentis</strong></span> <span class='ocrx_word' id='word_1_294' title='bbox 1309 4049 1417 4136; x_wconf 71' lang='lat' dir='ltr'><strong>affiatu¹</strong></span> 
     </span>
     <span class='ocr_line' id='line_1_38' title="bbox 317 4145 1448 4238; baseline -0.001 -26"><span class='ocrx_word' id='word_1_295' title='bbox 317 4174 381 4214; x_wconf 79' lang='lat' dir='ltr'><strong>riou</strong></span> <span class='ocrx_word' id='word_1_296' title='bbox 405 4152 554 4235; x_wconf 59' lang='lat' dir='ltr'><strong>quietata·</strong></span> <span class='ocrx_word' id='word_1_297' title='bbox 582 4150 638 4214; x_wconf 82' lang='lat' dir='ltr'><strong>aad</strong></span> <span class='ocrx_word' id='word_1_298' title='bbox 660 4161 689 4214; x_wconf 86' lang='lat' dir='ltr'><strong>at</strong></span> <span class='ocrx_word' id='word_1_299' title='bbox 713 4173 816 4214; x_wconf 75' lang='lat' dir='ltr'><strong>enarres</strong></span> <span class='ocrx_word' id='word_1_300' title='bbox 838 4160 986 4236; x_wconf 80' lang='lat' dir='ltr'><strong>quotquot</strong></span> <span class='ocrx_word' id='word_1_301' title='bbox 1004 4173 1066 4236; x_wconf 85' lang='lat' dir='ltr'><strong>pro</strong></span> <span class='ocrx_word' id='word_1_302' title='bbox 1091 4152 1222 4216; x_wconf 67' lang='lat' dir='ltr'><strong>ueritate</strong></span> <span class='ocrx_word' id='word_1_303' title='bbox 1243 4161 1271 4214; x_wconf 79' lang='lat' dir='ltr'><strong>et</strong></span> <span class='ocrx_word' id='word_1_304' title='bbox 1290 4145 1412 4236; x_wconf 73' lang='lat' dir='ltr'><strong>profldv</strong></span> <span class='ocrx_word' id='word_1_305' title='bbox 1447 4227 1448 4238; x_wconf 10' lang='grc' dir='ltr'>ἵ</span> 
     </span>
     <span class='ocr_line' id='line_1_39' title="bbox 318 4243 1415 4334; baseline -0.008 -25"><span class='ocrx_word' id='word_1_306' title='bbox 318 4247 472 4311; x_wconf 72' lang='lat' dir='ltr'><strong>corramode</strong></span> <span class='ocrx_word' id='word_1_307' title='bbox 480 4250 651 4333; x_wconf 84' lang='lat' dir='ltr'><strong>persistere</strong></span> <span class='ocrx_word' id='word_1_308' title='bbox 664 4248 880 4334; x_wconf 78' lang='lat' dir='ltr'><strong>deprehendis,</strong></span> <span class='ocrx_word' id='word_1_309' title='bbox 896 4247 1185 4333; x_wconf 78' lang='lat' dir='ltr'><strong>quibusproeualea</strong></span> <span class='ocrx_word' id='word_1_310' title='bbox 1195 4249 1293 4313; x_wconf 68' lang='lat' dir='ltr'><strong>enodis</strong></span> <span class='ocrx_word' id='word_1_311' title='bbox 1301 4243 1415 4334; x_wconf 75' lang='lat' dir='ltr'><strong>perdam·</strong></span> 
     </span>
    </p>
   </div>
   <div class='ocr_carea' id='block_1_5' title="bbox 0 0 1470 4836">
    <p class='ocr_par' dir='ltr' id='par_1_5' title="bbox 0 0 1470 4836">
     <span class='ocr_line' id='line_1_40' title="bbox 0 0 1470 4836; baseline 0 0"><span class='ocrx_word' id='word_1_312' title='bbox 0 0 1470 4836; x_wconf 95' lang='lat' dir='ltr'><strong> </strong></span> 
     </span>
    </p>
   </div>
  </div>
 </body>
</html>
