2962 4840
414 463 518 558 tensae
533 463 717 533 principatum
734 468 954 534 praeparantes„
1187 467 1231 540 Ι00

99 607 224 694 puit1),
250 630 292 672 ac
315 607 485 674 dioeceses
508 606 628 672 harum
649 607 820 692 regionum
844 606 1080 694 etquelllyrioi
1097 609 1231 696 juribus

95 703 387 792 patriarchalibus
409 703 582 772 Pontificis
606 703 780 770 subtraxit.
1183 783 1185 789 Ι

194 804 249 868 22.
276 803 356 871 Post
389 801 589 868 decennium
621 823 718 888 porro
746 802 974 888 Luitprandus
997 789 1230 888 Longobsrdo-
1255 809 1386 913 ¹:¹3⁶&

99 923 180 966 rum
201 923 267 965 rex
296 902 417 988 iterum
449 921 579 966 summa
603 900 797 966 discrimina
819 901 978 969 Romanis
1007 923 1047 966 ac
1070 900 1230 988 Gregorio
1262 933 1322 984 gorio
1338 931 1376 974 ιι,

102 999 156 1064 ΙΠ
186 998 349 1065 Pontifici
380 999 523 1084 paravit.
567 997 694 1062 Versus
724 1019 850 1063 annum
885 998 948 1065 ‘138
981 997 1138 1066 videlieet
1161 1001 1231 1086 ipse

95 1097 214 1162 denuo
240 1098 393 1162 animum
416 1117 514 1160 sunm
538 1115 576 1159 eo
602 1097 718 1174 vertit,
752 1104 787 1159 ut
811 1093 1013 1160 Graecorum
1040 1098 1231 1182 provincias

102 1218 142 1258 ac
175 1194 344 1260 ditionem
366 1193 551 1260 Romanam
584 1215 643 1257 suo
661 1193 818 1280 jungeret
839 1213 951 1280 regno.
998 1193 1230 1282 Ravennatem

103 1294 281 1378 regionem
304 1290 495 1357 devastatus
519 1301 577 1374 est,
601 1300 700 1378 atque
728 1290 912 1358 edacibus
936 1290 1231 1374 feudatariis'l'ra·

95 1389 265 1456 simundo
289 1388 467 1475 Spoletano
492 1397 524 1453 et
547 1386 750 1454 Godesealco
777 1387 1014 1458 Beneventano
1038 1389 1229 1478 postulavit,

102 1501 139 1552 ut
175 1490 244 1574 ipsi
271 1488 433 1552 ducatum
456 1487 643 1552 Romanurn
675 1483 881 1552 invaderent.
926 1485 1098 1554 Iniverant
1120 1499 1230 1556 autem

97 1586 210 1650 duces
245 1584 296 1650 illi
328 1584 463 1650 foedera
491 1585 601 1653 amica
633 1606 709 1650 cum
740 1583 903 1649 Pontifice
932 1592 1031 1670 atque
1064 1585 1231 1653 Romanis.

104 1685 276 1764 Quamvis
299 1684 388 1747 enim
412 1681 592 1746 feudatarii
610 1682 827 1766 essentregis,
852 1681 1015 1748 territoria
1038 1692 1148 1748 tamen
1172 1706 1232 1748 sua

94 1781 330 1848 haereditario
350 1780 427 1864 jure
451 1778 677 1866 possidebant,
702 1787 735 1843 et
758 1777 1051 1864 independentiam
1075 1803 1230 1866 magnam

98 1897 297 1966 temporum
321 1877 467 1942 decursu
498 1877 739 1964 acquisierant3
778 1897 881 1961 eoque
911 1875 1035 1940 dixeris
1067 1889 1231 1964 spectasse

103 1978 161 2044 illa
186 1999 268 2042 cum
291 1976 453 2040 Romanis
476 1974 625 2056 foedera,
656 1983 692 2038 ut
721 1996 755 2038 sc
778 1983 892 2039 mutuo
921 1984 1034 2039 contra
1056 1973 1231 2063 Luitpran·

104 2075 139 2138 di
180 2072 379 2139 dominandi
414 2072 607 2158 cupidinem
645 2081 824 2138 tuerentur.
880 2071 1101 2138 Declinarunt
1130 2075 1231 2158 igitur

105 2172 211 2236 duces
235 2169 434 2256 Spoletanus
459 2180 491 2234 et
513 2171 771 2235 Beneventanus
801 2169 937 2256 obsequi
965 2171 1051 2258 regis
1075 2171 1229 2236 mandato

105 2271 245 2355 injusto.
283 2268 317 2332 Is
340 2278 514 2356 propterea
537 2267 726 2332 rebellionis
742 2289 797 2356 eos
820 2268 1001 2348 accusavit,
1025 2277 1058 2332 et
1081 2272 1230 2355 sequenti

104 2389 195 2431 anno
222 2365 509 2430 responsorum
540 2367 745 2430 incursiones
778 2367 813 2429 in
836 2365 1036 2430 territorium
1059 2365 1230 2432 Ravenna-

106 2477 179 2530 tum
203 2474 399 2550 prosecutus
423 2473 481 2545 est,
506 2463 619 2550 ibique
642 2464 823 2550 praecipue
849 2465 1049 2548 patrimonia
1072 2463 1230 2528 ecclesiae

105 2563 280 2628 Romanae
313 2560 518 2643 devastavit,
552 2561 667 2626 sedet
698 2559 856 2626 ducatum
880 2559 1094 2646 Spoletanum
1118 2560 1229 2627 valido

105 2683 185 2724 cum
209 2661 360 2724 exercitu
384 2657 518 2724 adortus
542 2663 631 2741 esur).
663 2657 905 2724 Trasimundus
929 2657 1008 2740 dux,
1034 2679 1136 2744 quum
1160 2682 1229 2746 per·

108 2760 248 2822 sentiret
271 2779 306 2820 se
328 2758 398 2842 regi
431 2758 581 2820 resistere
614 2778 681 2821 non
705 2778 810 2842 posse,
834 2755 914 2841 fuga
937 2765 1067 2842 arrepta
1089 2757 1229 2822 Romam

109 2879 143 2920 se
166 2854 320 2920 contulit.
366 2852 594 2941 Luitprandus
613 2876 692 2918 vero
717 2876 828 2918 mense
843 2853 944 2920 Junio
968 2854 1047 2918 anni
1073 2855 1136 2919 739
1151 2853 1230 2943 Spo-

102 2953 210 3020 letum
236 2953 425 3038 occupavit,
448 2973 488 3016 ec
510 2950 656 3038 deposito
673 2951 894 3016 Trasimundo
918 2953 1087 3017 constituit
1110 2951 1229 3018 ducem

109 3051 333 3116 Hilderioum.
379 3049 500 3114 Paucis
531 3058 605 3134 post
638 3047 755 3115 diebus
788 3051 970 3115 exercitum
995 3048 1091 3114 duxit
1114 3072 1229 3116 versus

182 3283 204 3347 ¹)
222 3278 378 3334 Proventns
401 3278 496 3333 borum
521 3276 744 3347 patrimoniorum
770 3284 852 3335 orant
873 3279 933 3334 anri
957 3279 1121 3334 talentorum
1147 3280 1231 3334 trium

102 3375 166 3414 cnm
190 3359 305 3414 dimidio
327 3358 397 3428 (fero
419 3358 537 3423 000000
561 3357 734 3430 francorum).
777 3359 962 3414 Rotinuernnt
989 3359 1044 3416 ists
1066 3359 1231 3427 patrimonia

110 3437 219 3504 Gracci,
246 3439 330 3492 etiam
354 3443 415 3506 post
440 3435 604 3492 exstinctam
628 3437 856 3494 Iconoclastarum
878 3437 1025 3505 haeresim,
1044 3438 1096 3494 etsi
1114 3438 1230 3494 Hadria·

105 3533 157 3572 nus
174 3519 190 3572 I
209 3533 244 3571 ac
262 3517 324 3572 isin
333 3517 486 3572 NicolausI
504 3517 706 3572 restitutionem
725 3518 803 3574 enixe
821 3517 1000 3586 postularent
1036 3518 1149 3573 Nonnisi
1168 3524 1230 3587 post

106 3598 207 3667 ejecta
226 3613 262 3652 ex
280 3597 341 3652 istis
359 3595 515 3667 regionibus
534 3597 650 3652 Graecos
668 3603 698 3653 et
715 3597 867 3664 Saracenos,
886 3598 936 3653 sub
954 3597 1125 3662 Normanuis,
1144 3597 1229 3667 patri·

107 3679 197 3734 monia
216 3677 285 3732 baec
302 3682 394 3732 aetate
410 3676 516 3732 Nicolai
535 3677 562 3732 li
580 3678 616 3746 (a
643 3678 722 3746 1009)
741 3677 820 3734 Sedes
837 3677 959 3734 Romana
976 3677 1152 3745 recuperavit.
1174 3677 1228 3732 Cir.

106 3758 263 3826 Brunengo,
283 3756 392 3828 Origini
410 3774 437 3828 p.
456 3759 498 3812 ol.

180 3841 203 3909 ’p
221 3837 302 3892 Hanc
326 3836 411 3892 fnisse
434 3837 497 3892 belli
521 3837 668 3904 origenem,
687 3837 825 3907 mitigitur
844 3852 877 3890 ex
896 3835 1011 3904 epistola
1029 3837 1146 3892 secunda
1164 3835 1229 3891 Gre-

106 3919 176 3988 gorii
189 3917 233 3974 ΠΙ
251 3917 287 3972 ad
299 3917 425 3973 Carolnm
437 3915 599 3982 liartellnm
612 3916 641 3971 in
660 3932 713 3984 qna
725 3915 853 3972 Pontifex
871 3915 944 3970 inter
957 3915 1013 3970 alia
1027 3915 1132 3972 scribit:
1153 3915 1230 3982 „Non

105 3999 206 4065 oraim,
235 3997 290 4062 fili,
318 3995 449 4051 falsidicis
468 3996 689 4066 suggestionibus
714 4012 745 4050 ao
768 3995 938 4052 suasionibus
957 3996 1106 4052 eorumdem
1124 4010 1229 4065 regum,

108 4075 282 4148 (luitprandi
301 4081 331 4130 et
343 4076 520 4132 Hildebrandi
534 4075 592 4146 ejus
612 4075 725 4144 nepotis,
736 4091 815 4144 quem
824 4076 1009 4145 Luitprandus
1027 4075 1079 4132 sibi
1097 4075 1125 4130 in
1144 4091 1229 4146 regno

100 4159 277 4224 sociaverat)
306 4155 404 4212 Omnia
413 4157 485 4212 enim
497 4155 565 4212 false
577 4155 628 4211 tibi
640 4161 802 4226 suggerunt,
815 4156 961 4212 scribentes
974 4155 1228 4222 circumventionem

103 4239 177 4305 quod
197 4237 277 4306 quaet
296 4235 416 4303 aliquam
434 4236 540 4305 culpam
550 4236 715 4290 commissam
733 4235 852 4290 habeant
870 4235 908 4290 eis
928 4250 1018 4290 corum
1035 4235 1122 4298 duces,
1141 4233 1169 4289 id
1187 4239 1231 4290 ost

1095 4325 1126 4375 ἵ*
