2952 4832
288 437 342 488 ‘lid
531 433 604 488 XXI.
625 433 664 486 De
682 433 708 488 S.
728 433 860 502 Gregorio
880 433 935 487 VH
953 435 1030 490 Rom.
1051 437 1191 492 Pontibus.

289 577 532 642 Hilotae-antee
561 576 708 654 dixisset,
741 578 776 640 ia
804 574 952 642 elccboua
979 581 1195 646 Hortuuorum
1224 585 1392 668 Praetutia

289 675 456 740 secundum
479 675 605 740 demeto
627 684 806 738 somtoram
829 675 961 740 Petrum
982 677 1031 740 as'l
1053 680 1177 762 reqibrea
1200 703 1267 744 aare
1288 705 1392 746 conces

287 795 357 838 eam
379 772 434 860 (en
451 774 649 858 principium
663 771 847 857 juridicum
864 773 1125 860 fundamentala)
1149 789 1180 842 et
1202 778 1258 844 ille
1281 803 1394 866 respou-

287 871 395 949 disset,
429 894 468 933 cc
485 871 679 957 patritiatus
708 871 763 934 boc
787 868 878 936 licere
902 870 965 936 etti
986 873 1151 956 dignitate,
1188 898 1260 940 moto
1282 899 1393 941 omau-

287 969 362 1032 otta
386 970 628 1032 archidiaconus
651 968 820 1054 synodales
842 968 950 1056 objicit
967 973 1145 1055 positiones
1168 995 1209 1036 ere
1232 973 1397 1061 amaea

287 1066 426 1154 synodo,
463 1068 499 1130 ia
529 1090 591 1152 qua
622 1065 793 1151 interficere
824 1064 876 1132 CL
907 1069 1094 1154 cpr'soopffl).
1142 1069 1261 1156 Vides,
1302 1096 1395 1159 neque

287 1187 329 1228 ex
365 1166 558 1250 patriciatus
593 1164 734 1228 Romani
766 1163 927 1247 dignitate
966 1165 1109 1230 voluisse
1146 1167 1230 1234 illud
1264 1171 1321 1256 jus
1349 1171 1394 1235 ad-

287 1264 416 1326 mittere
441 1261 718 1342 Hildebrandum,
749 1284 789 1326 ao
813 1264 840 1326 si
864 1262 1005 1328 Romani
1030 1287 1181 1349 proceres
1206 1268 1394 1334 conferendo

285 1360 594 1446 quomodocumque
618 1361 829 1445 patriciatum
852 1363 1034 1446 potuissent
1058 1365 1157 1429 etiam
1183 1367 1361 1452 conferrej

287 1457 505 1522 confirmandi
531 1459 725 1523 electionem
748 1457 929 1524 Pontificio.
966 1460 1135 1540 Quamdiu
1160 1464 1319 1529 videlicet
1340 1487 1395 1528 nou

285 1555 447 1638 agebatur
480 1557 520 1620 de
544 1554 654 1642 aliquo
690 1557 863 1641 privilegio
888 1555 930 1622 ab
954 1557 1107 1624 Ecclesia
1131 1581 1300 1642 concesso,
1325 1561 1395 1627 nibil

281 1655 368 1738 juris
406 1656 557 1738 potestati
599 1654 704 1719 laicae
741 1653 851 1740 quoad
887 1654 1081 1721 electionem
1121 1658 1296 1724 Pontificis
1334 1683 1395 1724 con·

287 1751 452 1815 veniebat.

114 1859 190 1908 em
205 1859 276 1901 dare
376 1849 429 1913 38.
462 1848 605 1928 Quando
629 1870 707 1912 vero
731 1848 775 1914 ad
799 1849 931 1914 decreta
954 1851 1081 1916 Nicolai
1106 1853 1140 1918 ll
1163 1855 1397 1940 provocabatur

114 1929 336 2012 ‘¹⁰⁸¹⁰⁰¹⁴¹¹¹¹'ab'
357 1948 397 2010 iis
416 1948 473 2031 qui
497 1946 709 2031 Imperatoris
730 1947 806 2031 jura
830 1946 1017 2031 tuebantur,
1042 1953 1135 2016 vario
1152 1953 1251 2016 modo
1275 1975 1396 2038 respon·

288 2045 413 2110 debant
435 2046 499 2108 viri
533 2044 758 2110 ecclesiastici.
806 2045 977 2110 Sententia
1007 2069 1091 2132 quae
1121 2050 1211 2135 apud
1236 2071 1293 2114 eos
1318 2073 1395 2136 prae-

286 2143 393 2206 valuit
416 2155 465 2207 est
488 2165 536 2228 ea,
561 2165 662 2228 quam
686 2143 832 2208 vidimus
855 2165 875 2208 a
897 2145 995 2209 Petro
1016 2147 1174 2212 Damiani
1199 2151 1233 2212 in
1258 2171 1319 2214 sua
1335 2149 1395 2212 Dis·

288 2245 473 2327 ceptationc
506 2243 703 2326 expositam.
751 2241 915 2306 Videlicet
946 2245 1109 2310 immerito
1143 2245 1186 2309 ad
1211 2269 1252 2310 ea
1276 2247 1397 2311 decmta

288 2341 461 2425 provocari
485 2339 526 2404 ab
544 2339 781 2424 imperialibus,
806 2340 1076 2426 quandoquidem
1099 2344 1277 2428 rejecerint
1296 2346 1398 2409 omnia

288 2460 372 2523 quae
389 2446 547 2502 statuerat
563 2435 719 2501 Nicolaus
735 2437 779 2517 ΙΙ,
804 2439 940 2524 ejusque
954 2436 1100 2522 legatum
1116 2463 1182 2506 non
1201 2441 1397 2510 admiserint.

288 2535 345 2599 sed
378 2534 513 2619 indigue
547 2537 772 2599 tractaverint.
819 2535 976 2600 Attamen
1010 2537 1195 2603 Ecclesiam
1225 2561 1295 2604 non
1324 2538 1399 2603 velle

287 2633 469 2697 Henricum
494 2635 542 2697 IV
567 2633 630 2696 hoc
654 2632 827 2719 privilegio
852 2634 993 2718 privare,
1017 2634 1074 2698 sed
1100 2637 1170 2721 ejus
1194 2636 1314 2702 honori
1336 2657 1399 2723 pro·

287 2731 412 2796 videre.
445 2733 601 2796 Rationes
625 2753 704 2794 vero
727 2732 829 2795 inisse
852 2732 1075 2815 gravissimas,
1106 2736 1223 2800 curin
1249 2734 1398 2799 electione

288 2829 472 2894 Alexandri
502 2829 558 2893 illa
593 2853 657 2894 non
681 2831 848 2915 potuerint
875 2827 1065 2894 observari:
1103 2834 1282 2916 pueritiam
1306 2833 1399 2919 ipsius

286 2929 388 3008 regis,
423 2927 635 2993 difficultates
668 2926 849 3013 pendentes
873 2949 950 2990 cum
974 2928 1202 3012 imperialibus
1226 2953 1398 3016 eorumque

288 3027 498 3090 manifestam
531 3025 753 3103 hostilitatem,
786 3027 1016 3090 necessitatem
1040 3028 1104 3091 cito
1128 3027 1276 3111 eligendi
1300 3029 1397 3093 Ponti-

287 3124 394 3206 ficem,
419 3147 460 3188 ne
484 3126 590 3209 nrajor
613 3123 816 3210 perturbatio
841 3121 1025 3208 orireturl).

282 3322 347 3390 jura
366 3327 395 3375 et
413 3320 559 3388 privilegia
576 3318 687 3386 Imperii
706 3318 804 3386 passim
823 3317 963 3372 ardentius
992 3309 1184 3387 propugnaret,
1214 3327 1307 3376 mmeu
1334 3335 1399 3388 nag-

286 3415 385 3470 nopere
405 3400 590 3464 adlaboravit,
618 3405 650 3454 ut
676 3397 791 3454 schisma
809 3397 1038 3466 exstingueretur.
1074 3397 1109 3452 In
1127 3399 1239 3455 Italiam
1272 3400 1399 3470 proiectas

287 3487 337 3548 est
363 3482 454 3548 ibique
488 3481 605 3550 synodus
630 3481 760 3533 Mantuae
788 3479 846 3547 ejus
871 3477 1014 3546 praecipue
1040 3493 1121 3547 opera
1144 3479 1247 3544 habita,
1273 3481 1301 3536 in
1325 3495 1399 3546 eoque

287 3563 441 3618 Alexander
460 3562 490 3616 ΙΙ
513 3560 625 3630 agnitus
650 3560 712 3615 tuit.
750 3560 792 3612 Ex
811 3558 949 3613 Boniaone
974 3559 1048 3626 prius
1067 3559 1180 3614 Romam
1206 3561 1333 3626 tetendit,
1359 3559 1397 3614 sal

287 3659 331 3698 res
350 3641 431 3698 dubia
450 3649 500 3697 est.
529 3641 675 3710 Colligitur
694 3645 785 3694 tamen
811 3655 844 3694 ex
862 3639 994 3692 relatione
1011 3637 1165 3702 Bormonis,
1184 3655 1319 3708 quaeum
1336 3640 1398 3708 prio·

287 3723 358 3793 cipis
379 3723 422 3778 vel
440 3727 605 3792 argumenta
623 3720 759 3789 proposita
778 3719 882 3774 fuerint
904 3736 922 3773 a
939 3717 1123 3774 defemoribus
1141 3719 1247 3788 jurium
1265 3721 1396 3776 amaia

362 3823 382 3889 ¹)
402 3823 441 3876 De
459 3837 558 3890 perseo.
578 3821 650 3876 Eecl.
668 3821 699 3877 L.
719 3819 766 3872 VI.
786 3835 828 3888 ap.
848 3817 1002 3872 Watterioh
1021 3818 1040 3870 l.
1059 3834 1080 3872 c
1101 3819 1123 3872 Ι.
1143 3819 1205 3874 too.
1235 3818 1293 3873 Cir.
1317 3819 1394 3872 Vitae

288 3903 448 3956 Alexandri
466 3903 503 3956 Il
518 3917 551 3956 ex
570 3901 667 3955 Codice
686 3899 820 3954 Vaticano
838 3899 945 3954 ibidem.

360 3982 384 4048 ¹)
402 3981 503 4037 Bonizo
516 3981 654 4038 obscurius
674 3996 706 4035 ea
718 3981 750 4034 de
763 3996 792 4034 re
805 3978 926 4046 loquitur
944 3977 1075 4033 mnbens:
1096 3978 1232 4045 „Onnum
1250 3977 1297 4032 ille
1308 3977 1396 4042 turo)

287 4065 396 4119 decreta
415 4064 506 4131 Papae
523 4062 628 4118 Nicolai
647 4061 796 4130 obJ‘ecieset
824 4059 902 4127 eique
920 4059 1050 4114 citissime
1068 4073 1117 4126 per
1135 4057 1274 4113 decretum
1291 4056 1394 4126 ejudem

289 4144 381 4210 Papae
394 4143 498 4197 Nicolai
521 4143 549 4196 in
568 4158 620 4210 quo
640 4141 728 4196 oxtv
751 4141 868 4209 episcopi
888 4139 1067 4207 subaapsere
1086 4139 1226 4194 obmatom
1244 4137 1346 4198 tumet.
1362 4151 1394 4188 ro

287 4222 369 4290 gavit
388 4220 528 4288 praetatus
546 4221 759 4290 archiepiscopus
775 4220 917 4275 Dominum
930 4219 1039 4287 Papam,
1058 4223 1091 4272 ut
1102 4218 1267 4287 dignaretur
1278 4215 1394 4284 synam
