2898 4836
431 495 509 550 Varii
528 495 679 550 Pontifices.
1082 505 1117 554 67

103 641 147 707 65.
180 642 255 705 Post
269 640 434 705 Ioannem
459 639 510 706 XI
534 639 692 703 successit
709 639 770 702 luo
801 640 866 704 VII
883 643 1051 708 Romanus
1074 646 1116 710 ab
1151 648 1194 714 ΒΨ
1210 649 1256 690 W·

34 761 102 802 anno
126 739 182 804 936
212 738 255 803 ad
288 757 413 802 annum
447 737 526 818 9393
562 759 637 800 enm
674 738 806 822 excepit
836 736 1013 824 Stephanus
1041 743 1122 806 VIII
1145 710 1273 814 {dliii

35 837 184 918 Ronanm,
216 838 274 921 qui
305 833 411 899 tribus
441 836 538 900 annis
569 845 602 898 et
625 844 765 919 quatuor
798 836 966 902 mensibus
988 841 1118 923 pontili-

34 945 119 996 catum
145 934 255 998 uouit.
301 932 351 998 Eo
384 931 554 1016 defuneto,
586 952 674 995 anno
706 932 782 1013 942,
814 931 936 998 electus
966 946 1017 999 est
1047 939 1117 1001 Ma-

33 1032 101 1092 rinus
119 1032 154 1094 II
178 1031 362 1110 Romanus,
396 1032 452 1115 qui
486 1028 672 1094 Ecclesiam
706 1028 907 1112 gubernavit
940 1055 1042 1119 usque
1075 1039 1118 1101 ad

34 1151 130 1192 annum
146 1129 226 1210 tim
250 1128 328 1192 huic
343 1129 501 1191 successit
516 1126 678 1213 Apapetus
691 1128 728 1190 ΙΙ
741 1127 918 1211 Romanus,
934 1133 990 1216 qui
1008 1131 1121 1198 decem

32 1228 107 1290 :inuis
132 1227 298 1292 Ecclesiae
330 1224 482 1311 praefuit.
529 1225 574 1288 Hi
607 1225 784 1290 Pontifices
816 1245 929 1291 omnes
961 1232 1121 1296 virtutum

32 1321 107 1386 laude
120 1325 304 1404 floruerunt,
329 1335 429 1409 atque
446 1347 496 1386 res
512 1322 751 1387 ecclesiasticas
766 1333 836 1386 tum
853 1324 1062 1393 Ramnetum
1087 1333 1121 1394 iu

30 1421 90 1484 orbs
122 1422 295 1488 christiano
333 1420 471 1486 sollicite
508 1422 797 1502 administratunt3
835 1444 951 1506 pacem
992 1448 1122 1514 quoque

1143 1123 1237 1164 Marinus
1251 1121 1279 1162 ll.

1131 1185 1238 1235 lgspstrs
1263 1182 1293 1224 11.

32 1533 55 1580 et
73 1521 269 1586 concordiam
294 1519 508 1584 interltaliae
523 1520 689 1603 principes
713 1539 844 1582 servare
869 1521 921 1585 vel
951 1525 1123 1588 restituere

31 1617 242 1702 studuerunt,¹)
282 1617 611 1700 observationemque
648 1615 843 1701 disciplinae
882 1619 1123 1685 ecclesiasticae

30 1727 163 1796 qnantum
187 1725 340 1801 poterant
367 1735 493 1798 urgere.
540 1712 606 1778 Sed
638 1715 844 1798 principatus
868 1715 976 1780 civilis
999 1719 1124 1782 Romae

32 1813 137 1878 interim
167 1824 239 1878 erat
266 1835 367 1898 penes
397 1810 590 1876 Albericum
621 1812 821 1898 principem,
853 1821 952 1898 atque
983 1817 1010 1879 is
1040 1817 1123 1881 forte

31 1909 135 1974 influxu
164 1933 224 1975 suo
249 1911 395 1988 curavit,
426 1919 461 1970 ut
485 1909 518 1970 in
534 1906 653 1972 Sedem
672 1907 900 1992 Apostolicum
916 1911 1123 1996 eligerentur,

29 2007 71 2089 qni
91 2019 192 2072 aetate
211 2008 284 2094 jam
309 2007 456 2094 provecti
481 2017 513 2068 et
536 2005 635 2069 rebus
654 2004 788 2090 quidem
813 2006 1044 2074 ecclesiasticis
1068 2012 1124 2075 ad·
1208 2083 1210 2090 Α

29 2106 233 2172 ministrandis
248 2127 344 2190 pares
359 2115 462 2187 erant,
487 2105 629 2188 impares
646 2113 766 2185 tamen,
792 2113 827 2166 ut
843 2108 997 2171 amissam
1019 2119 1124 2195 potes·

28 2217 107 2267 tatem
136 2203 351 2290 temporalem
382 2201 446 2266 sibi
470 2203 588 2266 iterum
612 2200 832 2266 vindicarent.
880 2203 924 2266 Ut
947 2206 993 2269 ita
1017 2209 1126 2271 existi·

29 2319 132 2364 neruus
151 2300 271 2366 suadet
283 2311 354 2363 tum
370 2301 415 2364 rei
441 2309 568 2378 natura,
594 2309 663 2361 tum
688 2321 773 2382 quae
798 2298 1003 2366 Flodoardus
1026 2304 1128 2369 habet

27 2401 51 2460 in
70 2397 195 2464 laudem
214 2399 337 2462 Leonis
353 2396 418 2462 VII
434 2396 614 2476 Pontificis,
640 2416 704 2481 qno
722 2407 879 2480 regnante
900 2400 970 2484 ipse
987 2403 1126 2466 Romam

28 2499 113 2574 venit,
144 2510 176 2560 et
202 2518 288 2582 quae
312 2495 354 2559 ab
382 2493 456 2558 aliis
487 2493 528 2558 de
554 2495 797 2558 successoribus
826 2495 897 2578 ejus
928 2499 1124 2566 referuntur.

27 2593 161 2660 Laudant
200 2595 290 2658 enim
328 2593 520 2678 praesertim
554 2591 859 2674 mansuetudinem,
897 2597 1054 2660 orationis
1092 2611 1124 2661 et

25 2695 100 2775 pacis
122 2693 281 2772 studium,
305 2689 566 2776 disciplinaeque
591 2688 847 2753 sollicitudinem
873 2692 906 2754 in
931 2692 1020 2758 hisce
1044 2695 1128 2760 Pon·

24 2791 195 2876 titicibus.²)
244 2789 390 2854 llaxirne
414 2789 585 2873 Agapetus
616 2786 648 2850 Il
673 2809 732 2872 per
764 2787 878 2852 decem
912 2813 1016 2856 annos
1045 2796 1126 2878 regi-

85 3063 105 3128 ¹)
124 3063 205 3118 Pacis
232 3061 416 3117 conciliandae
441 3077 523 3116 causa
548 3061 621 3116 iuter
644 3061 798 3116 Alberioum
823 3068 852 3116 et
870 3063 1012 3134 Hngonem
1038 3083 1129 3136 regern

22 3139 107 3196 iterato
126 3144 155 3198 in
175 3143 287 3197 italiam
312 3157 343 3195 ae
361 3142 472 3195 Romam
498 3147 608 3194 vocatus
634 3145 676 3194 est
700 3141 725 3194 S.
745 3141 801 3196 Odo
819 3143 909 3198 Abbas
937 3145 1129 3212 Cluniacensis,

21 3221 57 3284 qni
81 3237 110 3275 eo
142 3231 265 3291 tempore
295 3221 494 3276 celeberrimum
523 3219 598 3275 illam
623 3219 859 3276 Benedictinonuu
884 3223 1131 3295 Congregstioneu

21 3297 137 3356 fundavit
157 3310 187 3357 et
207 3301 378 3371 propagarit.

95 3405 105 3470 )
122 3401 242 3457 Jnrabit
259 3401 303 3455 hic
316 3400 401 3455 citare
419 3415 520 3465 versus,
539 3398 636 3465 quibus
650 3399 812 3454 Flodoardns
824 3399 921 3455 Leonis
940 3403 994 3457 vn
1012 3405 1131 3474 elogium

18 3493 106 3534 cuneus
124 3497 205 3535 sunm
225 3481 324 3534 Poena
348 3479 491 3534 concludit.
523 3477 683 3533 Pontificem
701 3477 819 3532 Leonem
837 3480 891 3533 VII
916 3481 949 3535 sd
976 3486 1067 3538 rivum
1086 3487 1130 3540 de-

19 3559 133 3627 tineant·
918 3573 925 3588 ·
1094 3579 1097 3586 ⁴

116 3649 272 3717 ,Septimus
291 3647 417 3716 exsurgit
436 3647 497 3710 Leo,
517 3663 566 3701 nec
585 3653 675 3700 tamen
694 3646 748 3700 ists
766 3646 900 3712 volutans,

116 3731 173 3784 Nec
193 3743 290 3782 curans
309 3728 398 3796 apices
417 3727 517 3792 mundi,
537 3743 586 3782 nse
603 3725 675 3781 celsa
693 3725 845 3792 requirens:

115 3809 180 3864 Son
199 3807 249 3862 Dei
268 3821 337 3874 qnae
355 3813 420 3862 sunt
438 3807 520 3861 alacri
539 3806 588 3862 sub
608 3811 715 3874 pectore
733 3805 851 3862 volvens.

120 3889 300 3954 Culminaqne
319 3888 434 3952 evitans,
454 3887 546 3941 oblata
564 3885 656 3940 subire
674 3891 812 3950 renutans,

117 3970 228 4038 Raptus
246 3975 277 4024 at
295 3968 420 4038 erigitur,
439 3967 590 4036 dignosque
607 3965 698 4021 nitore
716 3966 845 4034 probetur

117 4048 262 4118 Begminis
280 4048 379 4114 eximii,
399 4047 528 4114 Petrique
546 4047 574 4101 iu
593 4045 654 4101 sede
673 4045 786 4101 locatur.

116 4131 171 4185 Sed
193 4129 301 4184 minime
319 4129 461 4194 adsuetum
480 4127 580 4194 linquit
598 4125 766 4180 decoramine
784 4141 876 4181 coram

118 4209 235 4262 Deditus
253 4207 368 4262 assidms
386 4206 518 4276 precibus,
537 4201 717 4274 speculamine
736 4205 830 4264 celsus.

117 4288 217 4342 Allato
235 4288 330 4354 laetus,
349 4288 456 4356 sepiens
476 4291 558 4353 atque
577 4300 622 4340 ore
640 4301 757 4341 serenus.
