2898 4836
305 525 356 578 102
499 521 603 577 XVIII.
622 522 662 576 De
680 521 808 576 minaris
826 521 1003 578 Pontificibm
1020 524 1122 578 saeculi
1140 524 1244 578 decimi.

305 667 350 730 Et
373 688 397 730 s.
421 663 520 729 Abbo
549 667 583 729 in
607 665 745 751 epistola
772 666 815 731 ad
838 665 1006 732 Abbatem
1029 665 1177 732 Leonem
1205 669 1267 730 sit:
1296 668 1393 753 Mopsi-

295 764 365 848 ficc
392 763 553 849 Riacipis
582 761 806 850 Apostolorum
835 764 974 828 ammira
1003 764 1140 851 supplere
1168 765 1253 844 adii,
1282 765 1331 828 sci
1349 767 1392 828 m·

306 884 434 925 massam
456 860 640 939 Ecclesiam,
663 861 759 946 dipno
783 863 947 927 viduatam
963 871 1106 948 pastore,
1135 863 1193 927 lieu
1210 864 1292 949 prol
1311 863 1394 926 dolor!

306 957 466 1044 ostiumst)
490 997 533 1006 -
557 957 623 1024 Sed
655 962 771 1024 merito
804 959 1043 1024 animadvertit
1074 959 1295 1045 Dambsrger,
1323 974 1395 1024 caute

306 1055 389 1120 haee
413 1078 482 1121 esse
506 1056 712 1142 accipienda.
736 1056 769 1124 S.
793 1057 892 1122 Abbo
915 1057 1055 1122 Romam
1079 1059 1182 1138 venit,
1207 1061 1254 1122 nti
1282 1059 1395 1126 videtur.

306 1176 394 1218 anno
418 1154 483 1218 995
507 1154 561 1219 vel
584 1156 720 1220 ineunte
734 1178 821 1220 anno
846 1155 921 1236 996,
946 1175 1049 1241 quum
1065 1178 1117 1220 res
1141 1157 1175 1219 in
1190 1153 1396 1222 Galliaadhuc

307 1251 405 1316 valde
427 1251 580 1316 turbatae
604 1261 722 1319 essent.
769 1251 964 1338 Arnulphus
993 1251 1103 1318 adhuc
1127 1256 1281 1340 captivus
1302 1253 1398 1318 detine

307 1351 405 1414 batur
427 1347 470 1413 ab
494 1349 636 1435 Hugone
660 1373 746 1435 rege,
771 1361 870 1437 atque
894 1352 1107 1417 commissum
1129 1351 1193 1416 fuit
1217 1351 1350 1427 Abboni,
1373 1361 1398 1412 ut

307 1447 471 1512 obtineret
504 1470 525 1511 a
556 1447 717 1514 Pontifioe
753 1449 1033 1535 dispensationem
1072 1470 1132 1534 pro
1164 1449 1305 1514 Roberto
1333 1471 1398 1532 rege.

307 1547 375 1632 qui,
400 1545 514 1609 relicta
537 1543 690 1612 Susanna
714 1570 789 1612 cum
819 1570 884 1633 qna
908 1546 1073 1633 sponsalia
1103 1546 1156 1612 vel
1180 1548 1399 1612 matrimonium

302 1647 375 1730 jam
400 1647 534 1726 inierat,
568 1646 639 1708 sine
671 1644 915 1730 dispensatione
946 1643 1087 1708 duxerat
1109 1643 1266 1710 Bertham
1289 1644 1400 1708 viduam

308 1743 435 1807 tidonis
459 1744 597 1820 comitis,
623 1753 796 1827 cognatam
829 1765 931 1808 suam.
979 1742 1079 1806 Haud
1109 1744 1246 1820 mirum,
1277 1744 1303 1806 si
1324 1739 1399 1804 Abbo

307 1843 418 1904 minus
442 1840 600 1904 benevole
631 1865 651 1904 a
674 1841 804 1904 Joanne
834 1835 984 1925 rso'aptus
1008 1849 1066 1904 est.
1114 1839 1227 1920 Quum
1259 1861 1330 1904 vero
1347 1839 1400 1924 jan

308 1963 347 2002 ea
380 1939 491 2024 opinio
522 1938 801 2017 circumferretur,
833 1959 970 2001 munera
1002 1938 1124 2023 requiri
1154 1937 1188 2024 (a
1213 1935 1400 2004 Crescentis.

308 2048 345 2100 ut
368 2036 411 2101 ad
434 2035 627 2100 Pontificem
652 2045 778 2121 pateret
807 2057 974 2115 accessus,
1008 2033 1104 2099 facile
1134 2037 1204 2100 tieri
1235 2036 1350 2122 potuit,
1376 2049 1401 2095 u

311 2132 462 2221 querelae
502 2136 664 2198 orirentur
704 2133 744 2196 de
775 2133 953 2198 venalitate
992 2133 1203 2216 Pontificis.²)
1262 2133 1401 2198 Vidimus.

309 2234 408 2296 etiam
441 2231 652 2317 Ainulphum
686 2231 963 2296 Aurelianensem
1001 2231 1152 2296 venalem
1183 2254 1253 2296 esse
1288 2231 1401 2294 Roman

309 2340 542 2416 conquestum3
568 2329 624 2394 sed
650 2351 734 2415 quae
749 2329 970 2394 afferebantur
985 2329 1070 2394 hano
1095 2331 1129 2394 in
1145 2351 1215 2394 rem
1231 2337 1401 2414 argumente

308 2429 417 2494 futilia
441 2438 543 2492 erant.

137 2559 254 2608 ansam
271 2557 288 2598 V
390 2545 463 2610 103.
488 2544 696 2608 Creationem
707 2545 903 2607 successoris
915 2543 936 2608 J
939 2546 1054 2608 oannis
1070 2544 1135 2608 XV
1149 2554 1264 2608 auctor
1276 2561 1403 2608 coaevus.

166 2619 273 2662 mm*
308 2644 456 2708 loannes
468 2641 674 2727 Oanaparius
683 2643 740 2728 qui
758 2641 865 2704 Vitam
874 2664 898 2704 s.
914 2640 1085 2705 Adolberti
1096 2643 1241 2727 episcopi
1253 2639 1403 2724 Pragsnsis

309 2752 342 2805 et
365 2743 519 2824 martyris
543 2741 683 2824 scripsit,
708 2738 798 2802 hisce
822 2738 937 2802 refert:
963 2737 1106 2802 Summm
1127 2739 1195 2824 ipss
1219 2739 1326 2802 dicim
1343 2735 1404 2800 Pim-

310 2839 393 2926 slsum
416 2839 574 2919 (loannes
598 2837 678 2918 XV)
703 2837 857 2900 acerrima
873 2835 966 2922 febre
990 2845 1150 2922 correptus
1177 2859 1290 2922 corpus
1312 2845 1403 2898 umas.

309 2940 449 3002 (enimam
472 2935 566 3012 coela,
591 2946 722 3019 utraque
750 2936 785 2998 iu
808 2957 866 2997 sua
889 2934 1011 2998 dimisit
1038 2933 1181 2998 suardio.
1229 2935 1302 2997 lta
1323 2940 1403 2994 auten

314 3037 386 3100 Otto
415 3034 546 3121 Alpium
576 3036 661 3098 aives
694 3033 788 3096 multo
821 3030 919 3095 milite
951 3042 1147 3096 transmeans
1171 3037 1271 3120 juata
1303 3049 1403 3094 sacratu

310 3133 415 3196 rur-lem
439 3133 624 3196 Rae-eauam
655 3131 780 3215 repulia
810 3140 915 3194 castra
949 3139 1081 3193 metatus
1110 3139 1165 3194 est.
1212 3129 1264 3193 lli
1294 3129 1325 3192 ia
1354 3129 1405 3214 epu

310 3253 469 3296 ‹iccio-sum
498 3231 626 3293 'ueniunt
657 3226 810 3314 epistolae
840 3251 906 3291 cum
929 3227 1070 3306 suauis,
1104 3249 1183 3312 quas
1211 3229 1333 3289 mittuat
1357 3223 1402 3285 aa·

309 3331 397 3392 marsi
414 3349 563 3414 proceres
595 3337 624 3392 et
656 3327 833 3390 senatoriam
856 3325 943 3388 ordo.
990 3325 1107 3402 Rima,
1139 3324 1228 3388 illius
1261 3321 1403 3386 amauit

308 3425 393 3490 uelut
416 3435 480 3490 toto
504 3437 639 3512 tempore
656 3435 815 3511 pateruae
846 3425 955 3486 mortis
985 3445 1047 3486 ooo
1072 3422 1171 3486 visum
1202 3422 1274 3484 totis
1303 3417 1403 3482 tisseri-

309 3527 366 3590 bus
389 3524 587 3602 desiderare,
619 3547 656 3586 ac
688 3522 794 3586 debila
807 3520 967 3606 fidelitate
993 3517 1217 3606 pollicitantur
1243 3525 1404 3604 expuam:
1435 3597 1436 3600 Ἴ

308 3624 433 3700 (isiacis,
457 3624 492 3686 io
514 3633 611 3686 morte
635 3621 743 3684 domui
764 3619 958 3706 Apostolici,
989 3629 1053 3682 tam
1075 3616 1136 3680 sili
1159 3640 1251 3702 quam
1273 3613 1336 3678 illis
1357 3635 1401 3673 mou

311 3723 471 3786 oriaimam
485 3723 639 3785 invectam
654 3740 718 3782 esse
733 3728 857 3805 partem
882 3715 1145 3780 incommodorum
1168 3716 1362 3779 amauritium,
1383 3717 1403 3766 rt

309 3843 397 3906 quem
426 3841 487 3905 pro
525 3842 559 3883 eo
590 3827 748 3904 ponerent
785 3815 921 3900 repalem
953 3814 1120 3898 acquirunt
1151 3813 1341 3876 senteutiam.
1369 3841 1402 3854 -

311 3919 391 3982 liras
415 3919 487 3980 item
520 3919 553 3981 ia
577 3915 702 4002 capella
734 3915 815 4000 repis
848 3913 976 3999 quidum
1007 3909 1136 3974 aleriam
1164 3911 1284 3974 aoniae
1312 3907 1402 3971 Brutis

309 4015 526 4082 saecularibus
550 4013 664 4078 litteris
688 4014 805 4100 eprepie
829 4011 987 4088 eruditus,
1020 4020 1049 4073 et
1071 4011 1138 4095 ipse
1165 4009 1249 4095 rapio
1272 4003 1402 4090 carptim

385 4247 404 4322 ¹)
424 4247 473 4312 Api
494 4243 667 4312 Dsmberger,
687 4243 716 4296 B.
735 4241 767 4296 V.
789 4239 883 4294 Kritik
901 4256 926 4308 p.
948 4240 1006 4294 160.

383 4325 404 4377 ²1
425 4323 596 4394 Dsmbergsu
615 4323 646 4378 Β.
666 4323 698 4374 V.
718 4339 743 4391 p.
763 4323 822 4375 480.
