3002 4836
434 514 559 584 argoas
578 515 614 568 11.
634 515 667 568 a.
686 514 715 568 r.
734 519 822 582 gesa.
1150 515 1186 568 es

77 662 218 740 oriretur,
242 659 344 724 ltalos
366 657 527 722 Pontifice
550 667 683 722 auctore
707 679 742 722 se
765 657 807 722 ab
832 656 1019 722 obedientia
1043 657 1186 743 Impera-

77 760 147 821 toris
168 756 365 822 subducere.

156 855 209 920 38.
234 853 290 918 Ad
318 853 444 918 tributa
472 853 559 939 quod
592 861 718 940 spectat
749 853 895 938 profecto
922 852 1186 920 animadverten-

76 953 148 1016 dum
177 961 242 1031 est,
265 951 480 1016 Anastasium
509 951 645 1031 referre,
669 949 809 1016 Paulum
838 950 1020 1016 exarchum
1042 952 1187 1017 voluisse

76 1050 264 1114 Pontificem
288 1048 483 1129 interficere,
515 1071 550 1112 eo
574 1047 658 1134 quod
684 1071 807 1112 causum
830 1051 865 1114 io
881 1051 1052 1135 prouincia
1068 1073 1189 1137 ponera

72 1147 306 1234 praepediebat.
353 1146 394 1211 ld
417 1157 527 1211 tamen
551 1149 597 1210 ita
621 1146 720 1210 refert
733 1145 944 1227 Anastasius,
966 1157 1006 1212 ut
1028 1147 1188 1212 accidisse

77 1247 238 1326 rideatur,
268 1253 448 1330 antequam
481 1243 627 1309 edictum
651 1244 692 1308 de
718 1243 906 1308 evertendis
930 1245 1131 1329 imaginibus
1155 1247 1191 1310 in

76 1343 197 1408 ltaliam
235 1342 381 1408 delatum
405 1351 501 1406 esset.
546 1341 729 1427 Imperator
743 1341 827 1406 forte
849 1340 981 1406 tributis
1005 1343 1135 1428 injustis
1159 1351 1191 1406 et

75 1463 173 1528 aequo
204 1440 389 1526 majoribus
412 1438 512 1504 Italos
543 1461 693 1526 premere
720 1437 950 1524 conabatur¹),
981 1449 1014 1504 et
1055 1461 1190 1504 censum

76 1539 234 1624 ejusmodi
250 1539 410 1622 injustum
425 1537 605 1622 Gregorius
621 1537 807 1622 impedivit.
844 1537 956 1600 Potuit
967 1547 1077 1602 tamen
1090 1540 1191 1606 etiam

78 1639 270 1701 Anastasius
301 1636 464 1723 quaedam
494 1635 711 1716 confundere,
734 1637 781 1700 ita
805 1645 840 1698 ut
863 1657 979 1700 revera
1006 1636 1042 1701 id
1065 1637 1192 1702 accide-

77 1738 115 1798 rit
135 1745 207 1800 orta
227 1735 301 1820 jam
332 1744 445 1798 conus
476 1735 637 1818 imagines
666 1733 763 1798 lucta.
812 1733 930 1798 Utrum
963 1755 1041 1800 vero
1071 1735 1134 1799 hac
1158 1737 1193 1798 in

77 1855 109 1897 re
129 1834 350 1898 intervenerit
363 1831 541 1917 Gregorius
564 1853 622 1916 pro
647 1853 684 1896 eo
708 1841 836 1896 tantum
860 1831 1005 1913 influxu,
1029 1855 1127 1918 quem
1152 1833 1194 1898 de

77 1932 157 1995 lactc
182 1935 218 1994 in
244 1951 297 1994 res
328 1929 523 2015 temporales
550 1931 742 2014 provinciae
765 1929 935 1994 Romanae
967 1929 1125 2009 habebat,
1150 1951 1194 1994 an

78 2050 150 2092 rerc
165 2029 365 2092 anctoritate
381 2049 510 2114 qnoque
531 2049 763 2112 supremaque
782 2049 929 2092 summus
944 2027 1098 2092 Pontifex
1114 2037 1193 2107 erat,

79 2129 120 2189 ita
141 2137 179 2190 ut
203 2125 348 2189 solveret
380 2124 528 2190 subditos
550 2148 570 2189 a
601 2124 777 2210 pendendo
806 2126 908 2210 impio
931 2125 1102 2190 Ecclesiae
1125 2147 1195 2210 per·

77 2225 216 2288 secutori
231 2223 370 2300 tributo,
388 2223 439 2288 vel
459 2234 496 2288 ut
509 2223 668 2288 tributum
689 2232 859 2308 tamquam
880 2223 1037 2308 injustum
1058 2245 1125 2288 nou
1141 2245 1194 2286 ex-

79 2323 260 2388 hibendum
274 2343 346 2386 esse
361 2320 550 2403 declararet,
564 2322 642 2385 satis
656 2342 721 2385 non
731 2320 845 2406 liquet.
860 2320 1079 2386 -Omnibus
1092 2322 1317 2387 consi-sonuere
1329 2355 1366 2384 ne

78 2421 197 2484 deratis
217 2419 392 2484 fatendum
414 2429 476 2492 est.
499 2443 541 2484 ex
567 2419 773 2484 documentis
795 2441 880 2504 quae
897 2419 993 2482 nobis
1012 2428 1193 2504 suppetunt
1205 2406 1365 2508 sumptu-eor-

79 2541 141 2582 non
154 2517 269 2582 dirimi
280 2519 499 2602 peremptorie
515 2518 755 2603 quaestionem,
773 2525 882 2580 utrum
898 2514 1078 2599 Gregorius
1087 2515 1122 2580 ll
1140 2515 1196 2580 ali-

78 2615 209 2701 qnando
230 2613 330 2680 Italos
349 2616 558 2681 Romanosve
583 2613 625 2680 ob
649 2615 852 2700 impietatem
883 2624 915 2678 et
947 2615 1192 2700 persecutiones

79 2713 198 2778 Leonis
207 2713 330 2792 isauri,
342 2713 384 2778 ab
395 2713 583 2779 obedientia
597 2712 771 2778 attributis
786 2713 817 2775 ei
829 2711 1037 2797 praestandis
1049 2711 1194 2776 solverit.

79 2810 141 2876 sed
156 2812 312 2895 negantis
327 2812 508 2876 sententiae
524 2811 669 2874 firmiora
688 2819 766 2874 sunt
783 2819 978 2894 argumenta
992 2831 1035 2874 ex
1056 2808 1194 2874 historia

81 2908 221 2994 petita2).

89 3043 294 3052 ——0———-

151 3103 171 3173 ¹)
189 3103 297 3158 Durum
313 3117 347 3157 ea
365 3102 394 3156 in
411 3117 441 3157 re
453 3101 645 3172 Imperatorem
663 3101 754 3166 fnisse,
767 3101 914 3156 ostendunt
932 3118 1000 3170 qnae
1019 3101 1085 3158 fecit
1094 3109 1199 3170 postea,

80 3198 158 3248 quum
176 3182 298 3250 perierat
316 3182 409 3236 classis
436 3197 516 3250 quam
534 3183 652 3246 miserat,
680 3188 713 3236 ut
731 3188 841 3250 cogeret
859 3182 944 3236 Italos
963 3182 997 3236 ad
1015 3181 1197 3237 obedientiam

81 3261 268 3330 praestandam
293 3261 388 3316 edictis
413 3270 507 3317 oontm
534 3263 666 3332 imagines
690 3261 840 3330 propositis.
883 3261 982 3317 Scribit
1019 3263 1195 3330 Theophanes

82 3341 128 3395 snb
145 3357 216 3396 anno
236 3341 303 3396 xvl
320 3341 438 3397 Leonis:
473 3345 522 3396 Ea
540 3359 592 3412 erro
610 3343 777 3408 insererem
795 3347 874 3396 actua
891 3343 946 3396 Dei
962 3343 1008 3395 ille
1024 3342 1109 3395 hostis
1127 3343 1199 3396 Aru·

84 3424 136 3475 brae
151 3439 234 3475 maara
252 3423 380 3488 imbutas,
406 3424 532 3477 artetum
556 3422 659 3476 Siculis
676 3437 710 3474 oe
729 3421 854 3476 Calabris
869 3421 982 3490 populis
1004 3427 1087 3489 parte
1114 3423 1196 3475 tertia

84 3501 181 3554 enlm
199 3501 232 3554 in
250 3502 362 3570 mapula
378 3503 515 3556 lromiaum
533 3501 628 3570 eapite
645 3499 783 3568 imposuit.

152 3579 226 3650 ¹)P.
252 3579 341 3635 Balan
368 3581 461 3636 citatis
488 3579 577 3636 verbis
604 3579 773 3648 inueniris
797 3579 932 3634 advertit:
973 3579 1088 3648 „Queste
1107 3581 1199 3648 parole

84 3675 143 3714 sono
172 3666 247 3715 sotto
265 3658 352 3715 l'anno
371 3661 471 3717 decimo
491 3667 565 3716 terzo
593 3660 620 3714 di
648 3659 754 3725 Leone,
782 3659 875 3726 quindi
903 3666 976 3714 sotto
1006 3661 1026 3714 il
1045 3663 1109 3726 730,
1129 3661 1200 3716 ossio

86 3741 125 3794 dal
134 3743 167 3794 25
176 3741 271 3796 Marso
281 3741 333 3796 729
343 3741 369 3795 al
379 3741 514 3798 aeliano
524 3741 583 3797 730.
603 3741 669 3794 Esse
685 3757 738 3794 non
754 3740 857 3794 devoro
871 3739 1009 3808 prendersi
1020 3739 1073 3794 alla
1084 3741 1200 3807 lettera;

88 3821 174 3876 muel
183 3820 342 3890 dgnillcsto
356 3821 405 3877 che
413 3837 461 3890 per
469 3837 550 3875 eausa
565 3821 637 3876 della
646 3821 829 3875 controversie
838 3820 906 3874 sulla
916 3819 1065 3890 lanugini,
1079 3821 1165 3876 Roma
1185 3837 1199 3876 e

88 3899 180 3956 lltal'm
197 3901 296 3956 turono
313 3903 427 3969 perdute
444 3917 492 3971 per
518 3901 640 3969 l'Impero
667 3900 691 3955 d’
702 3900 822 3956 Oriente.
859 3901 909 3955 Del
928 3907 1000 3956 resto
1019 3902 1062 3956 nel
1082 3902 1135 3956 729
1154 3918 1196 3956 eo·

90 3981 178 4036 mineio
190 3981 218 4037 la
230 3982 427 4050 indipendenza
439 3983 479 4036 ool
490 3981 645 4036 rallentarsi
657 3981 701 4034 dei
719 3980 832 4050 legemi3
851 3997 894 4034 ma
912 3981 935 4034 si
949 3981 1034 4050 compi
1053 3980 1124 4036 forse
1142 3981 1199 4036 solo

89 4060 150 4127 dopo
167 4063 187 4116 il
205 4065 285 4117 730.“
324 4063 355 4118 L.
374 4079 396 4117 c.
414 4079 439 4131 p.
459 4064 493 4116 83
513 4067 578 4115 nota
600 4065 620 4114 l.
641 4091 673 4100 -
693 4061 763 4115 Huic
781 4061 933 4115 sententiae
952 4059 1062 4128 pronius
1081 4061 1201 4132 adstipu-

91 4139 175 4206 lamur,
193 4157 226 4196 ea
253 4149 346 4197 tamen
374 4143 552 4208 restrictione,
580 4141 649 4208 quod
676 4155 729 4195 non
752 4141 805 4194 nisi
823 4141 960 4208 paulatim
978 4139 1203 4206 subsequentibus

92 4221 162 4275 amis
180 4223 286 4291 plenior
309 4223 408 4276 solutio
426 4221 524 4276 Italiae
549 4220 583 4274 ab
603 4221 717 4288 Imperio
742 4219 861 4274 Orientis
884 4219 960 4274 nobis
984 4221 1111 4274 rideatur
1135 4218 1203 4272 uoci-

93 4297 156 4356 duee

1062 4390 1094 4444 ge
