3032 4844
344 525 547 580 ‹hristianismi
560 525 594 580 'in
613 523 759 582 Germania
776 526 945 594 propagatio.
1168 515 1206 580 '17

89 667 144 732 iil
179 671 333 733 maxima
367 669 487 733 eadem
524 671 666 754 suscepit
701 669 914 733 incrementa.
968 670 1105 734 Saeculo
1145 670 1209 758 Vll

88 765 231 832 videlieet
268 789 340 831 non
372 770 472 854 pauci
507 769 704 832 missionarii
738 789 755 829 e
789 767 981 848 Britannia,
1027 767 1137 832 Scotia
1178 777 1209 830 et

87 861 239 930 Hibernia
265 868 301 929 in
327 864 413 929 alias
437 865 588 948 regiones
611 866 825 948 transgressi,
855 881 975 948 magno
999 888 1075 929 cum
1099 865 1208 930 fructu
1219 887 1276 928 vum
1294 887 1377 929 mara

86 963 114 1024 in
135 963 231 1026 vinea
256 963 401 1026 Domini
425 962 627 1028 laborarunt.
675 961 745 1026 Hos
784 964 869 1026 inter
901 962 1058 1029 illustrior
1092 971 1140 1028 est
1174 961 1205 1027 S.
1264 949 1327 990 Μ·

87 1057 311 1139 Columbanus,
347 1063 457 1146 patria
482 1059 670 1140 Hibernas,
706 1063 763 1147 qui
788 1083 817 1126 a.
842 1060 908 1126 585
934 1082 1010 1124 cum
1033 1060 1107 1124 aliis
1131 1061 1208 1125 duo-

84 1155 182 1221 decim
209 1159 388 1222 monachis
412 1158 639 1222 transfretavit
664 1159 697 1222 in
713 1155 876 1240 Galliam,
902 1157 959 1222 ubi
984 1158 1206 1222 restituendae

83 1255 206 1338 pietati,
239 1278 329 1342 quae
363 1277 487 1339 magna
520 1277 561 1318 ex
594 1265 687 1340 parte
711 1255 856 1341 collapsa
880 1267 968 1338 erat,
993 1278 1127 1341 operam
1152 1257 1204 1320 de-

82 1350 125 1414 dit
147 1363 179 1417 et
204 1355 448 1419 monasterinm
464 1354 677 1417 Luxoviense
701 1353 865 1418 fundavit.
913 1353 967 1418 Ex
992 1353 1101 1419 Gallia
1125 1355 1208 1440 ejee.

81 1463 126 1512 ms
148 1453 286 1516 transiit
309 1453 344 1516 in
370 1450 578 1532 Helvetium,
602 1451 809 1537 praedicavit
837 1451 880 1515 ad
904 1451 1122 1536 Brigantiam,
1148 1452 1208 1516 Ar.

81 1545 194 1613 bouem
221 1561 255 1613 et
278 1549 391 1614 lacum
408 1549 627 1633 Tigurinum
652 1559 765 1636 postea
790 1552 823 1614 in
838 1549 969 1614 Italiam
995 1550 1208 1641 contendens,

80 1665 138 1708 non
163 1647 284 1733 procul
300 1647 495 1712 Placentiae
511 1650 744 1712 monasterium
758 1645 946 1712 Bohbiense
970 1647 1127 1732 instituit,
1147 1648 1205 1711 ubi

78 1765 104 1808 a.
127 1745 194 1810 615
219 1745 315 1810 obiit.
330 1784 376 1795 -
390 1744 511 1810 Eidem
537 1765 634 1833 scopo
658 1745 825 1834 praeclare
849 1747 995 1809 intentus
1020 1744 1052 1809 S.
1077 1743 1206 1824 Gallos,

78 1845 209 1908 natione
235 1843 325 1908 idem
351 1843 546 1928 Hibernas,
572 1841 769 1908 Columbani
801 1841 1002 1930 discipulus,
1027 1844 1061 1906 in
1085 1842 1207 1906 Helve-

77 1941 118 2002 tia
141 1953 175 2004 et
200 1940 328 2005 Suevia
364 1940 536 2006 doctrinae
561 1941 760 2009 christianae
794 1941 919 2006 semina
945 1941 1073 2026 sparsit.
1122 1939 1206 2005 Cum

76 2037 106 2100 S.
129 2037 365 2104 Columbanus
403 2040 438 2102 in
474 2037 604 2103 Italiam
642 2039 809 2125 proficisci
844 2048 992 2123 pararet,
1025 2037 1140 2103 Gallus
1173 2039 1207 2103 in

74 2159 210 2222 gravem
235 2136 391 2202 morbum
425 2136 577 2201 incidens
608 2139 642 2202 in
674 2138 798 2202 vicinia
821 2137 1013 2220 Brigantiae
1036 2137 1203 2222 remansit,

75 2235 240 2323 hujusque
265 2237 412 2322 regionis
437 2234 554 2300 incolis
583 2235 627 2300 ad
653 2233 821 2300 Christum
846 2234 1079 2299 convertendis
1102 2237 1207 2299 inten-

74 2350 134 2417 rns,
160 2333 420 2398 celeberrimum
447 2333 535 2418 quod
559 2332 682 2397 dicitur
705 2334 738 2399 S.
764 2331 850 2396 Galli
876 2333 1109 2398 monasterium
1135 2333 1203 2397 fun-

12 2445 13 2500 5
73 2431 190 2514 davit3
215 2441 369 2497 mortuus
394 2441 444 2494 est
467 2453 496 2496 a.
521 2431 598 2497 646.

166 2533 219 2596 19.
245 2530 301 2595 Ad
326 2530 478 2594 Francos
513 2527 688 2593 orientales
719 2527 933 2592 christianam
966 2527 1065 2593 fidem
1090 2527 1208 2592 detulit

77 2631 106 2692 Ν.
136 2629 291 2692 Kiliorana
315 2629 443 2714 pariter
466 2625 653 2708 Hibernus,
678 2627 735 2712 qui
755 2627 851 2711 jussu
875 2625 1015 2689 Romani
1035 2625 1207 2690 Pontificis

77 2726 224 2790 Cononis
258 2747 336 2789 cum
373 2724 504 2788 duobus
539 2724 726 2810 discipulis,
758 2721 922 2786 Koloman
955 2723 1146 2808 presbytero
1176 2735 1208 2788 et

77 2825 208 2889 Totnan
234 2823 393 2904 diacono,
413 2821 619 2908 Herbipolim
645 2821 829 2908 profectus,
855 2843 936 2907 opus
952 2821 1207 2906 praedicationis

78 2921 293 3006 evangelicae
326 2919 515 3002 inchoavit,
548 2931 721 3006 tantosque
745 2918 896 2982 laborum
920 2941 1052 2982 suorum
1081 2919 1208 2983 fructus

78 3019 171 3100 tulit,
197 3029 235 3082 nt
259 3027 393 3104 praeter
412 3037 566 3102 magnam
580 3017 694 3105 populi
710 3015 957 3081 multitudinem
982 3017 1051 3102 ipse¹
1077 3039 1207 3103 quoque

79 3117 285 3180 Francorum
300 3113 371 3179 drrx
388 3113 570 3178 Gosbertus
590 3115 793 3200 baptismum
815 3113 906 3178 haud
919 3125 1096 3199 respueret.
1123 3113 1207 3178 Cum

78 3230 188 3278 tamen
215 3211 338 3276 ducem
367 3211 461 3275 illum
486 3214 568 3276 serio
593 3213 788 3296 monuisset,
813 3219 849 3274 ut
873 3209 1046 3275 Geilanam
1072 3235 1207 3278 uxorem

79 3335 171 3376 saram
198 3321 336 3396 propter
370 3311 542 3374 affinitatis
577 3310 851 3396 impedimentum
885 3333 904 3373 a
936 3309 1019 3372 thori
1046 3313 1207 3375 consortio

79 3419 285 3489 removeret,
323 3407 484 3493 improbis
513 3407 674 3472 (tellanas
708 3405 1008 3472 machinationibus
1039 3407 1109 3491 ipse
1133 3429 1208 3471 cum

80 3509 178 3572 sociis
211 3529 243 3572 a.
278 3507 344 3571 689
378 3505 422 3569 ad
446 3507 641 3589 martyrium
675 3517 788 3592 raptus
812 3514 870 3569 est.
895 3541 938 3550 —
962 3503 1060 3568 Anno
1085 3505 1151 3569 690
1175 3507 1207 3581 S,

87 3603 316 3671 ll⁷illibrordus
349 3627 392 3668 ex
417 3602 710 3687 Angla-Saxonum
733 3613 850 3687 gente,
882 3623 958 3665 cum
982 3601 1137 3666 undecim
1162 3625 1208 3666 so-

80 3709 140 3772 ciis
166 3707 199 3770 in
226 3705 410 3770 Bataviam
436 3701 616 3766 Frisiorum
642 3699 939 3766 convertendorum
964 3723 1062 3764 causa
1087 3703 1209 3788 profec-

79 3823 130 3870 tus
155 3815 225 3884 cst,
251 3803 468 3888 permittente
484 3801 602 3887 Pipino
618 3801 823 3864 Francorum
835 3799 929 3879 duce,
955 3800 1010 3884 qui
1036 3821 1110 3862 cum
1127 3799 1209 3862 Bad-

80 3903 166 3966 lrodo
190 3923 269 3984 rege
295 3899 324 3964 F
325 3899 427 3963 risiae
458 3909 537 3962 tunc
571 3897 783 3982 belligerens,
814 3895 940 3960 Frisiac
964 3904 1091 3982 partem
1116 3918 1210 3960 occu·

81 4013 229 4086 paverat.
276 3997 323 4062 Et
338 4017 417 4059 vere
433 3999 556 4082 coeptis
572 3996 658 4061 illius
674 3993 860 4059 benedictio
879 3993 994 4058 divina
1010 4003 1075 4056 tam
1094 4016 1210 4079 parurn

83 4098 203 4179 defuit,
230 4108 266 4160 ut
290 4095 391 4160 brevi
425 4103 571 4179 tempore
595 4115 788 4157 numerosus
813 4091 1074 4156 Christianorum
1099 4102 1211 4156 coetus

87 4195 290 4260 coalesceret.
343 4189 582 4256 Willibrordus
606 4215 635 4256 a.
661 4189 725 4254 teo
743 4190 880 4253 Romam
906 4189 1071 4274 proiectus
1095 4189 1210 4252 aPon-

88 4293 169 4360 tiiice
191 4295 313 4380 Sergio
339 4290 355 4354 l
381 4286 649 4375 archiepiscopus
673 4287 853 4352 Frisiorum
879 4287 1068 4369 ordinatus,
1093 4288 1125 4350 in
1140 4287 1210 4350 Fri-

131 4417 145 4454 ':
155 4427 254 4464 amna,
270 4408 454 4454 Disrsrtationos.
471 4409 529 4450 Torn.
546 4407 583 4450 lll.
1086 4395 1103 4446 2
