3054 4834
312 445 365 497 340
546 443 621 497 XXI.
642 443 681 496 De
698 442 722 495 S.
744 443 875 509 Gregorio
894 443 949 496 VII
967 445 1043 498 Rom.
1063 444 1201 498 Pontiflce

313 591 363 652 usi
388 590 467 668 sint,
502 587 685 672 eademque
710 586 830 649 diserte
867 587 1003 670 professi
1028 589 1162 653 fuerint.
1210 588 1323 668 Quum
1346 591 1424 652 enim

312 697 431 770 agatur
462 685 502 748 de
528 685 702 770 principiis
726 707 810 770 quac
835 707 910 748 cnm
936 684 1106 749 Ecclesiae
1132 689 1365 750 constitutione
1386 687 1424 749 di·
1495 737 1496 752 a

313 786 439 848 vinitus
471 783 562 852 data,
602 804 677 846 cum
706 781 839 867 juribus
863 784 947 869 ejus,
984 807 1060 848 cum
1080 787 1211 870 justitia
1236 797 1268 846 ct
1293 783 1429 848 moribus
1495 787 1496 834 ff

314 884 428 946 intime
460 903 611 944 connexa.
642 893 727 951 saint,
759 881 920 965 ejusmodi
947 883 1140 966 professioni
1166 883 1345 946 diuturnae
1366 897 1426 946 turn

315 983 480 1065 practicae
512 995 581 1042 tum
617 978 802 1052 doctrinali,
836 981 936 1042 etiam
971 982 996 1042 si
1029 980 1266 1045 adcfinitione
1303 979 1428 1043 solemni

314 1077 596 1164 praescindamus,
621 1099 711 1141 error
735 1076 867 1140 subesse
892 1081 1051 1163 nequit¹).

143 1249 166 1291 s.
181 1251 239 1292 rari
256 1261 302 1300 pa-
406 1229 479 1293 138.
526 1229 695 1292 Immerito
721 1251 827 1314 porro,
852 1228 1050 1294 illimitatanr
1075 1231 1339 1294 dominationem
1362 1231 1429 1303 (Iro-

188 1321 264 1361 ¹⁶⁰²⁵⁰·
313 1330 443 1412 goriam
477 1327 539 1391 sibi
574 1327 745 1390 vindicare
780 1327 937 1406 voluisse,
975 1329 1051 1391 inde
1083 1328 1267 1392 adversarii
1306 1327 1428 1413 quidam

314 1436 467 1508 arguunt,
495 1425 582 1510 quod
607 1428 792 1508 asseruerit,
818 1449 842 1490 s.
860 1426 993 1490 Petrum
1015 1429 1157 1511 positum
1178 1449 1248 1490 esse
1264 1429 1429 1512 principem

315 1548 409 1610 stipor
440 1525 545 1586 armaio
577 1547 674 1608 rapae
707 1523 825 1598 maadi,
858 1524 1012 1608 quodque
1037 1527 1070 1588 in
1096 1525 1222 1607 synodo
1247 1528 1330 1588 anni
1359 1524 1432 1586 1080

315 1621 531 1698 contenderit,
558 1622 721 1704 Pontificcs
744 1646 811 1684 cam
836 1621 953 1707 syrrodo
978 1645 1036 1685 aiio
1063 1647 1123 1686 non
1148 1633 1270 1687 matam
1293 1647 1388 1708 repon
1409 1634 1433 1684 et

315 1723 451 1806 imperio
481 1721 536 1782 aad
560 1721 695 1781 cinisium
720 1720 802 1782 brino
827 1732 855 1783 ct
874 1723 1090 1806 possessiones
1117 1743 1213 1806 posse
1238 1722 1321 1784 darc
1352 1733 1433 1806 atque

316 1819 454 1880 adiacere
470 1822 504 1898 Ξ’),
554 1817 605 1880 Aa
632 1819 774 1902 primum
800 1820 889 1881 enim
914 1819 1001 1903 quod
1027 1821 1153 1895 attinet,
1178 1819 1297 1883 scribit
1323 1819 1432 1902 Grego·

314 1918 384 1979 rius
409 1917 441 1978 in
466 1914 604 2000 epistola
628 1915 671 1978 ad
695 1915 867 1980 Sanctium
882 1917 1086 2000 arragoniae
1109 1939 1220 2002 regern
1246 1917 1432 1995 directam

317 2037 382 2100 qua
418 2035 493 2076 eum
525 2012 640 2076 laudat
672 2014 759 2098 quod
785 2014 952 2098 liturgiam
979 2015 1161 2078 itomanam
1187 2018 1369 2100 receperit:
1403 2017 1431 2076 ln

319 2113 453 2174 Domino
478 2112 557 2174 ‚Issa
585 2111 708 2175 (r‘lrriato
740 2113 933 2196 ‹torpidimaa
970 2115 1043 2198 puio
1068 2114 1187 2176 Boutae
1218 2115 1332 2178 Petras
1361 2115 1430 2199 ⁴lpa-

316 2209 424 2283 stolas,
450 2233 537 2296 praem
564 2211 717 2274 [lominus
740 2212 836 2274 Jesas
855 2210 1007 2288 Christus,
1031 2237 1088 2274 ren
1111 2211 1243 2298 ploriac,
1265 2215 1433 2297 principem

318 2334 412 2395 saper
443 2332 540 2394 repeto
566 2310 674 2372 intrandi
697 2311 867 2386 corratitra't,
902 2313 953 2373 cai
976 2321 1003 2373 te
1025 2310 1154 2393 fidelem
1179 2311 1318 2380 orditas,
1352 2322 1377 2372 te
1399 2308 1435 2372 od

317 2409 463 2469 honorem
487 2407 640 2470 desiderii
670 2409 718 2471 εῑιί
741 2409 885 2482 adducet,
916 2409 984 2493 ipsc
1009 2419 1037 2470 tc
1061 2409 1206 2470 rictorem
1231 2408 1269 2470 de
1297 2409 1434 2471 ‹aduersa-

319 2507 376 2567 riis
402 2507 464 2568 tais
488 2504 649 2588 officiati).
687 2505 860 2568 Manifesta
885 2505 939 2568 hic
964 2527 1029 2569 non
1053 2508 1163 2589 agitur
1187 2505 1228 2568 de
1252 2505 1367 2590 aliqua
1390 2503 1434 2566 ‹lo-

319 2605 500 2666 minatione
528 2602 710 2687 temporali,
745 2601 802 2665 scd
828 2601 909 2666 haec
934 2605 1098 2687 pertinent
1122 2604 1164 2666 ad
1189 2603 1279 2666 Petri
1307 2604 1436 2666 auctori-

394 2897 415 2966 1)
436 2897 473 2949 Cli
494 2895 703 2949 Montalembert
733 2896 873 2949 existimat
899 2897 1018 2962 uiridem,
1045 2896 1193 2964 principum
1213 2899 1434 2966 depositionomr

321 2977 453 3046 Gregorio
472 2977 526 3029 VH
554 2976 649 3029 aliisve
670 2975 857 3046 Pontificibus
875 2976 974 3030 laetam
1003 2976 1055 3030 niti
1075 2975 1179 3029 illorum
1207 2983 1360 3044 temporum
1385 2981 1437 3045 jare

319 3058 426 3126 publico
452 3067 480 3111 et
499 3057 599 3118 sociali,
628 3057 707 3122 idque
726 3073 742 3108 a
761 3056 884 3110 Gosselin
910 3071 967 3111 esse
987 3057 1132 3123 probatum,
1162 3058 1286 3111 admittit
1309 3067 1396 3112 tamen
1415 3069 1435 3109 a

321 3140 385 3208 ipse,
414 3149 556 3205 praeterea
575 3139 668 3191 adesse
688 3143 852 3203 potestatem
871 3137 945 3190 illam
964 3138 1123 3191 indirectam
1148 3137 1175 3189 in
1194 3139 1359 3204 temporalia
1379 3155 1437 3204 rinae

321 3237 354 3273 ex
373 3219 567 3272 constitutione
585 3218 723 3272 Ecclesiae
743 3217 871 3271 dimanet
911 3218 1005 3278 „Solon
1029 3233 1096 3270 nous
1115 3217 1238 3273 Gosseliu
1266 3235 1283 3272 a
1309 3220 1436 3274 damonia

321 3315 384 3353 sans
415 3300 534 3368 replique
560 3315 611 3365 que
635 3300 660 3352 le
688 3298 759 3351 droit
782 3299 814 3352 de
835 3298 986 3365 deposition
1005 3299 1043 3352 tel
1068 3298 1131 3364 qu'il
1156 3297 1198 3351 fut
1219 3304 1316 3354 exerce
1342 3315 1390 3368 par
1406 3299 1437 3352 la

322 3396 411 3449 papea,
440 3381 474 3432 du
503 3379 622 3432 onzieme
641 3395 675 3432 au
696 3378 833 3431 treizidme
852 3379 938 3438 siecle,
967 3395 995 3432 sc
1019 3378 1123 3431 londait
1149 3395 1194 3431 sur
1213 3379 1238 3431 le
1261 3379 1336 3434 droit
1361 3377 1436 3447 public

322 3467 350 3514 et
369 3459 478 3512 humain
499 3459 531 3512 de
550 3458 674 3525 l'IInrope
693 3458 845 3524 catholicus
864 3459 898 3511 du
919 3473 1012 3525 moyen
1039 3461 1104 3525 age:
1131 3459 1197 3512 mais
1217 3475 1247 3512 ce
1267 3459 1339 3513 droit
1360 3457 1435 3526 public

322 3547 350 3594 et
370 3539 479 3594 humain
501 3541 671 3594 vicennarii.
692 3553 891 3604 amyone-nous,
911 3540 1020 3590 ‹crelare
1039 3540 1062 3590 lc
1082 3539 1156 3590 droit
1175 3540 1252 3590 diam
1274 3547 1300 3588 rt
1323 3541 1433 3591 iialirrrt.

322 3623 389 3674 dont
407 3619 517 3687 l’Eglise
537 3627 577 3671 est
597 3618 715 3672 investis
733 3634 766 3672 en
785 3625 865 3672 verta
890 3619 923 3672 de
941 3635 972 3671 sa
991 3625 1088 3672 nature
1113 3625 1141 3672 et
1159 3617 1191 3672 de
1209 3635 1259 3672 son
1279 3619 1434 3673 institution

323 3717 423 3756 comme
441 3699 507 3753 l'ont
526 3699 655 3767 enseigne
674 3707 703 3753 et
723 3699 847 3765 explique
866 3699 891 3752 le
910 3699 1031 3752 cardinal
1049 3698 1195 3752 Bellarrnin
1215 3705 1245 3752 at
1264 3699 1291 3754 le
1310 3705 1393 3753 comte
1409 3696 1434 3748 dr

324 3781 449 3846 IlIaistre3
469 3779 541 3833 droit
560 3781 657 3844 auquel
677 3780 815 3844 croyaient
836 3781 932 3845 acoup
950 3781 997 3833 sur
1010 3779 1048 3832 les
1066 3779 1190 3832 dootenrs
1207 3787 1235 3834 et
1249 3779 1288 3833 les
1303 3779 1389 3832 fideles
1406 3777 1433 3827 dn

324 3877 418 3926 nroyen
438 3863 515 3928 age·t
542 3860 593 3912 Les
612 3859 715 3912 Moines
734 3858 894 3922 ‹l'Oocident‚
914 3859 987 3912 'Iom
1001 3857 1048 3913 VI.
1069 3859 1099 3911 L.
1113 3857 1216 3913 XVIII.
1237 3857 1282 3912 I'h,
1305 3859 1336 3910 V.
1356 3875 1377 3925 pr
1390 3856 1434 3910 sitit

324 3945 387 3994 trote
406 3941 430 3992 2,
453 3939 562 3992 Edition
582 3938 614 3992 de
634 3939 712 3991 Paris
735 3939 811 3991 1877.

398 4047 418 4113 Ψ)
447 4045 502 4100 Cir.
532 4046 580 4099 hac
608 4046 640 4099 de
669 4045 840 4098 accusatione
876 4045 1091 4112 Hergenrdther.
1135 4045 1234 4098 Kirche
1270 4047 1325 4099 und
1359 4045 1434 4100 aar.

327 4145 350 4194 p.
375 4128 425 4180 140
443 4141 500 4192 sqq.

400 4225 420 4281 ³)
440 4223 509 4290 Reg.
528 4224 549 4278 1.
571 4225 613 4278 63.
