2904 4834
333 479 483 534 Concilium
502 480 699 535 oecumenicum
717 487 850 534 octavum.
1100 479 1154 536 398

54 622 191 688 Discussa
214 631 248 686 et
270 621 410 707 probata
433 622 496 686 fuit
518 621 639 706 legatio
663 643 787 702 eorum,
813 623 870 707 qui
890 621 1151 707 patriarcharum
1172 627 1246 670 Vm
1260 625 1311 668 ⁵²¹·

52 718 181 784 Orientis
204 741 380 806 personam
394 719 565 804 gerebant.
603 721 680 786 Post
701 720 793 802 haec,
813 719 1010 806 jubentibus
1025 719 1152 804 legatis,
1204 688 1282 730 '¹⁰⁸⁸'

51 817 138 880 lectus
159 828 209 882 est
231 816 362 883 libellus
391 817 446 882 ille
469 818 704 883 satisfactionis
726 829 758 882 et
781 819 993 904 professionis
1024 819 1065 882 de
1089 839 1153 905 quo

51 937 133 999 supra
144 915 306 994 diximum
322 913 478 1000 Synodus
490 937 566 980 eum
578 916 778 1002 approbavit
789 917 886 1001 eique
899 916 1153 1002 subscripsit.—

51 1013 81 1076 ln
108 1014 261 1096 modu,
298 1015 392 1078 tertia
426 1024 456 1078 cl
487 1024 603 1098 quartu
635 1012 780 1080 Sestium
815 1014 942 1079 litterae
973 1013 1089 1078 Basilii
1122 1025 1155 1077 et

50 1111 153 1194 ignatii
186 1112 231 1176 ad
254 1109 469 1176 Nicolauml
501 1122 535 1176 et
565 1111 775 1178 Hadrianum
798 1112 832 1176 II
865 1123 898 1176 et
927 1113 1154 1198 responsoriae

50 1208 195 1274 Hodoiani
230 1208 274 1274 ad
297 1209 466 1294 ignatium
490 1223 568 1274 sunt
590 1213 788 1291 recensitae,
824 1210 940 1276 decem
963 1211 1110 1296 episcopi
1134 1233 1153 1274 a

50 1305 203 1371 llethodio
227 1305 282 1370 rel
304 1306 434 1392 Ignatio
458 1307 618 1388 ordinati,
653 1308 762 1394 plures
786 1308 987 1392 presbyteri,
1022 1308 1152 1372 diaconi

46 1415 73 1466 et
100 1404 313 1486 subdiaconi,
344 1405 455 1469 Photii
488 1405 638 1491 pertibus
671 1406 817 1486 addicti,
851 1425 953 1491 quum
977 1408 1154 1470 veniama

48 1502 168 1583 synodo
199 1513 232 1566 et
255 1505 493 1588 poenitentiam
517 1504 707 1590 petiissent,
738 1516 772 1567 et
793 1503 903 1568 libello
928 1505 1033 1568 Roma
1055 1503 1153 1568 allato

46 1598 318 1686 subscripsissent,
350 1602 387 1664 in
409 1602 573 1684 integrum
605 1611 683 1664 sunt
705 1602 864 1682 restituti,
896 1603 953 1687 qui
977 1623 1056 1666 vero
1079 1602 1153 1666 sub·

47 1696 177 1762 scrihere
199 1697 377 1762 noluerunt
399 1720 419 1761 a
443 1697 577 1782 Synodo
602 1698 727 1763 exclusi
752 1709 839 1763 sunt.
870 1735 912 1746 -
945 1699 985 1763 In
1010 1698 1153 1764 Serrium

44 1797 146 1878 punto
158 1794 297 1860 Photins
314 1795 411 1880 jussu
427 1795 639 1882 Imperatoris
663 1818 772 1860 corum
790 1795 924 1880 Synodo
948 1799 1152 1878 constitutus,

47 1893 176 1958 eumad
200 1896 400 1978 interrogata
424 1893 508 1958 nihil
532 1915 664 1980 prorsus
688 1894 914 1980 responderet,
946 1905 978 1957 et
1000 1896 1152 1960 affectato

45 1989 164 2056 silentio
196 1992 353 2056 immotus
376 2003 540 2074 maneret,
576 2015 596 2056 a
620 1991 755 2076 Synodo
788 1992 944 2056 dimissus
974 2001 1022 2056 est
1054 2001 1087 2056 et
1109 1993 1153 2058 sd

44 2088 196 2172 mendam
211 2091 448 2174 poenitentiam
465 2091 650 2174 instigatus.
663 2127 706 2138 —-
725 2088 865 2154 Sessioni
880 2100 987 2154 sectae
1004 2090 1154 2155 interfuit

44 2185 176 2252 Basilius
199 2187 397 2272 Imperator,
422 2188 478 2272 qui
502 2210 561 2273 pro
585 2189 744 2252 concione
769 2187 882 2251 dicens
905 2186 1087 2252 Photianos
1109 2189 1152 2254 ad

45 2286 270 2364 poenitentiam
295 2285 487 2350 exhortatus
511 2295 569 2350 est,
615 2285 683 2350 Ubi
707 2284 841 2350 dicendi
865 2285 965 2350 finem
989 2286 1067 2351 fecit
1089 2286 1152 2351 Irn-

45 2391 174 2464 perator,
197 2375 417 2447 schismaticis
440 2393 565 2469 septem
589 2383 699 2448 adhuc
725 2383 853 2448 dierum
877 2383 1031 2448 induciae
1055 2384 1153 2450 datae

43 2490 118 2544 sunt
145 2515 182 2530 -
211 2481 251 2544 In
275 2479 419 2546 &reone
443 2483 578 2568 ceptione
600 2483 778 2546 intromissi
803 2491 880 2546 sunt
900 2481 1048 2564 Photins,
1073 2481 1151 2547 Gre-

40 2579 143 2658 gorius
157 2577 327 2660 Asbestas,
350 2589 384 2644 et
406 2578 463 2643 alii
485 2579 722 2644 Photiansrum
747 2581 890 2664 partium
914 2580 1071 2666 episcopi,
1095 2584 1151 2667 qui

43 2697 109 2739 enm
133 2675 243 2740 libello
258 2677 365 2741 Roma
381 2677 479 2742 misso
504 2676 710 2740 subscribere
726 2676 960 2761 Ignatiumque
974 2699 1151 2762 agnoscere

43 2771 175 2851 nollent,
206 2773 418 2838 anathemate
449 2776 595 2860 percussi
625 2785 711 2839 sunt.
739 2811 774 2824 -·
812 2773 849 2838 ln
873 2772 1017 2838 &seierus
1040 2787 1152 2840 octava

38 2870 168 2952 jubente
190 2872 405 2958 Imperatore,
429 2874 542 2937 omnia
564 2871 675 2936 Photii
698 2874 821 2958 scripta
844 2883 958 2936 contra
976 2871 1150 2937 Nicolaum

42 2968 225 3035 Pontificem
250 2981 283 3035 et
295 2971 464 3056 Ignatium
488 2973 522 3035 in
546 2973 657 3055 ignem
681 2981 758 3036 sunt
781 2971 941 3057 conjecta,
966 2981 998 3034 et
1018 2971 1151 3036 anathe-

41 3069 173 3132 matismi
197 3071 232 3132 in
248 3067 485 3133 Iconomachos
511 3079 543 3133 et
557 3068 714 3132 Photium
739 3069 875 3154 ejusque
899 3067 1041 3134 asseclas
1062 3092 1150 3155 repe·

41 3164 96 3228 titi.
109 3201 150 3214 --
166 3164 206 3229 In
223 3165 369 3230 &scium
390 3189 478 3230 uena
500 3165 590 3230 falsis
606 3166 755 3246 testibus,
780 3167 837 3250 qui
854 3174 968 3229 contra
984 3166 1151 3250 Ignatium

41 3263 218 3328 testimonia
251 3263 424 3346 dixerant,
460 3285 566 3348 poena
599 3265 759 3328 canonica
783 3273 831 3327 est
855 3263 1020 3348 injuncte,
1057 3265 1151 3350 cujus

41 3359 253 3426 moderandae
278 3371 472 3447 potestatem
496 3361 626 3446 Ignatio
650 3359 806 3444 Synodus
829 3360 917 3426 fecit.
933 3397 973 3410 --
994 3363 1151 3448 Denique

41 3455 72 3517 in
95 3457 234 3524 Susiom
257 3457 394 3538 decimu,
418 3458 647 3544 praesentibus
672 3458 793 3522 Basilio
818 3459 955 3543 ejusque
979 3459 1046 3524 filio
1068 3457 1151 3524 Con·

39 3557 190 3631 stantino‚
226 3557 305 3620 item
328 3556 445 3641 legatis
468 3556 634 3620 Ludovici
656 3556 686 3620 ll
711 3557 923 3640 Imperatoris
947 3557 1149 3631 Occidentis,

42 3649 159 3734 habits,
183 3655 260 3719 lecti
285 3665 318 3718 et
340 3655 525 3719 confirmati
549 3667 626 3718 sunt
648 3656 769 3739 viginti
794 3663 918 3740 septem
943 3677 1085 3720 canones
1110 3656 1151 3720 de

41 3747 100 3811 lide
118 3774 156 3815 ac
179 3751 356 3839 disciplina
378 3776 399 3816 a
423 3752 579 3816 Patribus
608 3751 742 3816 conditi.
790 3752 1002 3838 Promulgata
1025 3762 1074 3817 est
1096 3753 1149 3818 de·

41 3845 134 3912 finitio
167 3851 262 3933 fidei,
298 3853 332 3915 in
366 3873 432 3937 qua
460 3848 614 3914 erunibus
638 3849 829 3914 haeresibus
862 3873 947 3936 quae
980 3851 1150 3937 hucusque

40 3957 230 4012 emerserunt
253 3947 463 4012 anathemate
494 3949 675 4034 percussis,
707 3947 816 4012 Photii
842 3948 1011 4014 damnatio
1036 3950 1150 4013 confir-

42 4053 137 4124 matu,
158 4046 308 4132 lectaque
333 4045 544 4132 Imperatoris
567 4047 747 4129 gratiarum
773 4048 875 4128 actio,
900 4068 975 4111 cum
999 4046 1150 4111 adhorte-

41 4139 121 4204 tions
148 4145 343 4228 gravissima
373 4154 445 4208 tum
468 4143 512 4208 ad
536 4146 708 4229 episcopos
741 4157 810 4208 tum
835 4144 879 4208 ad
902 4143 1013 4208 laicos.
1060 4145 1149 4209 Dein

42 4247 109 4300 acts
137 4241 337 4326 singulorum
371 4242 669 4326 subscriptionibus
700 4243 844 4321 munita,
877 4242 1042 4328 totiusque
1067 4241 1149 4306 Oen·
