2952 4832
278 496 317 549 De
337 494 587 550 Praedecessorilms
607 495 632 548 S.
653 493 780 562 Gregorii
801 494 863 548 VII.
1098 495 1150 550 259

55 640 181 703 ordinum
204 651 237 702 et
260 637 496 701 beneficiorum
522 659 606 723 quae
630 639 672 701 iis
691 647 810 724 Juncta
834 647 940 718 erant,
976 640 1151 702 simoniam

56 738 280 800 committerent.
327 737 462 799 Etenim
486 760 510 800 s.
536 736 646 816 Anno,
681 737 733 798 vir
757 757 902 815 severus,
928 756 994 798 non
1019 758 1058 799 ea
1082 757 1151 820 per·

55 845 174 919 petresse
198 833 383 898 censendus
407 843 464 918 est,
497 855 583 918 qnae
607 835 677 917 ipse
703 842 739 895 ut
763 835 944 896 simoniaca
968 834 1153 898 considera·

55 934 105 997 bat.
145 934 212 996 Neo
256 933 290 995 id
323 935 466 1017 supponi
504 954 598 1018 posse
630 931 763 994 videtur
807 930 918 1016 quoad
949 931 1150 1014 Sigefridum

52 1032 317 1116 mclriepiscopum
335 1031 579 1114 llloguutinum.
628 1029 693 1092 Hic
717 1029 816 1103 eninr,
841 1029 896 1112 qui
923 1039 1020 1092 antea
1043 1029 1151 1092 fuerat

53 1129 212 1192 monachus
250 1141 282 1192 et
313 1127 418 1192 abbas
443 1127 630 1208 Fuldensis,
662 1135 732 1190 erat
755 1127 890 1212 quidem
914 1129 1017 1190 animi
1042 1129 1151 1190 incon·

51 1229 146 1289 stantis
176 1249 216 1290 ac
249 1225 424 1289 destitutus
459 1225 575 1290 robore
600 1224 729 1307 cordis,
764 1234 930 1287 caeterum
955 1227 1007 1287 vir
1029 1225 1151 1310 probus

51 1337 75 1384 ct
95 1324 202 1389 bonus.
244 1323 288 1386 m
312 1324 421 1409 quoad
447 1323 632 1409 complures
656 1324 828 1408 episcopos
852 1331 884 1385 et
908 1322 1043 1386 clericos
1067 1345 1151 1408 quae

50 1421 83 1484 ad
104 1423 272 1485 simoniam
297 1423 463 1506 portinent
488 1423 534 1484 ita
558 1444 591 1484 se
616 1419 773 1484 habuisse
799 1441 976 1484 censerem.
1023 1420 1150 1486 sedeo

52 1521 137 1598 inagis
159 1521 383 1583 necessarium
407 1531 485 1603 erat,
511 1529 547 1582 ut
562 1519 739 1582 Pontifices
763 1517 985 1602 providerent,
1011 1540 1052 1582 ne
1069 1519 1152 1604 ejus·

50 1616 122 1678 modi
145 1616 237 1680 labes
260 1619 448 1702 persisteret
471 1629 503 1681 et
525 1616 710 1681 Ecclesiam
734 1618 865 1701 penitus
890 1616 1095 1700 pervaderet.

122 1716 172 1779 49.
222 1715 332 1779 Etiam
366 1715 454 1801 quod
478 1715 521 1778 ad
547 1713 758 1800 disciplinam
783 1715 1000 1778 monasticam
1024 1717 1151 1794 attinet,

50 1813 193 1896 mitigatio
219 1813 353 1898 quidem
379 1811 575 1898 disciplinae
599 1812 796 1892 invaluerat,
821 1822 853 1874 et
876 1833 978 1897 quum
1003 1835 1045 1874 ex
1060 1813 1151 1876 farni-

48 1907 89 1972 liis
119 1910 277 1974 nobilium
310 1909 367 1973 lilii
413 1913 590 1996 postgeniti
631 1933 670 1974 ac
698 1909 786 1974 filiae
821 1913 942 1994 passim
974 1911 1016 1974 ad
1047 1913 1152 1975 vitam

48 2011 250 2073 monasticam
276 2009 533 2090 destinarentur,
568 2031 634 2072 uon
659 2009 738 2071 satis
762 2017 887 2071 attenta
911 2012 1085 2072 vocatione
1109 2010 1151 2072 ad

47 2105 194 2188 ejusmodi
220 2117 351 2188 statum,
376 2107 454 2170 indo
478 2108 575 2170 varia
599 2105 809 2170 incommoda
824 2128 1013 2192 provenere.
1046 2105 1151 2171 Gene-

47 2206 131 2268 ratim
156 2215 266 2268 tamen
291 2206 397 2290 pietas
421 2207 455 2268 in
471 2205 679 2268 monasteriis
695 2203 842 2288 florebat,
868 2204 982 2266 sodex
1000 2227 1151 2289 qnorum-

47 2299 109 2364 rlam
135 2301 337 2366 relaxatione
370 2301 464 2365 multi
489 2301 575 2366 rnala
599 2303 687 2364 fama
710 2301 981 2385 aspergebantur.
1030 2303 1150 2366 Rerum

46 2399 258 2464 conditionem
283 2403 362 2464 satis
387 2399 552 2463 illustrant
575 2423 659 2485 quae
684 2401 827 2482 ingenuo
852 2399 935 2482 stylo
953 2400 1150 2464 Lambertus

43 2495 78 2558 ad
100 2517 127 2561 a.
148 2497 227 2561 1071
255 2497 380 2562 scribit.
422 2497 516 2578 „Hoc
539 2519 626 2560 anno
645 2496 850 2560 Coloniensis
871 2497 1149 2583 archiepiscopus,

43 2594 178 2678 expulsis
191 2595 233 2658 de
250 2594 384 2660 Salelelt
408 2598 586 2678 canonicis,
613 2597 722 2676 uitam¹
741 2593 807 2658 illic
832 2596 973 2658 instituit
997 2598 1150 2660 monasti·

42 2711 117 2770 carn,
148 2694 254 2756 missis
278 2715 316 2756 eo
341 2693 382 2756 de
406 2694 566 2778 Sigeberg
597 2705 629 2756 et
654 2693 694 2756 do
718 2703 830 2756 sancto
854 2693 1055 2758 Pantaleone
1084 2717 1149 2758 mo-

40 2787 156 2853 nachis.
203 2789 278 2882 Quo
311 2793 516 2876 intempore
550 2801 581 2854 et
605 2813 664 2875 ego
698 2790 776 2854 illuc
800 2792 877 2854 veni
902 2791 1049 2854 conferre
1073 2815 1149 2855 cum

39 2887 80 2947 cis
107 2887 146 2950 dc
174 2887 289 2951 ordine
322 2899 355 2950 et
387 2887 564 2972 disciplina
589 2889 827 2952 monasterialis
859 2889 962 2970 vitae,
999 2912 1036 2952 eo
1061 2889 1149 2975 quod

39 3005 152 3067 magna
175 2984 339 3071 quaedam
364 2995 397 3050 et
420 2986 589 3071 praeclara
614 2987 654 3050 de
679 2986 743 3050 illis
768 2986 858 3070 vulgi
879 2989 1034 3072 opinione
1045 2989 1148 3072 jacta-

38 3095 152 3146 rentur.
188 3084 353 3170 Denique,
391 3085 476 3147 sicut
500 3083 599 3167 vulgo
624 3084 815 3148 assiduitate
840 3085 1003 3149 vilescunt
1027 3089 1148 3166 omnia,

36 3187 64 3239 et
75 3181 285 3264 popularium
309 3183 422 3262 animi,
449 3203 610 3245 novarum
634 3203 743 3246 rerum
765 3182 867 3263 avidi,
892 3185 996 3265 magis
1021 3206 1150 3269 semper

36 3287 160 3360 stupent
184 3277 228 3342 ad
251 3281 438 3364 incognita:
464 3301 523 3343 nos
547 3302 628 3366 quos
654 3303 714 3344 usu
739 3291 909 3362 noverant,
935 3281 1030 3345 nihili
1055 3284 1148 3345 aesti-

35 3373 173 3456 mabant,
212 3385 244 3438 et
268 3375 327 3440 hos
357 3379 435 3462 quia
459 3398 583 3440 novum
619 3380 878 3464 inusitatumque
907 3379 1034 3464 aliquid
1057 3402 1148 3464 prae-

34 3467 109 3534 lerre
136 3473 345 3555 videbantur,
371 3497 437 3538 non
462 3474 621 3556 homines
657 3476 714 3538 sed
739 3475 882 3558 angelos,
912 3497 977 3539 non
1003 3499 1147 3552 caruem,

33 3567 84 3630 scd
126 3573 279 3656 spiritum
315 3573 571 3636 arbitrabantur.
627 3574 671 3636 Et
703 3573 784 3636 haec
815 3575 925 3660 opinio
959 3577 1147 3660 principum

32 3685 124 3749 quam
158 3671 362 3754 privatorum
405 3670 571 3735 mentibus
601 3671 699 3735 altius
731 3674 938 3758 pressiusque
971 3673 1146 3739 insederat.

31 3763 57 3824 ,1
80 3767 202 3850 quibus
236 3769 279 3832 ad
315 3769 473 3854 populum
503 3769 671 3832 derivatus
703 3792 824 3851 rumor,
859 3779 984 3834 tantum
1016 3772 1148 3834 terroris

31 3859 189 3949 plerisque
215 3866 250 3928 in
274 3865 336 3929 hac
360 3868 494 3951 regione
520 3869 726 3931 monasteriis
751 3869 874 3953 injecit,
900 3878 937 3931 ut
959 3869 1000 3932 ad
1026 3871 1148 3951 ingres-

29 3962 263 4041 armillarum,
296 3961 377 4027 alias
401 3966 546 4047 triginta,
579 3961 660 4028 alias
685 3965 916 4050 quadraginta,
948 3967 1029 4030 alias
1053 3969 1146 4051 quin-

29 4061 187 4142 quaginta
221 4060 374 4125 monachi
407 4065 579 4126 anterioris
604 4065 692 4127 vitae
726 4075 815 4126 metu
847 4065 1071 4143 scandalizati,
1106 4064 1146 4128 de

28 4160 232 4222 monasteriis
256 4159 472 4223 abscederent
495 4162 662 4246 satiusque
688 4161 857 4243 ducerent,
884 4163 925 4226 de
949 4163 1053 4228 salute
1077 4166 1145 4228 ani-

28 4271 95 4315 mae
128 4256 162 4318 in
195 4254 325 4319 saeculo
358 4257 552 4342 periclitari,
597 4281 695 4344 quam
730 4283 829 4345 supra
860 4264 981 4325 virium
1013 4283 1146 4326 suarum

988 4369 1037 4421 17*
